Timestamp,Phase,Angle,Ping?
1595480449.0000513,78.41005307857722,0,0
1595480449.000066,360,0,1
1595480449.000066,0,0,0
1595480449.010207,0.7207374572753907,1.0890285149802392,0
1595480449.0202093,1.440908432006836,1.0890285149802392,0
1595480449.0301998,2.1602210998535156,1.0890285149802392,0
1595480449.0402098,2.880941390991211,1.0890285149802392,0
1595480449.0502048,3.600580215454102,1.0890285149802392,0
1595480449.0602145,4.321283340454102,1.0890285149802392,0
1595480449.0702014,5.040338516235352,1.0890285149802392,0
1595480449.0802064,5.760698318481445,1.0890285149802392,0
1595480449.0902057,6.480646133422852,1.0890285149802392,0
1595480449.100204,7.200525283813477,1.0890285149802392,0
1595480449.1101968,7.920009613037109,1.0890285149802392,0
1595480449.1202164,8.641416549682617,1.0890285149802392,0
1595480449.1302109,9.361021041870117,1.0890285149802392,0
1595480449.1402166,10.081432342529297,1.0890285149802392,0
1595480449.1502078,10.800796508789062,1.0890285149802392,0
1595480449.1602018,11.520366668701172,1.0890285149802392,0
1595480449.1702132,12.24118995666504,1.0890285149802392,0
1595480449.1802025,12.96041679382324,1.0890285149802392,0
1595480449.1902153,13.681343078613283,1.0890285149802392,0
1595480449.200215,14.401325225830078,1.0890285149802392,0
1595480449.2102013,15.120328903198242,1.0890285149802392,0
1595480449.2202039,15.840517044067383,1.0890285149802392,0
1595480449.2302139,16.561237335205078,1.0890285149802392,0
1595480449.2402065,17.280704498291016,1.0890285149802392,0
1595480449.2502017,18.0003604888916,1.0890285149802392,0
1595480449.2602007,18.720291137695312,1.0890285149802392,0
1595480449.2702153,19.44133758544922,1.0890285149802392,0
1595480449.2802055,20.160633087158203,1.0890285149802392,0
1595480449.290204,20.880529403686523,1.0890285149802392,0
1595480449.3002021,21.600391387939453,1.0890285149802392,0
1595480449.3102078,22.320802688598633,1.0890285149802392,0
1595480449.320198,23.040098190307614,1.0890285149802392,0
1595480449.3302133,23.76119613647461,1.0890285149802392,0
1595480449.3401968,24.480010986328125,1.0890285149802392,0
1595480449.3502152,25.201332092285156,1.0890285149802392,0
1595480449.3602052,25.920610427856445,1.0890285149802392,0
1595480449.3702083,26.640832901000977,1.0890285149802392,0
1595480449.3801982,27.36011123657227,1.0890285149802392,0
1595480449.390214,28.08124351501465,1.0890285149802392,0
1595480449.4002154,28.801345825195312,1.0890285149802392,0
1595480449.4102151,29.521327972412113,1.0890285149802392,0
1595480449.4202025,30.240417480468754,1.0890285149802392,0
1595480449.4302046,30.9605712890625,1.0890285149802392,0
1595480449.440212,31.681102752685543,1.0890285149802392,0
1595480449.450208,32.40081024169922,1.0890285149802392,0
1595480449.4602003,33.12026023864746,1.0890285149802392,0
1595480449.4702072,33.84075736999512,1.0890285149802392,0
1595480449.4801993,34.560190200805664,1.0890285149802392,0
1595480449.4902124,35.2811336517334,1.0890285149802392,0
1595480449.5002012,36.00032615661621,1.0890285149802392,0
1595480449.5102136,36.72121810913086,1.0890285149802392,0
1595480449.5202034,37.44047927856445,1.0890285149802392,0
1595480449.5302107,38.1610107421875,1.0890285149802392,0
1595480449.5401993,38.88018608093262,1.0890285149802392,0
1595480449.550208,39.600820541381836,1.0890285149802392,0
1595480449.5602071,40.32075119018555,1.0890285149802392,0
1595480449.5702043,41.040544509887695,1.0890285149802392,0
1595480449.5802062,41.76068115234375,1.0890285149802392,0
1595480449.5902011,42.48031997680664,1.0890285149802392,0
1595480449.600205,43.20059394836426,1.0890285149802392,0
1595480449.6102152,43.92133140563965,1.0890285149802392,0
1595480449.6202157,44.64136505126953,1.0890285149802392,0
1595480449.6302052,45.36060905456543,1.0890285149802392,0
1595480449.6402035,46.080488204956055,1.0890285149802392,0
1595480449.6502056,46.800642013549805,1.0890285149802392,0
1595480449.660199,47.52016067504883,1.0890285149802392,0
1595480449.6702027,48.24043464660645,1.0890285149802392,0
1595480449.6802032,48.960468292236335,1.0890285149802392,0
1595480449.6901975,49.68005561828613,1.0890285149802392,0
1595480449.7002058,50.400655746459954,1.0890285149802392,0
1595480449.7102153,51.12134170532227,1.0890285149802392,0
1595480449.7202058,51.840654373168945,1.0890285149802392,0
1595480449.73021,52.56096267700195,1.0890285149802392,0
1595480449.740208,53.28080749511719,1.0890285149802392,0
1595480449.7502143,54.00127029418945,1.0890285149802392,0
1595480449.7602122,54.72111511230468,1.0890285149802392,0
1595480449.7702034,55.44047927856445,1.0890285149802392,0
1595480449.780207,56.160736083984375,1.0890285149802392,0
1595480449.7902052,56.88061523437499,1.0890285149802392,0
1595480449.8001962,57.59996223449706,1.0890285149802392,0
1595480449.8102124,58.321128845214844,1.0890285149802392,0
1595480449.8202052,59.04061317443848,1.0890285149802392,0
1595480449.83021,59.760955810546875,1.0890285149802392,0
1595480449.8401997,60.48021697998047,1.0890285149802392,0
1595480449.8502066,61.200714111328125,1.0890285149802392,0
1595480449.860201,61.92030143737794,1.0890285149802392,0
1595480449.8702035,62.64048957824707,1.0890285149802392,0
1595480449.8802075,63.36078071594238,1.0890285149802392,0
1595480449.8902044,64.08055686950684,1.0890285149802392,0
1595480449.9002087,64.80086517333984,1.0890285149802392,0
1595480449.9101994,65.52019500732422,1.0890285149802392,0
1595480449.9201965,66.23998832702637,1.0890285149802392,0
1595480449.9301965,66.95998764038086,1.0890285149802392,0
1595480449.940196,67.67995262145996,1.0890285149802392,0
1595480449.9501996,68.40020942687988,1.0890285149802392,0
1595480449.9602003,69.12026023864746,1.0890285149802392,0
1595480449.970198,69.840087890625,1.0890285149802392,0
1595480449.980196,70.55994987487793,1.0890285149802392,0
1595480449.9901984,71.28012084960938,1.0890285149802392,0
1595480450.0001986,72.00013732910156,1.0890285149802392,0
1595480450.0102115,72.7210636138916,1.0890285149802392,0
1595480450.020207,73.44073677062988,1.0890285149802392,0
1595480450.0302105,74.1609935760498,1.0890285149802392,0
1595480450.0401976,74.88006591796875,1.0890285149802392,0
1595480450.0501983,75.60011672973633,1.0890285149802392,0
1595480450.0602138,76.32123184204102,1.0890285149802392,0
1595480450.0702114,77.04105949401855,1.0890285149802392,0
1595480450.0802114,77.76105880737305,1.0890285149802392,0
1595480450.0901995,78.48019981384277,1.0890285149802392,0
1595480450.1001976,79.2000617980957,1.0890285149802392,0
1595480450.110215,79.92131423950195,1.0890285149802392,0
1595480450.1202066,80.64071273803711,1.0890285149802392,0
1595480450.130211,81.36103820800781,1.0890285149802392,0
1595480450.1402059,82.08065986633301,1.0890285149802392,0
1595480450.1502068,82.80072784423828,1.0890285149802392,0
1595480450.160208,83.52081298828125,1.0890285149802392,0
1595480450.1701977,84.24007415771484,1.0890285149802392,0
1595480450.1802082,84.96082878112793,1.0890285149802392,0
1595480450.1902044,85.6805534362793,1.0890285149802392,0
1595480450.200202,86.40038108825684,1.0890285149802392,0
1595480450.2102141,87.12125587463379,1.0890285149802392,0
1595480450.220206,87.84067153930664,1.0890285149802392,0
1595480450.2302043,88.56055068969727,1.0890285149802392,0
1595480450.2402153,89.28133964538574,1.0890285149802392,0
1595480450.2502065,90.00070381164551,1.0890285149802392,0
1595480450.2602072,90.72075462341307,1.0890285149802392,0
1595480450.2702084,91.44083976745605,1.0890285149802392,0
1595480450.280197,92.16001510620117,1.0890285149802392,0
1595480450.290203,92.88046073913574,1.0890285149802392,0
1595480450.3002071,93.60075187683105,1.0890285149802392,0
1595480450.3102076,94.32078552246094,1.0890285149802392,0
1595480450.3202128,95.04116249084473,1.0890285149802392,0
1595480450.33021,95.76095581054688,1.0890285149802392,0
1595480450.3402038,96.48050880432127,1.0890285149802392,0
1595480450.3502004,97.20026779174805,1.0890285149802392,0
1595480450.3602097,97.92093658447267,1.0890285149802392,0
1595480450.3702123,98.64112472534178,1.0890285149802392,0
1595480450.3802056,99.3606433868408,1.0890285149802392,0
1595480450.390199,100.08016204833983,1.0890285149802392,0
1595480450.4002001,100.80024719238281,1.0890285149802392,0
1595480450.4102147,101.52129364013672,1.0890285149802392,0
1595480450.4202044,102.24055480957031,1.0890285149802392,0
1595480450.4302104,102.96098327636717,1.0890285149802392,0
1595480450.4402142,103.6812572479248,1.0890285149802392,0
1595480450.450203,104.4004497528076,1.0890285149802392,0
1595480450.4601963,105.11996841430663,1.0890285149802392,0
1595480450.4702134,105.84120368957518,1.0890285149802392,0
1595480450.4802024,106.5604133605957,1.0890285149802392,0
1595480450.4901993,107.28018951416016,1.0890285149802392,0
1595480450.5002003,108.00025749206543,1.0890285149802392,0
1595480450.5102093,108.72090911865233,1.0890285149802392,0
1595480450.5202117,109.44108009338379,1.0890285149802392,0
1595480450.530206,110.1606674194336,1.0890285149802392,0
1595480450.5402074,110.88076972961427,1.0890285149802392,0
1595480450.550208,111.60082054138184,1.0890285149802392,0
1595480450.560215,112.32131767272949,1.0890285149802392,0
1595480450.5702019,113.04037284851074,1.0890285149802392,0
1595480450.580196,113.75994300842284,1.0890285149802392,0
1595480450.5902,114.48023414611815,1.0890285149802392,0
1595480450.600204,115.20052528381346,1.0890285149802392,0
1595480450.610203,115.92045593261719,1.0890285149802392,0
1595480450.6201985,116.64012908935547,1.0890285149802392,0
1595480450.6302023,117.36040306091309,1.0890285149802392,0
1595480450.640203,118.08045387268066,1.0890285149802392,0
1595480450.6502128,118.80115699768066,1.0890285149802392,0
1595480450.6602075,119.52077865600586,1.0890285149802392,0
1595480450.6702077,120.24079513549805,1.0890285149802392,0
1595480450.6802046,120.9605712890625,1.0890285149802392,0
1595480450.6902058,121.68065643310545,1.0890285149802392,0
1595480450.7001987,122.4001407623291,1.0890285149802392,0
1595480450.7102134,123.1212043762207,1.0890285149802392,0
1595480450.720211,123.84103202819826,1.0890285149802392,0
1595480450.7301967,124.56000137329102,1.0890285149802392,0
1595480450.7402122,125.2811164855957,1.0890285149802392,0
1595480450.750195,125.99987983703613,1.0890285149802392,0
1595480450.7602081,126.72082328796388,1.0890285149802392,0
1595480450.7701983,127.44011878967285,1.0890285149802392,0
1595480450.7802045,128.16056442260742,1.0890285149802392,0
1595480450.7901976,128.88006591796875,1.0890285149802392,0
1595480450.8002007,129.60028839111328,1.0890285149802392,0
1595480450.8102117,130.32107734680176,1.0890285149802392,0
1595480450.820203,131.04045867919922,1.0890285149802392,0
1595480450.8301997,131.76021766662598,1.0890285149802392,0
1595480450.8402085,132.4808521270752,1.0890285149802392,0
1595480450.8502147,133.20129776000977,1.0890285149802392,0
1595480450.8601992,133.92018127441406,1.0890285149802392,0
1595480450.8702042,134.64054107666016,1.0890285149802392,0
1595480450.880214,135.36124420166016,1.0890285149802392,0
1595480450.8901951,136.07988739013672,1.0890285149802392,0
1595480450.9001977,136.80007553100586,1.0890285149802392,0
1595480450.9102125,137.52113914489746,1.0890285149802392,0
1595480450.9202063,138.24069213867188,1.0890285149802392,0
1595480450.9302056,138.96063995361328,1.0890285149802392,0
1595480450.940209,139.6808795928955,1.0890285149802392,0
1595480450.9502103,140.40098190307617,1.0890285149802392,0
1595480450.960195,141.11988258361816,1.0890285149802392,0
1595480450.9702,141.84024238586426,1.0890285149802392,0
1595480450.9802125,142.5611343383789,1.0890285149802392,0
1595480450.9902098,143.28094482421875,1.0890285149802392,0
1595480451.000197,144.0000171661377,1.0890285149802392,0
1595480451.0102122,144.7211151123047,1.0890285149802392,0
1595480451.0202138,145.44123458862305,1.0890285149802392,0
1595480451.0302138,146.16123390197754,1.0890285149802392,0
1595480451.0401998,146.880220413208,1.0890285149802392,0
1595480451.0502136,147.60121536254883,1.0890285149802392,0
1595480451.0602052,148.32061386108398,1.0890285149802392,0
1595480451.0701983,149.0401153564453,1.0890285149802392,0
1595480451.0802026,149.76042366027832,1.0890285149802392,0
1595480451.0902097,150.48093795776367,1.0890285149802392,0
1595480451.100208,151.2008171081543,1.0890285149802392,0
1595480451.1102004,151.92026710510254,1.0890285149802392,0
1595480451.1202114,152.64105606079102,1.0890285149802392,0
1595480451.130202,153.3603858947754,1.0890285149802392,0
1595480451.1401975,154.08005905151367,1.0890285149802392,0
1595480451.1502054,154.8006248474121,1.0890285149802392,0
1595480451.1601992,155.52017784118652,1.0890285149802392,0
1595480451.1701984,156.24012565612793,1.0890285149802392,0
1595480451.1802142,156.9612579345703,1.0890285149802392,0
1595480451.1902103,157.68098258972168,1.0890285149802392,0
1595480451.2002034,158.400484085083,1.0890285149802392,0
1595480451.210213,159.1211700439453,1.0890285149802392,0
1595480451.2202108,159.84101486206055,1.0890285149802392,0
1595480451.2301974,160.5600528717041,1.0890285149802392,0
1595480451.2401948,161.27986335754395,1.0890285149802392,0
1595480451.2501967,162.0,1.0890285149802392,0
1595480451.260205,162.72060012817383,1.0890285149802392,0
1595480451.2702076,163.44078826904297,1.0890285149802392,0
1595480451.2802105,164.1609935760498,1.0890285149802392,0
1595480451.2902021,164.88039207458496,1.0890285149802392,0
1595480451.3001978,165.60008239746094,1.0890285149802392,0
1595480451.310201,166.32030487060547,1.0890285149802392,0
1595480451.3201964,167.03997802734375,1.0890285149802392,0
1595480451.3302095,167.76092147827148,1.0890285149802392,0
1595480451.3401978,168.4800796508789,1.0890285149802392,0
1595480451.3502107,169.20100593566895,1.0890285149802392,0
1595480451.3602,169.92023277282715,1.0890285149802392,0
1595480451.3702016,170.6403522491455,1.0890285149802392,0
1595480451.3802068,171.3607292175293,1.0890285149802392,0
1595480451.3901944,172.07983589172363,1.0890285149802392,0
1595480451.4002013,172.8003330230713,1.0890285149802392,0
1595480451.410203,173.52045249938965,1.0890285149802392,0
1595480451.4201958,174.23993682861328,1.0890285149802392,0
1595480451.430211,174.96103477478027,1.0890285149802392,0
1595480451.4402044,175.6805534362793,1.0890285149802392,0
1595480451.4502115,176.40106773376465,1.0890285149802392,0
1595480451.4601955,177.11991691589355,1.0890285149802392,0
1595480451.4702106,177.84099769592285,1.0890285149802392,0
1595480451.4802127,178.5611515045166,1.0890285149802392,0
1595480451.4901958,179.27993202209473,1.0890285149802392,0
1595480451.5002131,180.00118446350095,1.0890285149802392,0
1595480451.5101972,180.72003364562988,1.0890285149802392,0
1595480451.5202093,181.4409084320068,1.0890285149802392,0
1595480451.5302055,182.16063308715823,1.0890285149802392,0
1595480451.5401976,182.88006591796878,1.0890285149802392,0
1595480451.5502102,183.6009750366211,1.0890285149802392,0
1595480451.5602045,184.32056236267093,1.0890285149802392,0
1595480451.5702012,185.04032135009766,1.0890285149802392,0
1595480451.5802143,185.7612648010254,1.0890285149802392,0
1595480451.5901985,186.480131149292,1.0890285149802392,0
1595480451.6002038,187.20050811767578,1.0890285149802392,0
1595480451.610206,187.92066192626953,1.0890285149802392,0
1595480451.6202,188.64023208618164,1.0890285149802392,0
1595480451.6301947,189.35985374450686,1.0890285149802392,0
1595480451.6402106,190.08100318908694,1.0890285149802392,0
1595480451.6501966,190.79998970031738,1.0890285149802392,0
1595480451.66021,191.52095031738278,1.0890285149802392,0
1595480451.6702082,192.24082946777344,1.0890285149802392,0
1595480451.6802018,192.96036529541018,1.0890285149802392,0
1595480451.690203,193.6804504394531,1.0890285149802392,0
1595480451.700198,194.40008926391604,1.0890285149802392,0
1595480451.7101953,195.11989974975586,1.0890285149802392,0
1595480451.7202046,195.84056854248047,1.0890285149802392,0
1595480451.7302096,196.56092834472653,1.0890285149802392,0
1595480451.7402072,197.2807559967041,1.0890285149802392,0
1595480451.75021,198.00096130371094,1.0890285149802392,0
1595480451.7602003,198.7202568054199,1.0890285149802392,0
1595480451.7702084,199.44083976745608,1.0890285149802392,0
1595480451.780211,200.1610279083252,1.0890285149802392,0
1595480451.79021,200.88095855712888,1.0890285149802392,0
1595480451.8001952,201.5998935699463,1.0890285149802392,0
1595480451.8102095,202.3209228515625,1.0890285149802392,0
1595480451.8202112,203.04104232788086,1.0890285149802392,0
1595480451.830199,203.7601661682129,1.0890285149802392,0
1595480451.8402095,204.48092079162598,1.0890285149802392,0
1595480451.8502114,205.20105743408203,1.0890285149802392,0
1595480451.8602045,205.92055892944336,1.0890285149802392,0
1595480451.870203,206.64045524597165,1.0890285149802392,0
1595480451.8802106,207.3610038757324,1.0890285149802392,0
1595480451.8902035,208.08048820495605,1.0890285149802392,0
1595480451.9001958,208.7999382019043,1.0890285149802392,0
1595480451.9102035,209.52048683166504,1.0890285149802392,0
1595480451.9201999,210.24022865295413,1.0890285149802392,0
1595480451.9301996,210.9602108001709,1.0890285149802392,0
1595480451.9401958,211.67993545532227,1.0890285149802392,0
1595480451.9501958,212.39993476867676,1.0890285149802392,0
1595480451.960207,213.12074089050293,1.0890285149802392,0
1595480451.9702027,213.8404312133789,1.0890285149802392,0
1595480451.9802065,214.56070518493652,1.0890285149802392,0
1595480451.9902039,215.28051567077634,1.0890285149802392,0
1595480452.0002058,216.00065231323242,1.0890285149802392,0
1595480452.010196,216.7199478149414,1.0890285149802392,0
1595480452.020201,217.44030761718753,1.0890285149802392,0
1595480452.0301976,218.16006660461426,1.0890285149802392,0
1595480452.0401938,218.87979125976562,1.0890285149802392,0
1595480452.0502093,219.6009063720703,1.0890285149802392,0
1595480452.0602064,220.3206996917725,1.0890285149802392,0
1595480452.0702019,221.04037284851074,1.0890285149802392,0
1595480452.0802069,221.7607326507568,1.0890285149802392,0
1595480452.0902107,222.48100662231445,1.0890285149802392,0
1595480452.1002116,223.20107460021973,1.0890285149802392,0
1595480452.1102028,223.92043876647952,1.0890285149802392,0
1595480452.1201947,224.63985443115234,1.0890285149802392,0
1595480452.1302123,225.3611240386963,1.0890285149802392,0
1595480452.1402097,226.0809345245361,1.0890285149802392,0
1595480452.150203,226.80045318603513,1.0890285149802392,0
1595480452.1602085,227.52084732055664,1.0890285149802392,0
1595480452.1702085,228.24084663391113,1.0890285149802392,0
1595480452.1802099,228.9609489440918,1.0890285149802392,0
1595480452.1901972,229.68003845214844,1.0890285149802392,0
1595480452.2001953,230.39990043640137,1.0890285149802392,0
1595480452.210212,231.12110137939453,1.0890285149802392,0
1595480452.2201967,231.8400020599365,1.0890285149802392,0
1595480452.230198,232.5600872039795,1.0890285149802392,0
1595480452.2401948,233.27986335754395,1.0890285149802392,0
1595480452.2502036,234.00049781799316,1.0890285149802392,0
1595480452.2602007,234.7202911376953,1.0890285149802392,0
1595480452.2701945,235.43984413146973,1.0890285149802392,0
1595480452.2801948,236.15986061096189,1.0890285149802392,0
1595480452.290206,236.88066673278806,1.0890285149802392,0
1595480452.3002052,237.60061454772946,1.0890285149802392,0
1595480452.310199,238.32016754150393,1.0890285149802392,0
1595480452.3201973,239.04004669189453,1.0890285149802392,0
1595480452.3301992,239.7601833343506,1.0890285149802392,0
1595480452.340209,240.4808864593506,1.0890285149802392,0
1595480452.350211,241.20102310180664,1.0890285149802392,0
1595480452.3601983,241.92011260986328,1.0890285149802392,0
1595480452.370194,242.63980293273926,1.0890285149802392,0
1595480452.3801987,243.36014556884768,1.0890285149802392,0
1595480452.3902044,244.08055686950684,1.0890285149802392,0
1595480452.4002085,244.80084800720215,1.0890285149802392,0
1595480452.410212,245.5211048126221,1.0890285149802392,0
1595480452.4202075,246.24077796936035,1.0890285149802392,0
1595480452.430195,246.95988464355472,1.0890285149802392,0
1595480452.440208,247.68081092834473,1.0890285149802392,0
1595480452.4502096,248.4009304046631,1.0890285149802392,0
1595480452.460211,249.12103271484375,1.0890285149802392,0
1595480452.4702015,249.84034538269043,1.0890285149802392,0
1595480452.4802053,250.56061935424802,1.0890285149802392,0
1595480452.4902093,251.28091049194333,1.0890285149802392,0
1595480452.5002007,252.00029182434085,1.0890285149802392,0
1595480452.5102115,252.72106361389157,1.0890285149802392,0
1595480452.5201952,253.43989562988278,1.0890285149802392,0
1595480452.5301938,254.15979194641116,1.0890285149802392,0
1595480452.540202,254.88037490844727,1.0890285149802392,0
1595480452.550207,255.60073471069336,1.0890285149802392,0
1595480452.5601964,256.31997871398926,1.0890285149802392,0
1595480452.5701978,257.0400810241699,1.0890285149802392,0
1595480452.5801992,257.7601833343506,1.0890285149802392,0
1595480452.5901976,258.4800624847412,1.0890285149802392,0
1595480452.6001968,259.2000102996826,1.0890285149802392,0
1595480452.6101983,259.9201126098633,1.0890285149802392,0
1595480452.6201954,260.63990592956543,1.0890285149802392,0
1595480452.630195,261.35987091064453,1.0890285149802392,0
1595480452.6401937,262.07978439331055,1.0890285149802392,0
1595480452.6502032,262.80047035217285,1.0890285149802392,0
1595480452.6602018,263.5203666687012,1.0890285149802392,0
1595480452.670211,264.2410354614258,1.0890285149802392,0
1595480452.6802087,264.9608631134033,1.0890285149802392,0
1595480452.6902115,265.68106842041016,1.0890285149802392,0
1595480452.7002122,266.40111923217773,1.0890285149802392,0
1595480452.7101955,267.11991691589355,1.0890285149802392,0
1595480452.7202117,267.8410835266113,1.0890285149802392,0
1595480452.7301953,268.55989837646484,1.0890285149802392,0
1595480452.7401955,269.27991485595703,1.0890285149802392,0
1595480452.7502005,270.0002746582031,1.0890285149802392,0
1595480452.760202,270.7203769683838,1.0890285149802392,0
1595480452.7702003,271.4402561187744,1.0890285149802392,0
1595480452.7801974,272.16004943847656,1.0890285149802392,0
1595480452.7902017,272.88035774230957,1.0890285149802392,0
1595480452.8001964,273.59997940063477,1.0890285149802392,0
1595480452.8102124,274.32112884521484,1.0890285149802392,0
1595480452.820201,275.04030418395996,1.0890285149802392,0
1595480452.8302028,275.760440826416,1.0890285149802392,0
1595480452.8402014,276.48033714294434,1.0890285149802392,0
1595480452.8502111,277.20104026794434,1.0890285149802392,0
1595480452.8602126,277.921142578125,1.0890285149802392,0
1595480452.8702056,278.6406440734863,1.0890285149802392,0
1595480452.8801992,279.36017990112305,1.0890285149802392,0
1595480452.8902047,280.08057403564453,1.0890285149802392,0
1595480452.9001994,280.8001956939697,1.0890285149802392,0
1595480452.910212,281.52110481262207,1.0890285149802392,0
1595480452.920212,282.24110412597656,1.0890285149802392,0
1595480452.9301977,282.96007347106934,1.0890285149802392,0
1595480452.940193,283.6797294616699,1.0890285149802392,0
1595480452.9502094,284.4009132385254,1.0890285149802392,0
1595480452.9602015,285.12034606933594,1.0890285149802392,0
1595480452.9702036,285.8404998779297,1.0890285149802392,0
1595480452.980212,286.5611000061035,1.0890285149802392,0
1595480452.9902027,287.2804298400879,1.0890285149802392,0
1595480453.0002115,288.0010643005371,1.0890285149802392,0
1595480453.0101995,288.72020530700684,1.0890285149802392,0
1595480453.02021,289.4409599304199,1.0890285149802392,0
1595480453.0302107,290.1610107421875,1.0890285149802392,0
1595480453.0402038,290.8805122375488,1.0890285149802392,0
1595480453.0502067,291.60071754455566,1.0890285149802392,0
1595480453.060198,292.3200988769531,1.0890285149802392,0
1595480453.0702026,293.0404243469238,1.0890285149802392,0
1595480453.080201,293.76030349731445,1.0890285149802392,0
1595480453.0902102,294.48097229003906,1.0890285149802392,0
1595480453.100199,295.2001647949219,1.0890285149802392,0
1595480453.1102006,295.92028427124023,1.0890285149802392,0
1595480453.1202002,296.64024925231934,1.0890285149802392,0
1595480453.130197,297.3600254058838,1.0890285149802392,0
1595480453.1402,298.0802307128906,1.0890285149802392,0
1595480453.150197,298.8000240325928,1.0890285149802392,0
1595480453.1602042,299.5205383300781,1.0890285149802392,0
1595480453.1701975,300.24005699157715,1.0890285149802392,0
1595480453.1801968,300.96000480651855,1.0890285149802392,0
1595480453.1902075,301.68077659606934,1.0890285149802392,0
1595480453.200197,302.40002059936523,1.0890285149802392,0
1595480453.2102084,303.1208438873291,1.0890285149802392,0
1595480453.2202063,303.84068870544434,1.0890285149802392,0
1595480453.230195,304.55988121032715,1.0890285149802392,0
1595480453.240208,305.2808074951172,1.0890285149802392,0
1595480453.250206,306.0006694793701,1.0890285149802392,0
1595480453.2601936,306.71977615356445,1.0890285149802392,0
1595480453.270206,307.4406681060791,1.0890285149802392,0
1595480453.2802067,308.1607189178467,1.0890285149802392,0
1595480453.2901998,308.880220413208,1.0890285149802392,0
1595480453.3002112,309.6010437011719,1.0890285149802392,0
1595480453.3102071,310.32075119018555,1.0890285149802392,0
1595480453.320195,311.0398750305176,1.0890285149802392,0
1595480453.3302033,311.7604751586914,1.0890285149802392,0
1595480453.340194,312.4798049926758,1.0890285149802392,0
1595480453.3502004,313.20026779174805,1.0890285149802392,0
1595480453.3601942,313.91982078552246,1.0890285149802392,0
1595480453.3702023,314.6404037475586,1.0890285149802392,0
1595480453.380201,315.3603172302246,1.0890285149802392,0
1595480453.3902097,316.08093452453613,1.0890285149802392,0
1595480453.4002073,316.8007621765137,1.0890285149802392,0
1595480453.4102092,317.5208988189697,1.0890285149802392,0
1595480453.4201965,318.23998832702637,1.0890285149802392,0
1595480453.4301946,318.9598503112793,1.0890285149802392,0
1595480453.4402115,319.68106842041016,1.0890285149802392,0
1595480453.4501996,320.4002094268799,1.0890285149802392,0
1595480453.460196,321.11995124816895,1.0890285149802392,0
1595480453.4701989,321.8401565551758,1.0890285149802392,0
1595480453.480204,322.56053352355957,1.0890285149802392,0
1595480453.4902022,323.2803955078125,1.0890285149802392,0
1595480453.5002122,324.0011157989502,1.0890285149802392,0
1595480453.5102007,324.7202911376953,1.0890285149802392,0
1595480453.5201962,325.4399642944336,1.0890285149802392,0
1595480453.5301986,326.16013526916504,1.0890285149802392,0
1595480453.5401952,326.8798942565918,1.0890285149802392,0
1595480453.5501964,327.59997940063477,1.0890285149802392,0
1595480453.560212,328.32109451293945,1.0890285149802392,0
1595480453.5702083,329.0408363342285,1.0890285149802392,0
1595480453.5801961,329.75996017456055,1.0890285149802392,0
1595480453.5902066,330.48071479797363,1.0890285149802392,0
1595480453.600204,331.2005252838135,1.0890285149802392,0
1595480453.610203,331.9204559326172,1.0890285149802392,0
1595480453.6202016,332.6403522491455,1.0890285149802392,0
1595480453.6302059,333.3606605529785,1.0890285149802392,0
1595480453.6401994,334.08019638061523,1.0890285149802392,0
1595480453.6502104,334.8009853363037,1.0890285149802392,0
1595480453.6601968,335.52000617980957,1.0890285149802392,0
1595480453.6702023,336.24040031433105,1.0890285149802392,0
1595480453.6802115,336.96106910705566,1.0890285149802392,0
1595480453.6901941,337.6798152923584,1.0890285149802392,0
1595480453.7002008,338.40029525756836,1.0890285149802392,0
1595480453.7101965,339.11998558044434,1.0890285149802392,0
1595480453.7202032,339.8404655456543,1.0890285149802392,0
1595480453.7301948,340.55986404418945,1.0890285149802392,0
1595480453.7402072,341.2807559967041,1.0890285149802392,0
1595480453.7502034,342.00048065185547,1.0890285149802392,0
1595480453.760194,342.71981048583984,1.0890285149802392,0
1595480453.7701983,343.44011878967285,1.0890285149802392,0
1595480453.7802012,344.1603240966797,1.0890285149802392,0
1595480453.7902017,344.88035774230957,1.0890285149802392,0
1595480453.8002043,345.6005458831787,1.0890285149802392,0
1595480453.8101995,346.3202018737793,1.0890285149802392,0
1595480453.8202102,347.0409736633301,1.0890285149802392,0
1595480453.8301942,347.759822845459,1.0890285149802392,0
1595480453.840196,348.47994232177734,1.0890285149802392,0
1595480453.8501992,349.20018196105957,1.0890285149802392,0
1595480453.8601933,349.9197521209717,1.0890285149802392,0
1595480453.8701973,350.640043258667,1.0890285149802392,0
1595480453.8802006,351.3602828979492,1.0890285149802392,0
1595480453.8902051,352.0806083679199,1.0890285149802392,0
1595480453.900207,352.800745010376,1.0890285149802392,0
1595480453.9101949,353.519868850708,1.0890285149802392,0
1595480453.9202116,354.2410697937012,1.0890285149802392,0
1595480453.93021,354.9609661102295,1.0890285149802392,0
1595480453.9402056,355.6806392669678,1.0890285149802392,0
1595480453.9501977,356.4000720977783,1.0890285149802392,0
1595480453.9602005,357.12027740478516,1.0890285149802392,0
1595480453.9702082,357.8408260345459,1.0890285149802392,0
1595480453.9801927,358.5597095489502,1.0890285149802392,0
1595480453.981282,358.6381416320801,1.0890285149802392,0
1595480453.981282,359.046699142456,1.0890285149802392,0
1595480453.9902053,359.6891761779785,1.0890285149802392,0
1595480453.994537,360,1.0890285149802392,1
1595480453.994537,0,1.0890285149802392,0
1595480454.0046427,0.7202053070068359,1.0947029248465723,0
1595480454.014659,1.4413719177246094,1.0947029248465723,0
1595480454.0246513,2.1608219146728516,1.0947029248465723,0
1595480454.034656,2.88116455078125,1.0947029248465723,0
1595480454.04464,3.600013732910156,1.0947029248465723,0
1595480454.054652,4.320871353149414,1.0947029248465723,0
1595480454.064646,5.040441513061523,1.0947029248465723,0
1595480454.0746436,5.7602691650390625,1.0947029248465723,0
1595480454.0846565,6.481195449829101,1.0947029248465723,0
1595480454.094642,7.20014762878418,1.0947029248465723,0
1595480454.1046524,7.920902252197266,1.0947029248465723,0
1595480454.1146595,8.641416549682617,1.0947029248465723,0
1595480454.1246595,9.36141586303711,1.0947029248465723,0
1595480454.1346514,10.080831527709961,1.0947029248465723,0
1595480454.1446397,10.799989700317383,1.0947029248465723,0
1595480454.154641,11.520074844360352,1.0947029248465723,0
1595480454.1646516,12.240846633911135,1.0947029248465723,0
1595480454.1746583,12.961326599121094,1.0947029248465723,0
1595480454.1846585,13.681343078613283,1.0947029248465723,0
1595480454.1946542,14.40103340148926,1.0947029248465723,0
1595480454.2046447,15.120346069335936,1.0947029248465723,0
1595480454.2146554,15.841117858886719,1.0947029248465723,0
1595480454.2246592,16.561391830444336,1.0947029248465723,0
1595480454.234656,17.28116798400879,1.0947029248465723,0
1595480454.2446406,18.000051498413086,1.0947029248465723,0
1595480454.2546465,18.72047996520996,1.0947029248465723,0
1595480454.2646494,19.440685272216797,1.0947029248465723,0
1595480454.2746496,20.160701751708984,1.0947029248465723,0
1595480454.2846458,20.88042640686035,1.0947029248465723,0
1595480454.2946575,21.601266860961914,1.0947029248465723,0
1595480454.3046515,22.320837020874023,1.0947029248465723,0
1595480454.3146498,23.04071617126465,1.0947029248465723,0
1595480454.3246515,23.760835647583008,1.0947029248465723,0
1595480454.3346422,24.48016548156738,1.0947029248465723,0
1595480454.3446412,25.200096130371097,1.0947029248465723,0
1595480454.3546522,25.92088508605957,1.0947029248465723,0
1595480454.3646476,26.64055824279785,1.0947029248465723,0
1595480454.3746533,27.360969543457035,1.0947029248465723,0
1595480454.3846476,28.080556869506836,1.0947029248465723,0
1595480454.3946426,28.800195693969723,1.0947029248465723,0
1595480454.4046588,29.5213623046875,1.0947029248465723,0
1595480454.4146512,30.240812301635742,1.0947029248465723,0
1595480454.4246435,30.960262298583984,1.0947029248465723,0
1595480454.4346437,31.680278778076172,1.0947029248465723,0
1595480454.4446573,32.4012565612793,1.0947029248465723,0
1595480454.4546487,33.12063789367676,1.0947029248465723,0
1595480454.4646544,33.84104919433594,1.0947029248465723,0
1595480454.4746406,34.5600528717041,1.0947029248465723,0
1595480454.484659,35.28137397766113,1.0947029248465723,0
1595480454.4946501,36.0007381439209,1.0947029248465723,0
1595480454.5046566,36.721200942993164,1.0947029248465723,0
1595480454.5146556,37.441131591796875,1.0947029248465723,0
1595480454.5246422,38.16016960144043,1.0947029248465723,0
1595480454.5346475,38.88054656982422,1.0947029248465723,0
1595480454.5446491,39.60066604614258,1.0947029248465723,0
1595480454.5546439,40.32028770446777,1.0947029248465723,0
1595480454.5646462,41.04045867919922,1.0947029248465723,0
1595480454.5746455,41.760406494140625,1.0947029248465723,0
1595480454.5846555,42.48112678527832,1.0947029248465723,0
1595480454.5946405,43.20004463195801,1.0947029248465723,0
1595480454.6046576,43.92127990722656,1.0947029248465723,0
1595480454.6146498,44.64071273803711,1.0947029248465723,0
1595480454.6246505,45.36076354980468,1.0947029248465723,0
1595480454.6346507,46.080780029296875,1.0947029248465723,0
1595480454.6446395,46.79997253417968,1.0947029248465723,0
1595480454.6546493,47.52067565917969,1.0947029248465723,0
1595480454.6646528,48.24093246459961,1.0947029248465723,0
1595480454.674655,48.96108627319336,1.0947029248465723,0
1595480454.6846514,49.68082809448242,1.0947029248465723,0
1595480454.694648,50.40058708190918,1.0947029248465723,0
1595480454.7046525,51.12091255187989,1.0947029248465723,0
1595480454.7146568,51.84122085571289,1.0947029248465723,0
1595480454.724656,52.5611686706543,1.0947029248465723,0
1595480454.734649,53.28065299987793,1.0947029248465723,0
1595480454.7446475,54.00054931640625,1.0947029248465723,0
1595480454.7546551,54.72109794616699,1.0947029248465723,0
1595480454.7646573,55.44125175476074,1.0947029248465723,0
1595480454.7746553,56.16111373901367,1.0947029248465723,0
1595480454.7846541,56.88102722167969,1.0947029248465723,0
1595480454.7946424,57.60018539428712,1.0947029248465723,0
1595480454.8046525,58.32090568542481,1.0947029248465723,0
1595480454.8146462,59.04045867919921,1.0947029248465723,0
1595480454.8246403,59.760028839111335,1.0947029248465723,0
1595480454.8346515,60.48083496093751,1.0947029248465723,0
1595480454.8446398,61.19999313354492,1.0947029248465723,0
1595480454.8546553,61.9211082458496,1.0947029248465723,0
1595480454.8646567,62.64121055603027,1.0947029248465723,0
1595480454.874655,63.36108970642089,1.0947029248465723,0
1595480454.8846478,64.08057403564453,1.0947029248465723,0
1595480454.8946497,64.80071067810059,1.0947029248465723,0
1595480454.9046445,65.52033233642578,1.0947029248465723,0
1595480454.9146402,66.24002265930176,1.0947029248465723,0
1595480454.9246585,66.96134376525879,1.0947029248465723,0
1595480454.9346542,67.68103408813477,1.0947029248465723,0
1595480454.9446495,68.40069007873535,1.0947029248465723,0
1595480454.9546552,69.12110137939453,1.0947029248465723,0
1595480454.964649,69.84065437316895,1.0947029248465723,0
1595480454.9746547,70.56106567382812,1.0947029248465723,0
1595480454.9846509,71.28079032897949,1.0947029248465723,0
1595480454.994653,72.00094413757324,1.0947029248465723,0
1595480455.0046585,72.72133827209473,1.0947029248465723,0
1595480455.0146534,73.44097709655762,1.0947029248465723,0
1595480455.0246572,74.16125106811523,1.0947029248465723,0
1595480455.034655,74.88109588623047,1.0947029248465723,0
1595480455.0446534,75.6009750366211,1.0947029248465723,0
1595480455.0546534,76.32097434997559,1.0947029248465723,0
1595480455.0646532,77.04095649719238,1.0947029248465723,0
1595480455.0746515,77.76083564758301,1.0947029248465723,0
1595480455.084651,78.48080062866211,1.0947029248465723,0
1595480455.0946536,79.20098876953125,1.0947029248465723,0
1595480455.1046553,79.92110824584961,1.0947029248465723,0
1595480455.1146467,80.64048957824707,1.0947029248465723,0
1595480455.124658,81.36131286621094,1.0947029248465723,0
1595480455.1346498,82.0807113647461,1.0947029248465723,0
1595480455.1446404,82.80004119873047,1.0947029248465723,0
1595480455.1546457,83.52041816711426,1.0947029248465723,0
1595480455.1646435,84.24026298522949,1.0947029248465723,0
1595480455.1746438,84.96027946472168,1.0947029248465723,0
1595480455.1846468,85.68050193786621,1.0947029248465723,0
1595480455.194654,86.40101623535156,1.0947029248465723,0
1595480455.2046535,87.12098121643066,1.0947029248465723,0
1595480455.2146583,87.84132385253906,1.0947029248465723,0
1595480455.2246447,88.56034469604492,1.0947029248465723,0
1595480455.2346442,89.28030967712402,1.0947029248465723,0
1595480455.2446415,90.00012016296385,1.0947029248465723,0
1595480455.2546442,90.72030830383301,1.0947029248465723,0
1595480455.2646446,91.44034194946289,1.0947029248465723,0
1595480455.2746496,92.16070175170898,1.0947029248465723,0
1595480455.2846544,92.8810443878174,1.0947029248465723,0
1595480455.2946541,93.60102653503418,1.0947029248465723,0
1595480455.3046536,94.32099151611328,1.0947029248465723,0
1595480455.3146417,95.04013252258301,1.0947029248465723,0
1595480455.3246531,95.76095581054688,1.0947029248465723,0
1595480455.3346553,96.48110961914061,1.0947029248465723,0
1595480455.3446581,97.20131492614745,1.0947029248465723,0
1595480455.3546584,97.92133140563965,1.0947029248465723,0
1595480455.3646426,98.64019775390626,1.0947029248465723,0
1595480455.3746517,99.36084938049316,1.0947029248465723,0
1595480455.384654,100.0810203552246,1.0947029248465723,0
1595480455.39464,100.80000686645508,1.0947029248465723,0
1595480455.4046407,101.52005767822264,1.0947029248465723,0
1595480455.4146423,102.240177154541,1.0947029248465723,0
1595480455.4246519,102.96086311340332,1.0947029248465723,0
1595480455.434654,103.68101692199706,1.0947029248465723,0
1595480455.4446478,104.40056991577148,1.0947029248465723,0
1595480455.4546502,105.12074089050292,1.0947029248465723,0
1595480455.4646573,105.84125518798828,1.0947029248465723,0
1595480455.474645,106.56036186218262,1.0947029248465723,0
1595480455.484649,107.28065299987793,1.0947029248465723,0
1595480455.4946542,108.00102996826172,1.0947029248465723,0
1595480455.504651,108.72080612182617,1.0947029248465723,0
1595480455.5146434,109.4402561187744,1.0947029248465723,0
1595480455.5246475,110.16054725646971,1.0947029248465723,0
1595480455.5346422,110.88016891479494,1.0947029248465723,0
1595480455.544656,111.60116386413574,1.0947029248465723,0
1595480455.5546405,112.32004737854002,1.0947029248465723,0
1595480455.5646405,113.04004669189453,1.0947029248465723,0
1595480455.5746462,113.7604579925537,1.0947029248465723,0
1595480455.5846484,114.48061180114746,1.0947029248465723,0
1595480455.594656,115.2011604309082,1.0947029248465723,0
1595480455.6046414,115.92011260986328,1.0947029248465723,0
1595480455.6146498,116.64071273803711,1.0947029248465723,0
1595480455.624654,117.36102104187012,1.0947029248465723,0
1595480455.634658,118.08131217956543,1.0947029248465723,0
1595480455.644641,118.80007553100586,1.0947029248465723,0
1595480455.6546488,119.52064132690428,1.0947029248465723,0
1595480455.6646476,120.24055480957031,1.0947029248465723,0
1595480455.674649,120.96065711975098,1.0947029248465723,0
1595480455.684641,121.68007278442384,1.0947029248465723,0
1595480455.6946473,122.40053558349611,1.0947029248465723,0
1595480455.7046537,123.12099838256837,1.0947029248465723,0
1595480455.7146542,123.84103202819826,1.0947029248465723,0
1595480455.7246428,124.56020736694337,1.0947029248465723,0
1595480455.7346408,125.2800693511963,1.0947029248465723,0
1595480455.744654,126.00101280212402,1.0947029248465723,0
1595480455.7546434,126.72025680541992,1.0947029248465723,0
1595480455.7646499,127.44071960449219,1.0947029248465723,0
1595480455.7746403,128.16003227233887,1.0947029248465723,0
1595480455.7846437,128.8802719116211,1.0947029248465723,0
1595480455.7946506,129.60076904296875,1.0947029248465723,0
1595480455.8046563,130.32118034362793,1.0947029248465723,0
1595480455.8146446,131.04033851623535,1.0947029248465723,0
1595480455.8246386,131.75990867614746,1.0947029248465723,0
1595480455.8346434,132.48025131225586,1.0947029248465723,0
1595480455.8446562,133.2011775970459,1.0947029248465723,0
1595480455.8546462,133.9204559326172,1.0947029248465723,0
1595480455.8646562,134.64117622375488,1.0947029248465723,0
1595480455.874652,135.36086654663086,1.0947029248465723,0
1595480455.8846474,136.08053970336914,1.0947029248465723,0
1595480455.8946562,136.80117416381836,1.0947029248465723,0
1595480455.9046557,137.52113914489746,1.0947029248465723,0
1595480455.9146516,138.24084663391113,1.0947029248465723,0
1595480455.9246438,138.96027946472168,1.0947029248465723,0
1595480455.9346404,139.68003845214844,1.0947029248465723,0
1595480455.9446528,140.4009304046631,1.0947029248465723,0
1595480455.954655,141.12108421325684,1.0947029248465723,0
1595480455.9646447,141.84034538269043,1.0947029248465723,0
1595480455.9746413,142.5601043701172,1.0947029248465723,0
1595480455.984651,143.2808074951172,1.0947029248465723,0
1595480455.9946537,144.00099563598633,1.0947029248465723,0
1595480456.004644,144.7202911376953,1.0947029248465723,0
1595480456.0146408,145.44006729125977,1.0947029248465723,0
1595480456.0246396,146.15998077392578,1.0947029248465723,0
1595480456.0346396,146.87998008728027,1.0947029248465723,0
1595480456.0446444,147.60032272338867,1.0947029248465723,0
1595480456.0546424,148.3201847076416,1.0947029248465723,0
1595480456.0646472,149.04052734375,1.0947029248465723,0
1595480456.0746477,149.76056098937988,1.0947029248465723,0
1595480456.0846474,150.48054313659668,1.0947029248465723,0
1595480456.0946448,151.20035362243652,1.0947029248465723,0
1595480456.1046531,151.92095375061035,1.0947029248465723,0
1595480456.1146483,152.64060974121094,1.0947029248465723,0
1595480456.1246514,153.36083221435547,1.0947029248465723,0
1595480456.1346405,154.08004188537598,1.0947029248465723,0
1595480456.144654,154.8010196685791,1.0947029248465723,0
1595480456.1546412,155.52009201049805,1.0947029248465723,0
1595480456.1646433,156.2402458190918,1.0947029248465723,0
1595480456.174644,156.96029663085938,1.0947029248465723,0
1595480456.1846402,157.68002128601074,1.0947029248465723,0
1595480456.1946495,158.40069007873535,1.0947029248465723,0
1595480456.2046447,159.12034606933594,1.0947029248465723,0
1595480456.2146435,159.84025955200195,1.0947029248465723,0
1595480456.224645,160.56036186218262,1.0947029248465723,0
1595480456.23465,161.2807216644287,1.0947029248465723,0
1595480456.244651,162.00080680847168,1.0947029248465723,0
1595480456.2546496,162.720703125,1.0947029248465723,0
1595480456.2646523,163.44089126586914,1.0947029248465723,0
1595480456.2746418,164.16013526916504,1.0947029248465723,0
1595480456.2846432,164.8802375793457,1.0947029248465723,0
1595480456.294654,165.60100936889648,1.0947029248465723,0
1595480456.3046436,166.32027053833008,1.0947029248465723,0
1595480456.31464,167.04001235961914,1.0947029248465723,0
1595480456.324643,167.76021766662598,1.0947029248465723,0
1595480456.3346398,168.47999382019043,1.0947029248465723,0
1595480456.3446403,169.2000274658203,1.0947029248465723,0
1595480456.3546488,169.92064476013184,1.0947029248465723,0
1595480456.3646505,170.6407642364502,1.0947029248465723,0
1595480456.3746476,171.36055755615234,1.0947029248465723,0
1595480456.3846524,172.08090019226074,1.0947029248465723,0
1595480456.3946538,172.8010025024414,1.0947029248465723,0
1595480456.404657,173.52122497558594,1.0947029248465723,0
1595480456.4146512,174.24081230163574,1.0947029248465723,0
1595480456.424655,174.96108627319336,1.0947029248465723,0
1595480456.4346416,175.6801242828369,1.0947029248465723,0
1595480456.4446504,176.40075874328613,1.0947029248465723,0
1595480456.4546428,177.12020874023438,1.0947029248465723,0
1595480456.4646478,177.84056854248047,1.0947029248465723,0
1595480456.4746475,178.56055068969727,1.0947029248465723,0
1595480456.4846458,179.2804298400879,1.0947029248465723,0
1595480456.4946504,180.00075531005857,1.0947029248465723,0
1595480456.5046513,180.7208232879639,1.0947029248465723,0
1595480456.5146432,181.44023895263672,1.0947029248465723,0
1595480456.524645,182.1603755950928,1.0947029248465723,0
1595480456.534655,182.8810958862305,1.0947029248465723,0
1595480456.5446498,183.60071754455566,1.0947029248465723,0
1595480456.5546575,184.3212661743164,1.0947029248465723,0
1595480456.5646446,185.04033851623538,1.0947029248465723,0
1595480456.574641,185.76008033752439,1.0947029248465723,0
1595480456.584641,186.4800796508789,1.0947029248465723,0
1595480456.594638,187.19987297058105,1.0947029248465723,0
1595480456.6046493,187.92067909240723,1.0947029248465723,0
1595480456.6146426,188.64019775390625,1.0947029248465723,0
1595480456.624646,189.36043739318848,1.0947029248465723,0
1595480456.634651,190.08079719543454,1.0947029248465723,0
1595480456.6446397,190.79998970031738,1.0947029248465723,0
1595480456.6546488,191.52064132690433,1.0947029248465723,0
1595480456.6646483,192.2406063079834,1.0947029248465723,0
1595480456.6746488,192.96063995361328,1.0947029248465723,0
1595480456.68465,193.68072509765625,1.0947029248465723,0
1595480456.6946483,194.4006042480469,1.0947029248465723,0
1595480456.7046416,195.12012290954593,1.0947029248465723,0
1595480456.7146523,195.84089469909665,1.0947029248465723,0
1595480456.7246482,196.56060218811035,1.0947029248465723,0
1595480456.7346547,197.28106498718262,1.0947029248465723,0
1595480456.7446473,198.00053215026855,1.0947029248465723,0
1595480456.7546525,198.72090911865234,1.0947029248465723,0
1595480456.7646384,199.43989562988284,1.0947029248465723,0
1595480456.7746477,200.16056442260742,1.0947029248465723,0
1595480456.7846448,200.88035774230954,1.0947029248465723,0
1595480456.7946448,201.60035705566406,1.0947029248465723,0
1595480456.804654,202.32100868225098,1.0947029248465723,0
1595480456.8146567,203.0412139892578,1.0947029248465723,0
1595480456.824653,203.76093864440918,1.0947029248465723,0
1595480456.8346524,204.4809036254883,1.0947029248465723,0
1595480456.8446515,205.200834274292,1.0947029248465723,0
1595480456.8546536,205.92098808288574,1.0947029248465723,0
1595480456.864651,206.64079856872556,1.0947029248465723,0
1595480456.8746552,207.3611068725586,1.0947029248465723,0
1595480456.8846433,208.08024787902832,1.0947029248465723,0
1595480456.8946426,208.80019569396973,1.0947029248465723,0
1595480456.904644,209.5202980041504,1.0947029248465723,0
1595480456.9146533,210.24096679687497,1.0947029248465723,0
1595480456.924648,210.9605884552002,1.0947029248465723,0
1595480456.9346516,211.68084526062012,1.0947029248465723,0
1595480456.9446402,212.40002059936523,1.0947029248465723,0
1595480456.9546382,213.11988258361816,1.0947029248465723,0
1595480456.964646,213.84044837951657,1.0947029248465723,0
1595480456.9746544,214.56104850769043,1.0947029248465723,0
1595480456.984643,215.28022384643555,1.0947029248465723,0
1595480456.9946375,215.99982833862305,1.0947029248465723,0
1595480457.0046391,216.7199478149414,1.0947029248465723,0
1595480457.0146492,217.4406681060791,1.0947029248465723,0
1595480457.0246391,218.1599464416504,1.0947029248465723,0
1595480457.0346496,218.88070106506348,1.0947029248465723,0
1595480457.0446439,219.60028839111325,1.0947029248465723,0
1595480457.0546467,220.3204936981201,1.0947029248465723,0
1595480457.0646381,221.0398750305176,1.0947029248465723,0
1595480457.0746548,221.7610759735107,1.0947029248465723,0
1595480457.084657,222.48122978210452,1.0947029248465723,0
1595480457.094643,223.20023345947268,1.0947029248465723,0
1595480457.10464,223.92000961303714,1.0947029248465723,0
1595480457.1146533,224.64097023010254,1.0947029248465723,0
1595480457.1246457,225.3604202270508,1.0947029248465723,0
1595480457.1346416,226.08012771606445,1.0947029248465723,0
1595480457.1446474,226.8005390167236,1.0947029248465723,0
1595480457.1546495,227.5206928253174,1.0947029248465723,0
1595480457.1646504,228.24076080322266,1.0947029248465723,0
1595480457.1746562,228.96117210388184,1.0947029248465723,0
1595480457.184651,229.68079376220706,1.0947029248465723,0
1595480457.194651,230.4007930755615,1.0947029248465723,0
1595480457.204641,231.12008857727054,1.0947029248465723,0
1595480457.214651,231.84080886840823,1.0947029248465723,0
1595480457.2246432,232.56024169921878,1.0947029248465723,0
1595480457.234639,233.27993202209475,1.0947029248465723,0
1595480457.2446563,234.00118446350098,1.0947029248465723,0
1595480457.2546468,234.72049713134766,1.0947029248465723,0
1595480457.264656,235.44116592407227,1.0947029248465723,0
1595480457.2746553,236.16111373901367,1.0947029248465723,0
1595480457.2846432,236.88023757934567,1.0947029248465723,0
1595480457.2946475,237.6005458831787,1.0947029248465723,0
1595480457.3046386,238.3199100494385,1.0947029248465723,0
1595480457.3146443,239.04032135009766,1.0947029248465723,0
1595480457.3246439,239.76028633117673,1.0947029248465723,0
1595480457.334651,240.4808006286621,1.0947029248465723,0
1595480457.3446555,241.20112609863278,1.0947029248465723,0
1595480457.354639,241.91994094848633,1.0947029248465723,0
1595480457.3646479,242.64057540893555,1.0947029248465723,0
1595480457.3746402,243.36002540588376,1.0947029248465723,0
1595480457.384641,244.08007621765137,1.0947029248465723,0
1595480457.3946471,244.8005218505859,1.0947029248465723,0
1595480457.4046535,245.52098464965817,1.0947029248465723,0
1595480457.4146438,246.24028015136722,1.0947029248465723,0
1595480457.4246376,246.9598331451416,1.0947029248465723,0
1595480457.4346447,247.68034744262698,1.0947029248465723,0
1595480457.4446504,248.40075874328613,1.0947029248465723,0
1595480457.454637,249.1197967529297,1.0947029248465723,0
1595480457.4646416,249.8401222229004,1.0947029248465723,0
1595480457.474638,250.55986404418945,1.0947029248465723,0
1595480457.4846425,251.28018951416016,1.0947029248465723,0
1595480457.49465,252.00072097778323,1.0947029248465723,0
1595480457.504647,252.72051429748535,1.0947029248465723,0
1595480457.5146432,253.4402389526367,1.0947029248465723,0
1595480457.5246537,254.16099357604983,1.0947029248465723,0
1595480457.5346434,254.88025474548343,1.0947029248465723,0
1595480457.5446413,255.60009956359863,1.0947029248465723,0
1595480457.55465,256.32073402404785,1.0947029248465723,0
1595480457.5646377,257.0398406982422,1.0947029248465723,0
1595480457.5746546,257.76105880737305,1.0947029248465723,0
1595480457.5846374,258.4798221588135,1.0947029248465723,0
1595480457.5946412,259.2000961303711,1.0947029248465723,0
1595480457.604637,259.91978645324707,1.0947029248465723,0
1595480457.6146522,260.64088439941406,1.0947029248465723,0
1595480457.624646,261.3604373931885,1.0947029248465723,0
1595480457.6346552,262.0811061859131,1.0947029248465723,0
1595480457.6446369,262.79978370666504,1.0947029248465723,0
1595480457.6546512,263.52081298828125,1.0947029248465723,0
1595480457.6646433,264.2402458190918,1.0947029248465723,0
1595480457.674643,264.9602279663086,1.0947029248465723,0
1595480457.6846385,265.6799011230469,1.0947029248465723,0
1595480457.6946392,266.39995193481445,1.0947029248465723,0
1595480457.704651,267.1208095550537,1.0947029248465723,0
1595480457.7146447,267.84034538269043,1.0947029248465723,0
1595480457.724651,268.5608081817627,1.0947029248465723,0
1595480457.7346423,269.28017234802246,1.0947029248465723,0
1595480457.744648,270.00058364868164,1.0947029248465723,0
1595480457.7546427,270.72020530700684,1.0947029248465723,0
1595480457.7646422,271.44017028808594,1.0947029248465723,0
1595480457.7746408,272.16006660461426,1.0947029248465723,0
1595480457.7846382,272.8798770904541,1.0947029248465723,0
1595480457.7946393,273.59996223449707,1.0947029248465723,0
1595480457.804642,274.3201503753662,1.0947029248465723,0
1595480457.814643,275.0402183532715,1.0947029248465723,0
1595480457.824643,275.760217666626,1.0947029248465723,0
1595480457.8346548,276.48107528686523,1.0947029248465723,0
1595480457.8446457,277.2004222869873,1.0947029248465723,0
1595480457.8546467,277.9204902648926,1.0947029248465723,0
1595480457.864638,278.63987159729004,1.0947029248465723,0
1595480457.8746371,279.35980224609375,1.0947029248465723,0
1595480457.8846517,280.08084869384766,1.0947029248465723,0
1595480457.894642,280.80016136169434,1.0947029248465723,0
1595480457.9046478,281.5205726623535,1.0947029248465723,0
1595480457.9146492,282.2406749725342,1.0947029248465723,0
1595480457.9246485,282.9606227874756,1.0947029248465723,0
1595480457.9346502,283.68074226379395,1.0947029248465723,0
1595480457.9446447,284.40034675598145,1.0947029248465723,0
1595480457.954651,285.1208095550537,1.0947029248465723,0
1595480457.9646466,285.840482711792,1.0947029248465723,0
1595480457.9746473,286.56053352355957,1.0947029248465723,0
1595480457.9846373,287.27981185913086,1.0947029248465723,0
1595480457.9946377,287.99984550476074,1.0947029248465723,0
1595480458.004653,288.72094345092773,1.0947029248465723,0
1595480458.0146408,289.44006729125977,1.0947029248465723,0
1595480458.0246396,290.1599807739258,1.0947029248465723,0
1595480458.034645,290.88037490844727,1.0947029248465723,0
1595480458.0446384,291.5998935699463,1.0947029248465723,0
1595480458.0546484,292.320613861084,1.0947029248465723,0
1595480458.0646555,293.04112815856934,1.0947029248465723,0
1595480458.0746534,293.76097297668457,1.0947029248465723,0
1595480458.0846484,294.48061180114746,1.0947029248465723,0
1595480458.0946395,295.1999759674072,1.0947029248465723,0
1595480458.1046424,295.92018127441406,1.0947029248465723,0
1595480458.1146371,296.63980293273926,1.0947029248465723,0
1595480458.1246414,297.36011123657227,1.0947029248465723,0
1595480458.1346405,298.080041885376,1.0947029248465723,0
1595480458.1446521,298.80088233947754,1.0947029248465723,0
1595480458.1546469,299.52050399780273,1.0947029248465723,0
1595480458.1646478,300.240571975708,1.0947029248465723,0
1595480458.174636,300.95971298217773,1.0947029248465723,0
1595480458.1846464,301.6804676055908,1.0947029248465723,0
1595480458.1946504,302.40075874328613,1.0947029248465723,0
1595480458.2046418,303.1201400756836,1.0947029248465723,0
1595480458.2146442,303.84031105041504,1.0947029248465723,0
1595480458.2246504,304.5607566833496,1.0947029248465723,0
1595480458.2346423,305.28017234802246,1.0947029248465723,0
1595480458.24465,306.0007209777832,1.0947029248465723,0
1595480458.2546446,306.7203426361084,1.0947029248465723,0
1595480458.264648,307.4405822753906,1.0947029248465723,0
1595480458.2746506,308.16077041625977,1.0947029248465723,0
1595480458.284652,308.88087272644043,1.0947029248465723,0
1595480458.2946496,309.60070037841797,1.0947029248465723,0
1595480458.3046463,310.3204593658447,1.0947029248465723,0
1595480458.3146448,311.04035568237305,1.0947029248465723,0
1595480458.3246536,311.76099014282227,1.0947029248465723,0
1595480458.334642,312.4801483154297,1.0947029248465723,0
1595480458.344644,313.20030212402344,1.0947029248465723,0
1595480458.3546362,313.919734954834,1.0947029248465723,0
1595480458.3646438,314.6402835845947,1.0947029248465723,0
1595480458.3746555,315.3611240386963,1.0947029248465723,0
1595480458.3846495,316.0806941986084,1.0947029248465723,0
1595480458.3946426,316.8001956939697,1.0947029248465723,0
1595480458.404645,317.5203666687012,1.0947029248465723,0
1595480458.414647,318.2405204772949,1.0947029248465723,0
1595480458.4246378,318.9598503112793,1.0947029248465723,0
1595480458.4346423,319.68017578125,1.0947029248465723,0
1595480458.444641,320.400089263916,1.0947029248465723,0
1595480458.4546545,321.12104988098145,1.0947029248465723,0
1595480458.464637,321.8397960662842,1.0947029248465723,0
1595480458.47465,322.5607223510742,1.0947029248465723,0
1595480458.4846478,323.28056716918945,1.0947029248465723,0
1595480458.4946525,324.00090980529785,1.0947029248465723,0
1595480458.5046546,324.7210636138916,1.0947029248465723,0
1595480458.5146546,325.4410629272461,1.0947029248465723,0
1595480458.5246553,326.1611137390137,1.0947029248465723,0
1595480458.5346513,326.88082122802734,1.0947029248465723,0
1595480458.544642,327.6001510620117,1.0947029248465723,0
1595480458.5546482,328.3205966949463,1.0947029248465723,0
1595480458.5646527,329.040922164917,1.0947029248465723,0
1595480458.5746455,329.7604064941406,1.0947029248465723,0
1595480458.5846431,330.48023414611816,1.0947029248465723,0
1595480458.594636,331.1997184753418,1.0947029248465723,0
1595480458.6046505,331.9207649230957,1.0947029248465723,0
1595480458.6146376,332.63983726501465,1.0947029248465723,0
1595480458.624639,333.3599395751953,1.0947029248465723,0
1595480458.6346402,334.0800247192383,1.0947029248465723,0
1595480458.644646,334.80043601989746,1.0947029248465723,0
1595480458.6546366,335.51976585388184,1.0947029248465723,0
1595480458.664652,336.2408809661865,1.0947029248465723,0
1595480458.6746473,336.9605369567871,1.0947029248465723,0
1595480458.6846354,337.67967796325684,1.0947029248465723,0
1595480458.6946461,338.4004497528076,1.0947029248465723,0
1595480458.7046416,339.1201229095459,1.0947029248465723,0
1595480458.7146528,339.84092903137207,1.0947029248465723,0
1595480458.7246463,340.5604648590088,1.0947029248465723,0
1595480458.7346368,341.27977752685547,1.0947029248465723,0
1595480458.7446463,342.0004634857178,1.0947029248465723,0
1595480458.7546384,342.7198963165283,1.0947029248465723,0
1595480458.7646499,343.4407196044922,1.0947029248465723,0
1595480458.7746487,344.1606330871582,1.0947029248465723,0
1595480458.7846458,344.88042640686035,1.0947029248465723,0
1595480458.794638,345.5998592376709,1.0947029248465723,0
1595480458.804655,346.32109451293945,1.0947029248465723,0
1595480458.814643,347.0402183532715,1.0947029248465723,0
1595480458.8246474,347.7605438232422,1.0947029248465723,0
1595480458.8346393,348.47995948791504,1.0947029248465723,0
1595480458.8446536,349.20098876953125,1.0947029248465723,0
1595480458.8546462,349.9204559326172,1.0947029248465723,0
1595480458.864645,350.6403694152832,1.0947029248465723,0
1595480458.8746524,351.36090087890625,1.0947029248465723,0
1595480458.884648,352.0805912017822,1.0947029248465723,0
1595480458.894653,352.8009510040283,1.0947029248465723,0
1595480458.9046414,353.52010917663574,1.0947029248465723,0
1595480458.9146404,354.24003982543945,1.0947029248465723,0
1595480458.92465,354.96072578430176,1.0947029248465723,0
1595480458.9346373,355.6798152923584,1.0947029248465723,0
1595480458.9446359,356.3997116088867,1.0947029248465723,0
1595480458.954653,357.1209468841553,1.0947029248465723,0
1595480458.9646516,357.8408432006836,1.0947029248465723,0
1595480458.9725761,358.4114112854004,1.0947029248465723,0
1595480458.9725761,358.8879878997803,1.0947029248465723,0
1595480458.9746366,359.03633766174323,1.0947029248465723,0
1595480458.984643,359.7568004608155,1.0947029248465723,0
1595480458.9880216,360,1.0947029248465723,1
1595480458.9880216,0,1.0947029248465723,0
1595480458.9981327,0.7207031249999999,1.1013220444907372,0
1595480459.008141,1.4413032531738283,1.1013220444907372,0
1595480459.018138,2.1610794067382812,1.1013220444907372,0
1595480459.0281327,2.8807010650634766,1.1013220444907372,0
1595480459.0381296,3.6004772186279297,1.1013220444907372,0
1595480459.0481415,4.3213348388671875,1.1013220444907372,0
1595480459.0581272,5.040304183959961,1.1013220444907372,0
1595480459.0681322,5.760663986206056,1.1013220444907372,0
1595480459.0781395,6.481195449829101,1.1013220444907372,0
1595480459.0881326,7.20069694519043,1.1013220444907372,0
1595480459.098134,7.920799255371094,1.1013220444907372,0
1595480459.1081407,8.641279220581055,1.1013220444907372,0
1595480459.1181412,9.361312866210938,1.1013220444907372,0
1595480459.128139,10.081157684326172,1.1013220444907372,0
1595480459.1381338,10.800779342651367,1.1013220444907372,0
1595480459.1481261,11.52022933959961,1.1013220444907372,0
1595480459.1581268,12.240280151367188,1.1013220444907372,0
1595480459.1681383,12.961103439331053,1.1013220444907372,0
1595480459.1781352,13.680879592895506,1.1013220444907372,0
1595480459.1881268,14.400278091430664,1.1013220444907372,0
1595480459.1981237,15.120054244995117,1.1013220444907372,0
1595480459.208125,15.840156555175783,1.1013220444907372,0
1595480459.2181373,16.561031341552734,1.1013220444907372,0
1595480459.2281296,17.280481338500977,1.1013220444907372,0
1595480459.238132,18.000652313232422,1.1013220444907372,0
1595480459.2481349,18.720857620239258,1.1013220444907372,0
1595480459.2581336,19.440771102905273,1.1013220444907372,0
1595480459.268141,20.16130256652832,1.1013220444907372,0
1595480459.2781258,20.880203247070312,1.1013220444907372,0
1595480459.2881286,21.60040855407715,1.1013220444907372,0
1595480459.298134,22.320802688598633,1.1013220444907372,0
1595480459.3081257,23.04020118713379,1.1013220444907372,0
1595480459.318136,23.76093864440918,1.1013220444907372,0
1595480459.3281393,24.48117828369141,1.1013220444907372,0
1595480459.3381367,25.20098876953125,1.1013220444907372,0
1595480459.3481252,25.920164108276367,1.1013220444907372,0
1595480459.3581293,26.64045524597168,1.1013220444907372,0
1595480459.3681233,27.360025405883793,1.1013220444907372,0
1595480459.3781376,28.0810546875,1.1013220444907372,0
1595480459.3881326,28.800693511962894,1.1013220444907372,0
1595480459.398133,29.520727157592777,1.1013220444907372,0
1595480459.4081385,30.241121292114254,1.1013220444907372,0
1595480459.418134,30.960794448852543,1.1013220444907372,0
1595480459.4281383,31.681102752685543,1.1013220444907372,0
1595480459.4381378,32.40106773376465,1.1013220444907372,0
1595480459.4481413,33.12132453918457,1.1013220444907372,0
1595480459.4581263,33.84024238586426,1.1013220444907372,0
1595480459.4681325,34.56068801879883,1.1013220444907372,0
1595480459.4781387,35.2811336517334,1.1013220444907372,0
1595480459.4881272,36.000308990478516,1.1013220444907372,0
1595480459.498123,36.71999931335449,1.1013220444907372,0
1595480459.5081267,37.44027328491211,1.1013220444907372,0
1595480459.5181403,38.161251068115234,1.1013220444907372,0
1595480459.5281355,38.88090705871582,1.1013220444907372,0
1595480459.538141,39.601301193237305,1.1013220444907372,0
1595480459.5481298,40.32049369812012,1.1013220444907372,0
1595480459.5581372,41.041025161743164,1.1013220444907372,0
1595480459.568125,41.760149002075195,1.1013220444907372,0
1595480459.578128,42.48037147521973,1.1013220444907372,0
1595480459.5881357,43.20092010498047,1.1013220444907372,0
1595480459.5981383,43.92110824584961,1.1013220444907372,0
1595480459.6081326,44.640695571899414,1.1013220444907372,0
1595480459.618127,45.36030006408692,1.1013220444907372,0
1595480459.6281283,46.08038520812988,1.1013220444907372,0
1595480459.6381385,46.80112266540527,1.1013220444907372,0
1595480459.6481295,47.520469665527344,1.1013220444907372,0
1595480459.6581416,48.2413444519043,1.1013220444907372,0
1595480459.6681366,48.960983276367195,1.1013220444907372,0
1595480459.6781254,49.68017578125,1.1013220444907372,0
1595480459.6881223,50.39995193481445,1.1013220444907372,0
1595480459.6981318,51.12063789367676,1.1013220444907372,0
1595480459.7081313,51.84060287475587,1.1013220444907372,0
1595480459.7181296,52.560482025146484,1.1013220444907372,0
1595480459.7281356,53.28091049194336,1.1013220444907372,0
1595480459.7381334,54.000755310058594,1.1013220444907372,0
1595480459.748136,54.72094345092773,1.1013220444907372,0
1595480459.7581348,55.44085693359376,1.1013220444907372,0
1595480459.7681222,56.1599464416504,1.1013220444907372,0
1595480459.778125,56.880151748657234,1.1013220444907372,0
1595480459.7881336,57.60076904296875,1.1013220444907372,0
1595480459.7981372,58.321025848388665,1.1013220444907372,0
1595480459.8081262,59.04023551940918,1.1013220444907372,0
1595480459.8181221,59.75994300842286,1.1013220444907372,0
1595480459.8281348,60.480852127075195,1.1013220444907372,0
1595480459.8381221,61.199941635131836,1.1013220444907372,0
1595480459.8481326,61.92069625854492,1.1013220444907372,0
1595480459.858123,62.6400089263916,1.1013220444907372,0
1595480459.8681264,63.36024856567383,1.1013220444907372,0
1595480459.8781233,64.08002471923828,1.1013220444907372,0
1595480459.8881283,64.80038452148438,1.1013220444907372,0
1595480459.8981278,65.52034950256348,1.1013220444907372,0
1595480459.9081278,66.24034881591797,1.1013220444907372,0
1595480459.9181376,66.96105194091797,1.1013220444907372,0
1595480459.9281304,67.6805362701416,1.1013220444907372,0
1595480459.9381266,68.40026092529297,1.1013220444907372,0
1595480459.9481318,69.12063789367676,1.1013220444907372,0
1595480459.958139,69.84115219116211,1.1013220444907372,0
1595480459.9681273,70.56031036376953,1.1013220444907372,0
1595480459.978137,71.28101348876953,1.1013220444907372,0
1595480459.9881396,72.00120162963867,1.1013220444907372,0
1595480459.9981337,72.72077178955078,1.1013220444907372,0
1595480460.008138,73.44108009338379,1.1013220444907372,0
1595480460.0181377,74.16106224060059,1.1013220444907372,0
1595480460.0281255,74.88018608093262,1.1013220444907372,0
1595480460.0381365,75.6009750366211,1.1013220444907372,0
1595480460.0481315,76.32061386108398,1.1013220444907372,0
1595480460.0581355,77.0409049987793,1.1013220444907372,0
1595480460.068122,77.75992584228516,1.1013220444907372,0
1595480460.0781367,78.48098945617676,1.1013220444907372,0
1595480460.0881407,79.20128059387207,1.1013220444907372,0
1595480460.0981295,79.92047309875488,1.1013220444907372,0
1595480460.1081243,80.64009475708008,1.1013220444907372,0
1595480460.118139,81.36115837097168,1.1013220444907372,0
1595480460.1281276,82.0803337097168,1.1013220444907372,0
1595480460.1381376,82.80105400085449,1.1013220444907372,0
1595480460.1481228,83.51998901367188,1.1013220444907372,0
1595480460.1581392,84.24117279052734,1.1013220444907372,0
1595480460.1681337,84.96077728271484,1.1013220444907372,0
1595480460.1781402,85.68124008178711,1.1013220444907372,0
1595480460.18813,86.4005012512207,1.1013220444907372,0
1595480460.1981406,87.12127304077148,1.1013220444907372,0
1595480460.2081223,87.83995056152344,1.1013220444907372,0
1595480460.2181234,88.5600357055664,1.1013220444907372,0
1595480460.2281241,89.28008651733398,1.1013220444907372,0
1595480460.2381337,90.00077247619629,1.1013220444907372,0
1595480460.2481315,90.72061729431152,1.1013220444907372,0
1595480460.2581232,91.44001579284667,1.1013220444907372,0
1595480460.2681408,92.16128540039062,1.1013220444907372,0
1595480460.2781386,92.88113021850587,1.1013220444907372,0
1595480460.2881408,93.60128402709961,1.1013220444907372,0
1595480460.2981296,94.32047653198242,1.1013220444907372,0
1595480460.3081317,95.04063034057619,1.1013220444907372,0
1595480460.318126,95.76021766662596,1.1013220444907372,0
1595480460.3281236,96.48004531860352,1.1013220444907372,0
1595480460.3381233,97.2000274658203,1.1013220444907372,0
1595480460.348133,97.92073059082031,1.1013220444907372,0
1595480460.3581302,98.64052391052245,1.1013220444907372,0
1595480460.3681338,99.36078071594238,1.1013220444907372,0
1595480460.3781314,100.08060836791994,1.1013220444907372,0
1595480460.3881326,100.80069351196289,1.1013220444907372,0
1595480460.3981273,101.52031517028807,1.1013220444907372,0
1595480460.40813,102.24050331115723,1.1013220444907372,0
1595480460.4181237,102.96005630493165,1.1013220444907372,0
1595480460.4281323,103.68067359924315,1.1013220444907372,0
1595480460.4381363,104.40096473693846,1.1013220444907372,0
1595480460.4481258,105.12020874023438,1.1013220444907372,0
1595480460.4581275,105.84032821655273,1.1013220444907372,0
1595480460.4681344,106.5608253479004,1.1013220444907372,0
1595480460.4781325,107.28068733215333,1.1013220444907372,0
1595480460.4881384,108.0011157989502,1.1013220444907372,0
1595480460.498126,108.72022247314452,1.1013220444907372,0
1595480460.5081382,109.44109725952148,1.1013220444907372,0
1595480460.5181406,110.16126823425293,1.1013220444907372,0
1595480460.5281293,110.88046073913574,1.1013220444907372,0
1595480460.538131,111.6005802154541,1.1013220444907372,0
1595480460.5481224,112.31996154785155,1.1013220444907372,0
1595480460.558124,113.04008102416991,1.1013220444907372,0
1595480460.5681238,113.76006317138672,1.1013220444907372,0
1595480460.5781362,114.48095512390137,1.1013220444907372,0
1595480460.5881264,115.20025062561035,1.1013220444907372,0
1595480460.5981228,115.91999244689941,1.1013220444907372,0
1595480460.6081388,116.64114189147949,1.1013220444907372,0
1595480460.6181333,117.36074638366699,1.1013220444907372,0
1595480460.6281302,118.08052253723145,1.1013220444907372,0
1595480460.6381261,118.80023002624512,1.1013220444907372,0
1595480460.6481326,119.52069282531738,1.1013220444907372,0
1595480460.6581237,120.24005699157715,1.1013220444907372,0
1595480460.6681292,120.96045112609862,1.1013220444907372,0
1595480460.6781213,121.67988395690917,1.1013220444907372,0
1595480460.6881242,122.400089263916,1.1013220444907372,0
1595480460.6981287,123.12041473388672,1.1013220444907372,0
1595480460.7081275,123.84032821655272,1.1013220444907372,0
1595480460.7181244,124.56010437011717,1.1013220444907372,0
1595480460.7281272,125.28030967712401,1.1013220444907372,0
1595480460.7381222,125.99994850158691,1.1013220444907372,0
1595480460.7481408,126.72128677368164,1.1013220444907372,0
1595480460.7581284,127.44039344787598,1.1013220444907372,0
1595480460.7681298,128.16049575805664,1.1013220444907372,0
1595480460.7781281,128.88037490844727,1.1013220444907372,0
1595480460.7881358,129.600923538208,1.1013220444907372,0
1595480460.7981331,130.32073402404785,1.1013220444907372,0
1595480460.8081386,131.04112815856934,1.1013220444907372,0
1595480460.8181298,131.7604923248291,1.1013220444907372,0
1595480460.8281252,132.48016548156738,1.1013220444907372,0
1595480460.838131,133.20057678222656,1.1013220444907372,0
1595480460.848135,133.92086791992188,1.1013220444907372,0
1595480460.8581378,134.6410732269287,1.1013220444907372,0
1595480460.868132,135.36066055297852,1.1013220444907372,0
1595480460.8781364,136.08096885681152,1.1013220444907372,0
1595480460.8881216,136.7999038696289,1.1013220444907372,0
1595480460.8981256,137.52019500732422,1.1013220444907372,0
1595480460.9081223,138.23995399475098,1.1013220444907372,0
1595480460.9181278,138.96034812927246,1.1013220444907372,0
1595480460.9281316,139.68062210083008,1.1013220444907372,0
1595480460.9381325,140.40069007873535,1.1013220444907372,0
1595480460.9481351,141.1208782196045,1.1013220444907372,0
1595480460.9581306,141.84055137634277,1.1013220444907372,0
1595480460.968124,142.5600700378418,1.1013220444907372,0
1595480460.9781384,143.2811164855957,1.1013220444907372,0
1595480460.9881382,144.0010986328125,1.1013220444907372,0
1595480460.9981406,144.72126960754395,1.1013220444907372,0
1595480461.00814,145.44123458862305,1.1013220444907372,0
1595480461.018121,146.1598606109619,1.1013220444907372,0
1595480461.028139,146.88116455078125,1.1013220444907372,0
1595480461.0381353,147.60088920593262,1.1013220444907372,0
1595480461.048134,148.32080268859863,1.1013220444907372,0
1595480461.0581398,149.0412139892578,1.1013220444907372,0
1595480461.0681233,149.76002883911133,1.1013220444907372,0
1595480461.0781252,150.48016548156738,1.1013220444907372,0
1595480461.0881271,151.20030212402344,1.1013220444907372,0
1595480461.098132,151.92064476013184,1.1013220444907372,0
1595480461.1081254,152.64018058776855,1.1013220444907372,0
1595480461.1181312,153.36059188842773,1.1013220444907372,0
1595480461.1281393,154.08117485046387,1.1013220444907372,0
1595480461.138131,154.80057334899902,1.1013220444907372,0
1595480461.1481304,155.52053833007812,1.1013220444907372,0
1595480461.1581376,156.24105262756348,1.1013220444907372,0
1595480461.1681268,156.96027946472168,1.1013220444907372,0
1595480461.1781304,157.6805362701416,1.1013220444907372,0
1595480461.1881378,158.40106773376465,1.1013220444907372,0
1595480461.1981275,159.12032890319824,1.1013220444907372,0
1595480461.208132,159.84065437316895,1.1013220444907372,0
1595480461.218134,160.560791015625,1.1013220444907372,0
1595480461.228121,161.27986335754395,1.1013220444907372,0
1595480461.2381399,162.00121879577637,1.1013220444907372,0
1595480461.2481267,162.72027397155762,1.1013220444907372,0
1595480461.2581265,163.4402561187744,1.1013220444907372,0
1595480461.2681315,164.1606159210205,1.1013220444907372,0
1595480461.2781343,164.88082122802734,1.1013220444907372,0
1595480461.2881362,165.6009578704834,1.1013220444907372,0
1595480461.298131,166.3205795288086,1.1013220444907372,0
1595480461.3081312,167.04059600830078,1.1013220444907372,0
1595480461.3181229,167.75999450683594,1.1013220444907372,0
1595480461.328128,168.48037147521973,1.1013220444907372,0
1595480461.338137,169.20100593566895,1.1013220444907372,0
1595480461.34813,169.92050743103027,1.1013220444907372,0
1595480461.3581302,170.64052391052246,1.1013220444907372,0
1595480461.3681254,171.36017990112305,1.1013220444907372,0
1595480461.3781285,172.08040237426758,1.1013220444907372,0
1595480461.3881292,172.80045318603516,1.1013220444907372,0
1595480461.3981247,173.52012634277344,1.1013220444907372,0
1595480461.4081342,174.24081230163574,1.1013220444907372,0
1595480461.4181337,174.96077728271484,1.1013220444907372,0
1595480461.4281213,175.67988395690918,1.1013220444907372,0
1595480461.438129,176.40043258666992,1.1013220444907372,0
1595480461.4481297,177.1204833984375,1.1013220444907372,0
1595480461.458123,177.84000205993652,1.1013220444907372,0
1595480461.4681382,178.56110000610352,1.1013220444907372,0
1595480461.4781382,179.281099319458,1.1013220444907372,0
1595480461.4881234,180.0000343322754,1.1013220444907372,0
1595480461.4981248,180.72013664245608,1.1013220444907372,0
1595480461.5081363,181.44095993041992,1.1013220444907372,0
1595480461.5181205,182.1598262786865,1.1013220444907372,0
1595480461.5281236,182.88004875183105,1.1013220444907372,0
1595480461.5381355,183.6009063720703,1.1013220444907372,0
1595480461.5481322,184.32066535949707,1.1013220444907372,0
1595480461.5581346,185.04083633422852,1.1013220444907372,0
1595480461.5681396,185.76119613647458,1.1013220444907372,0
1595480461.5781279,186.48035430908203,1.1013220444907372,0
1595480461.588139,187.2011604309082,1.1013220444907372,0
1595480461.598129,187.92043876647946,1.1013220444907372,0
1595480461.6081324,188.64067840576175,1.1013220444907372,0
1595480461.618138,189.3610897064209,1.1013220444907372,0
1595480461.6281214,190.07988739013675,1.1013220444907372,0
1595480461.6381369,190.80100250244138,1.1013220444907372,0
1595480461.648135,191.5208644866943,1.1013220444907372,0
1595480461.6581316,192.2406234741211,1.1013220444907372,0
1595480461.6681352,192.96088027954104,1.1013220444907372,0
1595480461.6781363,193.68096542358396,1.1013220444907372,0
1595480461.6881373,194.4010334014893,1.1013220444907372,0
1595480461.6981213,195.11988258361816,1.1013220444907372,0
1595480461.7081313,195.84060287475586,1.1013220444907372,0
1595480461.718139,196.5611515045166,1.1013220444907372,0
1595480461.7281384,197.2811164855957,1.1013220444907372,0
1595480461.7381368,198.0009956359863,1.1013220444907372,0
1595480461.74814,198.72123527526858,1.1013220444907372,0
1595480461.7581313,199.44059944152832,1.1013220444907372,0
1595480461.7681239,200.16006660461423,1.1013220444907372,0
1595480461.778125,200.88015174865723,1.1013220444907372,0
1595480461.7881277,201.6003398895264,1.1013220444907372,0
1595480461.7981224,202.31996154785156,1.1013220444907372,0
1595480461.8081362,203.04095649719238,1.1013220444907372,0
1595480461.8181307,203.76056098937988,1.1013220444907372,0
1595480461.8281248,204.48013114929202,1.1013220444907372,0
1595480461.8381243,205.2000961303711,1.1013220444907372,0
1595480461.8481245,205.9201126098633,1.1013220444907372,0
1595480461.8581383,206.6411075592041,1.1013220444907372,0
1595480461.8681252,207.36016273498535,1.1013220444907372,0
1595480461.8781264,208.08024787902832,1.1013220444907372,0
1595480461.8881364,208.80096817016602,1.1013220444907372,0
1595480461.8981302,209.52052116394043,1.1013220444907372,0
1595480461.9081275,210.24033164978027,1.1013220444907372,0
1595480461.9181356,210.96091461181638,1.1013220444907372,0
1595480461.9281337,211.6807765960693,1.1013220444907372,0
1595480461.9381278,212.40034675598145,1.1013220444907372,0
1595480461.9481232,213.12001991271975,1.1013220444907372,0
1595480461.958136,213.84094619750977,1.1013220444907372,0
1595480461.968137,214.56101417541504,1.1013220444907372,0
1595480461.9781349,215.28085899353025,1.1013220444907372,0
1595480461.988131,216.00058364868167,1.1013220444907372,0
1595480461.998138,216.7210807800293,1.1013220444907372,0
1595480462.0081317,217.4406337738037,1.1013220444907372,0
1595480462.0181224,218.15996360778806,1.1013220444907372,0
1595480462.0281246,218.88011741638186,1.1013220444907372,0
1595480462.038122,219.59992790222168,1.1013220444907372,0
1595480462.0481298,220.3204936981201,1.1013220444907372,0
1595480462.0581377,221.04105949401855,1.1013220444907372,0
1595480462.068138,221.7610759735107,1.1013220444907372,0
1595480462.078121,222.4798564910889,1.1013220444907372,0
1595480462.088127,223.2002849578857,1.1013220444907372,0
1595480462.0981338,223.92078208923343,1.1013220444907372,0
1595480462.1081266,224.640266418457,1.1013220444907372,0
1595480462.1181376,225.3610553741455,1.1013220444907372,0
1595480462.1281352,226.08088302612308,1.1013220444907372,0
1595480462.1381395,226.80119132995605,1.1013220444907372,0
1595480462.1481311,227.5205898284912,1.1013220444907372,0
1595480462.158123,228.24000549316403,1.1013220444907372,0
1595480462.168139,228.9611549377441,1.1013220444907372,0
1595480462.1781323,229.68067359924314,1.1013220444907372,0
1595480462.188137,230.40101623535156,1.1013220444907372,0
1595480462.1981308,231.12056922912595,1.1013220444907372,0
1595480462.2081366,231.84098052978518,1.1013220444907372,0
1595480462.2181213,232.55988121032715,1.1013220444907372,0
1595480462.2281365,233.28097915649414,1.1013220444907372,0
1595480462.2381253,234.00017166137695,1.1013220444907372,0
1595480462.248135,234.72087478637695,1.1013220444907372,0
1595480462.2581356,235.44090843200684,1.1013220444907372,0
1595480462.26812,236.15979194641113,1.1013220444907372,0
1595480462.2781389,236.88114738464355,1.1013220444907372,0
1595480462.288139,237.60116386413577,1.1013220444907372,0
1595480462.2981253,238.32016754150393,1.1013220444907372,0
1595480462.308138,239.04107666015625,1.1013220444907372,0
1595480462.3181207,239.75984001159668,1.1013220444907372,0
1595480462.3281271,240.48030281066895,1.1013220444907372,0
1595480462.33813,241.20050811767578,1.1013220444907372,0
1595480462.3481355,241.92090225219724,1.1013220444907372,0
1595480462.358133,242.6407299041748,1.1013220444907372,0
1595480462.368139,243.36115837097168,1.1013220444907372,0
1595480462.3781326,244.08069419860843,1.1013220444907372,0
1595480462.3881238,244.80005836486816,1.1013220444907372,0
1595480462.3981357,245.52091598510742,1.1013220444907372,0
1595480462.4081326,246.24069213867188,1.1013220444907372,0
1595480462.418133,246.96072578430176,1.1013220444907372,0
1595480462.4281356,247.68091392517087,1.1013220444907372,0
1595480462.4381285,248.40039825439453,1.1013220444907372,0
1595480462.4481316,249.12062072753906,1.1013220444907372,0
1595480462.4581368,249.84099769592285,1.1013220444907372,0
1595480462.46812,250.5597953796387,1.1013220444907372,0
1595480462.4781208,251.27984619140625,1.1013220444907372,0
1595480462.488135,252.00087547302246,1.1013220444907372,0
1595480462.4981248,252.72013664245605,1.1013220444907372,0
1595480462.5081224,253.4399642944336,1.1013220444907372,0
1595480462.5181265,254.1602554321289,1.1013220444907372,0
1595480462.5281234,254.88003158569336,1.1013220444907372,0
1595480462.5381348,255.6008548736572,1.1013220444907372,0
1595480462.5481262,256.3202362060547,1.1013220444907372,0
1595480462.5581267,257.04026985168457,1.1013220444907372,0
1595480462.5681221,257.75994300842285,1.1013220444907372,0
1595480462.5781262,258.48023414611816,1.1013220444907372,0
1595480462.5881295,259.2004737854004,1.1013220444907372,0
1595480462.5981336,259.9207649230957,1.1013220444907372,0
1595480462.6081266,260.64026641845703,1.1013220444907372,0
1595480462.618135,261.36086654663086,1.1013220444907372,0
1595480462.6281302,262.08052253723145,1.1013220444907372,0
1595480462.6381335,262.8007621765137,1.1013220444907372,0
1595480462.6481209,263.5198516845703,1.1013220444907372,0
1595480462.6581328,264.24070930480957,1.1013220444907372,0
1595480462.668139,264.96115493774414,1.1013220444907372,0
1595480462.6781275,265.68033027648926,1.1013220444907372,0
1595480462.6881328,266.40070724487305,1.1013220444907372,0
1595480462.698136,267.1209468841553,1.1013220444907372,0
1595480462.7081347,267.8408432006836,1.1013220444907372,0
1595480462.7181377,268.5610656738281,1.1013220444907372,0
1595480462.7281346,269.2808418273926,1.1013220444907372,0
1595480462.7381325,270.0006866455078,1.1013220444907372,0
1595480462.7481265,270.7202568054199,1.1013220444907372,0
1595480462.7581348,271.44085693359375,1.1013220444907372,0
1595480462.768129,272.16044425964355,1.1013220444907372,0
1595480462.7781334,272.88075256347656,1.1013220444907372,0
1595480462.7881382,273.60109519958496,1.1013220444907372,0
1595480462.798136,274.3209400177002,1.1013220444907372,0
1595480462.8081307,275.0405616760254,1.1013220444907372,0
1595480462.8181372,275.76102447509766,1.1013220444907372,0
1595480462.8281257,276.4801998138428,1.1013220444907372,0
1595480462.838132,277.20064544677734,1.1013220444907372,0
1595480462.8481345,277.9208335876465,1.1013220444907372,0
1595480462.8581285,278.6404037475586,1.1013220444907372,0
1595480462.8681214,279.3598880767822,1.1013220444907372,0
1595480462.8781264,280.0802478790283,1.1013220444907372,0
1595480462.8881216,280.7999038696289,1.1013220444907372,0
1595480462.898127,281.5202980041504,1.1013220444907372,0
1595480462.9081292,282.24045181274414,1.1013220444907372,0
1595480462.918126,282.9602279663086,1.1013220444907372,0
1595480462.928138,283.68108558654785,1.1013220444907372,0
1595480462.9381282,284.40038108825684,1.1013220444907372,0
1595480462.9481316,285.12062072753906,1.1013220444907372,0
1595480462.9581256,285.8401908874512,1.1013220444907372,0
1595480462.9681237,286.5600528717041,1.1013220444907372,0
1595480462.978131,287.28058433532715,1.1013220444907372,0
1595480462.988127,288.0002918243408,1.1013220444907372,0
1595480462.9981296,288.72047996520996,1.1013220444907372,0
1595480463.0081208,289.4398441314697,1.1013220444907372,0
1595480463.018121,290.1598606109619,1.1013220444907372,0
1595480463.0281334,290.88075256347656,1.1013220444907372,0
1595480463.0381207,291.5998420715332,1.1013220444907372,0
1595480463.0481346,292.320837020874,1.1013220444907372,0
1595480463.0581284,293.04039001464844,1.1013220444907372,0
1595480463.0681195,293.7597541809082,1.1013220444907372,0
1595480463.0781238,294.4800624847412,1.1013220444907372,0
1595480463.088126,295.20021629333496,1.1013220444907372,0
1595480463.098121,295.91985511779785,1.1013220444907372,0
1595480463.1081257,296.64019775390625,1.1013220444907372,0
1595480463.1181366,297.3609867095947,1.1013220444907372,0
1595480463.1281369,298.0810031890869,1.1013220444907372,0
1595480463.1381223,298.799955368042,1.1013220444907372,0
1595480463.1481264,299.5202465057373,1.1013220444907372,0
1595480463.1581302,300.2405204772949,1.1013220444907372,0
1595480463.1681223,300.95995330810547,1.1013220444907372,0
1595480463.1781223,301.67995262145996,1.1013220444907372,0
1595480463.1881237,302.4000549316406,1.1013220444907372,0
1595480463.1981354,303.1208953857422,1.1013220444907372,0
1595480463.2081218,303.83991622924805,1.1013220444907372,0
1595480463.2181287,304.5604133605957,1.1013220444907372,0
1595480463.2281268,305.28027534484863,1.1013220444907372,0
1595480463.2381353,306.00089263916016,1.1013220444907372,0
1595480463.2481196,306.71975898742676,1.1013220444907372,0
1595480463.2581198,307.43977546691895,1.1013220444907372,0
1595480463.2681375,308.1610450744629,1.1013220444907372,0
1595480463.2781343,308.88082122802734,1.1013220444907372,0
1595480463.2881227,309.59997940063477,1.1013220444907372,0
1595480463.298131,310.3205795288086,1.1013220444907372,0
1595480463.3081324,311.04068183898926,1.1013220444907372,0
1595480463.3181252,311.7601661682129,1.1013220444907372,0
1595480463.328135,312.4808692932129,1.1013220444907372,0
1595480463.338131,313.20057678222656,1.1013220444907372,0
1595480463.3481348,313.9208507537842,1.1013220444907372,0
1595480463.358134,314.6407985687256,1.1013220444907372,0
1595480463.36812,315.35978507995605,1.1013220444907372,0
1595480463.378133,316.0807285308838,1.1013220444907372,0
1595480463.3881204,316.79981803894043,1.1013220444907372,0
1595480463.398121,317.519868850708,1.1013220444907372,0
1595480463.4081345,318.24082946777344,1.1013220444907372,0
1595480463.4181228,318.95998764038086,1.1013220444907372,0
1595480463.4281223,319.67995262145996,1.1013220444907372,0
1595480463.4381328,320.40070724487305,1.1013220444907372,0
1595480463.448122,321.11993408203125,1.1013220444907372,0
1595480463.4581282,321.8403797149658,1.1013220444907372,0
1595480463.4681284,322.560396194458,1.1013220444907372,0
1595480463.4781282,323.2803783416748,1.1013220444907372,0
1595480463.488126,324.00022315979004,1.1013220444907372,0
1595480463.4981227,324.7199821472168,1.1013220444907372,0
1595480463.5081346,325.44083976745605,1.1013220444907372,0
1595480463.5181205,326.1598262786865,1.1013220444907372,0
1595480463.528124,326.88008308410645,1.1013220444907372,0
1595480463.5381203,327.5998077392578,1.1013220444907372,0
1595480463.5481348,328.3208541870117,1.1013220444907372,0
1595480463.5581248,329.040132522583,1.1013220444907372,0
1595480463.568119,329.7597198486328,1.1013220444907372,0
1595480463.578133,330.4807319641113,1.1013220444907372,0
1595480463.5881312,331.20059394836426,1.1013220444907372,0
1595480463.598132,331.92064476013184,1.1013220444907372,0
1595480463.608119,332.6397171020508,1.1013220444907372,0
1595480463.6181383,333.3611068725586,1.1013220444907372,0
1595480463.6281302,334.08052253723145,1.1013220444907372,0
1595480463.6381373,334.8010368347168,1.1013220444907372,0
1595480463.6481335,335.52076148986816,1.1013220444907372,0
1595480463.6581244,336.24010848999023,1.1013220444907372,0
1595480463.6681352,336.960880279541,1.1013220444907372,0
1595480463.678125,337.6801414489746,1.1013220444907372,0
1595480463.6881206,338.3998317718506,1.1013220444907372,0
1595480463.698121,339.11986541748047,1.1013220444907372,0
1595480463.7081332,339.8407402038574,1.1013220444907372,0
1595480463.718127,340.56029319763184,1.1013220444907372,0
1595480463.7281237,341.2800521850586,1.1013220444907372,0
1595480463.738131,342.00058364868164,1.1013220444907372,0
1595480463.7481263,342.7202396392822,1.1013220444907372,0
1595480463.7581215,343.4398956298828,1.1013220444907372,0
1595480463.7681198,344.15977478027344,1.1013220444907372,0
1595480463.7781293,344.88046073913574,1.1013220444907372,0
1595480463.788119,345.59972190856934,1.1013220444907372,0
1595480463.7981248,346.3201332092285,1.1013220444907372,0
1595480463.8081334,347.04075050354004,1.1013220444907372,0
1595480463.8181374,347.76104164123535,1.1013220444907372,0
1595480463.8281229,348.47999382019043,1.1013220444907372,0
1595480463.838119,349.1997184753418,1.1013220444907372,0
1595480463.8481207,349.91983795166016,1.1013220444907372,0
1595480463.85812,350.63978576660156,1.1013220444907372,0
1595480463.8681355,351.36090087890625,1.1013220444907372,0
1595480463.8781226,352.0799732208252,1.1013220444907372,0
1595480463.8881211,352.7998695373535,1.1013220444907372,0
1595480463.8981357,353.5209159851074,1.1013220444907372,0
1595480463.908127,354.2402973175049,1.1013220444907372,0
1595480463.918127,354.9602966308594,1.1013220444907372,0
1595480463.9281275,355.68033027648926,1.1013220444907372,0
1595480463.9381185,356.3996772766113,1.1013220444907372,0
1595480463.9481273,357.12031173706055,1.1013220444907372,0
1595480463.9581273,357.84031105041504,1.1013220444907372,0
1595480463.9651432,358.345458984375,1.1013220444907372,0
1595480463.9651432,358.84182128906247,1.1013220444907372,0
1595480463.9681368,359.05735931396487,1.1013220444907372,0
1595480463.9781334,359.77711830139157,1.1013220444907372,0
1595480463.9812298,360,1.1013220444907372,1
1595480463.9812298,0,1.1013220444907372,0
1595480463.991355,0.7213897705078124,1.1082159653891748,0
1595480464.0013368,1.440084457397461,1.1082159653891748,0
1595480464.0113437,2.160581588745117,1.1082159653891748,0
1595480464.0213442,2.880615234375,1.1082159653891748,0
1595480464.0313365,3.6000652313232426,1.1082159653891748,0
1595480464.0413473,4.320837020874023,1.1082159653891748,0
1595480464.0513387,5.040218353271484,1.1082159653891748,0
1595480464.0613403,5.760337829589844,1.1082159653891748,0
1595480464.0713384,6.480199813842773,1.1082159653891748,0
1595480464.0813427,7.200508117675781,1.1082159653891748,0
1595480464.091346,7.920747756958007,1.1082159653891748,0
1595480464.1013489,8.640953063964844,1.1082159653891748,0
1595480464.1113465,9.360780715942383,1.1082159653891748,0
1595480464.1213388,10.080230712890625,1.1082159653891748,0
1595480464.13135,10.801036834716797,1.1082159653891748,0
1595480464.141355,11.52139663696289,1.1082159653891748,0
1595480464.1513486,12.240932464599611,1.1082159653891748,0
1595480464.1613462,12.960760116577147,1.1082159653891748,0
1595480464.1713367,13.680072784423828,1.1082159653891748,0
1595480464.1813545,14.401359558105469,1.1082159653891748,0
1595480464.1913466,15.120792388916016,1.1082159653891748,0
1595480464.2013426,15.84049987792969,1.1082159653891748,0
1595480464.2113528,16.561237335205078,1.1082159653891748,0
1595480464.2213464,17.280773162841797,1.1082159653891748,0
1595480464.231352,18.001184463500977,1.1082159653891748,0
1595480464.2413526,18.72121810913086,1.1082159653891748,0
1595480464.2513485,19.44092559814453,1.1082159653891748,0
1595480464.2613406,20.160358428955078,1.1082159653891748,0
1595480464.2713416,20.88042640686035,1.1082159653891748,0
1595480464.281346,21.600751876831055,1.1082159653891748,0
1595480464.2913532,22.321266174316406,1.1082159653891748,0
1595480464.3013372,23.040115356445312,1.1082159653891748,0
1595480464.311352,23.761178970336914,1.1082159653891748,0
1595480464.321342,24.480457305908203,1.1082159653891748,0
1595480464.3313456,25.20071411132812,1.1082159653891748,0
1595480464.341345,25.920679092407227,1.1082159653891748,0
1595480464.3513489,26.64095306396484,1.1082159653891748,0
1595480464.3613393,27.360265731811523,1.1082159653891748,0
1595480464.3713365,28.080059051513675,1.1082159653891748,0
1595480464.381355,28.801397323608395,1.1082159653891748,0
1595480464.3913405,29.520349502563477,1.1082159653891748,0
1595480464.4013457,30.240726470947266,1.1082159653891748,0
1595480464.4113524,30.961206436157227,1.1082159653891748,0
1595480464.4213371,31.68010711669922,1.1082159653891748,0
1595480464.4313447,32.40065574645996,1.1082159653891748,0
1595480464.4413533,33.121273040771484,1.1082159653891748,0
1595480464.4513521,33.8411865234375,1.1082159653891748,0
1595480464.46134,34.56031036376953,1.1082159653891748,0
1595480464.4713387,35.28022384643555,1.1082159653891748,0
1595480464.4813533,36.00127029418945,1.1082159653891748,0
1595480464.4913356,36.71999931335449,1.1082159653891748,0
1595480464.5013375,37.44013595581055,1.1082159653891748,0
1595480464.5113516,38.16114807128906,1.1082159653891748,0
1595480464.5213473,38.88083839416504,1.1082159653891748,0
1595480464.5313497,39.601009368896484,1.1082159653891748,0
1595480464.5413456,40.320716857910156,1.1082159653891748,0
1595480464.551339,41.04023551940918,1.1082159653891748,0
1595480464.561351,41.76111030578613,1.1082159653891748,0
1595480464.5713491,42.48097229003906,1.1082159653891748,0
1595480464.581339,43.200233459472656,1.1082159653891748,0
1595480464.5913424,43.92049026489258,1.1082159653891748,0
1595480464.6013536,44.64129638671875,1.1082159653891748,0
1595480464.611349,45.36096954345703,1.1082159653891748,0
1595480464.6213427,46.08050537109376,1.1082159653891748,0
1595480464.6313434,46.80055618286133,1.1082159653891748,0
1595480464.6413443,47.5206241607666,1.1082159653891748,0
1595480464.6513445,48.24064064025878,1.1082159653891748,0
1595480464.661345,48.960674285888665,1.1082159653891748,0
1595480464.6713545,49.681360244750984,1.1082159653891748,0
1595480464.6813445,50.400638580322266,1.1082159653891748,0
1595480464.6913502,51.121049880981445,1.1082159653891748,0
1595480464.7013466,51.84079170227051,1.1082159653891748,0
1595480464.7113445,52.56063652038575,1.1082159653891748,0
1595480464.721341,53.280378341674805,1.1082159653891748,0
1595480464.7313545,54.00135612487793,1.1082159653891748,0
1595480464.7413538,54.721303939819336,1.1082159653891748,0
1595480464.751344,55.44059944152833,1.1082159653891748,0
1595480464.7613492,56.16097640991212,1.1082159653891748,0
1595480464.7713418,56.88044357299804,1.1082159653891748,0
1595480464.7813542,57.60133552551269,1.1082159653891748,0
1595480464.7913537,58.3213005065918,1.1082159653891748,0
1595480464.801339,59.04023551940918,1.1082159653891748,0
1595480464.811347,59.76081848144531,1.1082159653891748,0
1595480464.8213413,60.480405807495124,1.1082159653891748,0
1595480464.8313427,61.20050811767578,1.1082159653891748,0
1595480464.8413486,61.92093658447265,1.1082159653891748,0
1595480464.8513448,62.64066123962402,1.1082159653891748,0
1595480464.861342,63.36045455932618,1.1082159653891748,0
1595480464.871337,64.08009338378906,1.1082159653891748,0
1595480464.8813522,64.80119132995605,1.1082159653891748,0
1595480464.8913403,65.52033233642578,1.1082159653891748,0
1595480464.901349,66.240966796875,1.1082159653891748,0
1595480464.9113474,66.96084594726562,1.1082159653891748,0
1595480464.921345,67.68067359924316,1.1082159653891748,0
1595480464.9313369,68.40008926391602,1.1082159653891748,0
1595480464.9413366,69.12007141113281,1.1082159653891748,0
1595480464.9513478,69.84087753295898,1.1082159653891748,0
1595480464.96134,70.56031036376953,1.1082159653891748,0
1595480464.9713535,71.28128814697266,1.1082159653891748,0
1595480464.9813395,72.00027465820312,1.1082159653891748,0
1595480464.9913447,72.72065162658691,1.1082159653891748,0
1595480465.0013454,73.44070243835449,1.1082159653891748,0
1595480465.0113523,74.16119956970215,1.1082159653891748,0
1595480465.021336,74.88003158569336,1.1082159653891748,0
1595480465.0313492,75.6009750366211,1.1082159653891748,0
1595480465.0413382,76.3201847076416,1.1082159653891748,0
1595480465.0513415,77.04042434692383,1.1082159653891748,0
1595480465.0613387,77.76021766662598,1.1082159653891748,0
1595480465.071339,78.48023414611816,1.1082159653891748,0
1595480465.0813382,79.20018196105957,1.1082159653891748,0
1595480465.0913348,79.91994094848633,1.1082159653891748,0
1595480465.101347,80.64081573486328,1.1082159653891748,0
1595480465.1113398,81.36030006408691,1.1082159653891748,0
1595480465.1213493,82.08098602294922,1.1082159653891748,0
1595480465.131335,82.79995536804199,1.1082159653891748,0
1595480465.141349,83.52096748352051,1.1082159653891748,0
1595480465.15135,84.24103546142578,1.1082159653891748,0
1595480465.1613352,84.95997047424316,1.1082159653891748,0
1595480465.1713462,85.68075942993164,1.1082159653891748,0
1595480465.1813345,86.39991760253906,1.1082159653891748,0
1595480465.191353,87.12125587463379,1.1082159653891748,0
1595480465.201347,87.8408260345459,1.1082159653891748,0
1595480465.2113357,88.56000137329102,1.1082159653891748,0
1595480465.2213368,89.28008651733398,1.1082159653891748,0
1595480465.231346,90.00073814392091,1.1082159653891748,0
1595480465.2413423,90.72047996520996,1.1082159653891748,0
1595480465.2513463,91.44077110290527,1.1082159653891748,0
1595480465.2613537,92.16130256652832,1.1082159653891748,0
1595480465.2713377,92.88015174865723,1.1082159653891748,0
1595480465.2813387,93.60021972656251,1.1082159653891748,0
1595480465.2913392,94.3202533721924,1.1082159653891748,0
1595480465.3013477,95.04087066650389,1.1082159653891748,0
1595480465.311336,95.76002883911133,1.1082159653891748,0
1595480465.321348,96.48088645935059,1.1082159653891748,0
1595480465.331346,97.20074844360352,1.1082159653891748,0
1595480465.341336,97.9200267791748,1.1082159653891748,0
1595480465.3513403,98.64033508300781,1.1082159653891748,0
1595480465.3613498,99.36102104187012,1.1082159653891748,0
1595480465.3713353,100.0799732208252,1.1082159653891748,0
1595480465.38135,100.8010368347168,1.1082159653891748,0
1595480465.3913398,101.52029800415039,1.1082159653891748,0
1595480465.4013457,102.24072647094727,1.1082159653891748,0
1595480465.411353,102.96125793457033,1.1082159653891748,0
1595480465.4213352,103.67996978759766,1.1082159653891748,0
1595480465.4313405,104.40034675598145,1.1082159653891748,0
1595480465.4413476,105.1208610534668,1.1082159653891748,0
1595480465.451351,105.84110069274902,1.1082159653891748,0
1595480465.4613447,106.56065368652345,1.1082159653891748,0
1595480465.4713478,107.28087615966797,1.1082159653891748,0
1595480465.4813442,108.00061798095702,1.1082159653891748,0
1595480465.491337,108.72010231018066,1.1082159653891748,0
1595480465.5013444,109.44063377380371,1.1082159653891748,0
1595480465.5113358,110.16001510620117,1.1082159653891748,0
1595480465.521352,110.88118171691893,1.1082159653891748,0
1595480465.5313444,111.6006317138672,1.1082159653891748,0
1595480465.541345,112.32066535949708,1.1082159653891748,0
1595480465.5513349,113.03994369506836,1.1082159653891748,0
1595480465.5613377,113.7601490020752,1.1082159653891748,0
1595480465.5713358,114.48001098632812,1.1082159653891748,0
1595480465.581343,115.20052528381346,1.1082159653891748,0
1595480465.591339,115.92024993896484,1.1082159653891748,0
1595480465.601345,116.6406784057617,1.1082159653891748,0
1595480465.611343,117.36052322387695,1.1082159653891748,0
1595480465.6213462,118.0807628631592,1.1082159653891748,0
1595480465.6313477,118.80086517333983,1.1082159653891748,0
1595480465.641338,119.52017784118652,1.1082159653891748,0
1595480465.6513445,120.24064064025879,1.1082159653891748,0
1595480465.661346,120.96074295043945,1.1082159653891748,0
1595480465.671338,121.68017578125,1.1082159653891748,0
1595480465.6813374,122.4001235961914,1.1082159653891748,0
1595480465.6913354,123.11998558044434,1.1082159653891748,0
1595480465.7013497,123.84101486206053,1.1082159653891748,0
1595480465.711341,124.56037902832033,1.1082159653891748,0
1595480465.7213514,125.2811336517334,1.1082159653891748,0
1595480465.731339,126.00024032592773,1.1082159653891748,0
1595480465.74135,126.72102928161621,1.1082159653891748,0
1595480465.7513506,127.44108009338379,1.1082159653891748,0
1595480465.761349,128.1609592437744,1.1082159653891748,0
1595480465.771337,128.88010025024414,1.1082159653891748,0
1595480465.7813346,129.59992790222168,1.1082159653891748,0
