Timestamp,Phase,Offset,Ping?
1595632018.0001428,59.940000000000005,0,0
1595632018.0101633,61.741242828369145,0.333,0
1595632018.0201743,63.54321521759034,0.333,0
1595632018.030175,65.34334224700928,0.333,0
1595632018.040162,67.14102310180664,0.333,0
1595632018.050164,68.94136470794678,0.333,0
1595632018.0601692,70.74230712890625,0.333,0
1595632018.0701702,72.54247707366943,0.333,0
1595632018.080163,74.34118789672851,0.333,0
1595632018.0901659,76.1417011642456,0.333,0
1595632018.1001625,77.9410986328125,0.333,0
1595632018.1101708,79.74259895324707,0.333,0
1595632018.1201727,81.5429405593872,0.333,0
1595632018.1301723,83.34285301208496,0.333,0
1595632018.140159,85.14044803619385,0.333,0
1595632018.1501596,86.94057506561279,0.333,0
1595632018.1601684,88.74216121673584,0.333,0
1595632018.1701732,90.54301780700683,0.333,0
1595632018.1801586,92.34039825439453,0.333,0
1595632018.1901581,94.14031070709228,0.333,0
1595632018.2001705,95.9425405883789,0.333,0
1595632018.2101643,97.74142307281494,0.333,0
1595632018.2201605,99.54073471069336,0.333,0
1595632018.2301664,101.34180587768554,0.333,0
1595632018.2401688,103.14223331451416,0.333,0
1595632018.2501583,104.9403433227539,0.333,0
1595632018.2601626,106.74111408233642,0.333,0
1595632018.2701747,108.5433010482788,0.333,0
1595632018.2801588,110.34042400360107,0.333,0
1595632018.2901747,112.14329761505127,0.333,0
1595632018.3001695,113.94235176086426,0.333,0
1595632018.3101673,115.74196380615234,0.333,0
1595632018.3201692,117.54230541229248,0.333,0
1595632018.3301609,119.34080165863037,0.333,0
1595632018.3401577,121.1402420425415,0.333,0
1595632018.347707,122.49911350250244,0.333,0
1595632018.347707,122.49911350250244,0.333,0
1595632018.350158,122.94028324127197,0.333,0
1595632018.360159,124.74045318603515,0.333,0
1595632018.370159,126.54045146942138,0.333,0
1595632018.380169,128.34225219726562,0.333,0
1595632018.3901663,130.14177841186523,0.333,0
1595632018.400157,131.94010299682617,0.333,0
1595632018.4101608,133.7407879257202,0.333,0
1595632018.4201627,135.54112953186035,0.333,0
1595632018.4301682,137.34211486816406,0.333,0
1595632018.4401712,139.1426710510254,0.333,0
1595632018.450162,140.94099563598633,0.333,0
1595632018.4601612,142.74086517333984,0.333,0
1595632018.4701662,144.54176467895508,0.333,0
1595632018.4801733,146.34305042266845,0.333,0
1595632018.4901612,148.14086002349853,0.333,0
1595632018.5001612,149.94085830688476,0.333,0
1595632018.510174,151.74317401885986,0.333,0
1595632018.520164,153.54136985778808,0.333,0
1595632018.5301707,155.342569770813,0.333,0
1595632018.5401666,157.14183849334717,0.333,0
1595632018.550168,158.94209426879883,0.333,0
1595632018.56017,160.74243587493896,0.333,0
1595632018.5701718,162.5427774810791,0.333,0
1595632018.5801651,164.34157413482666,0.333,0
1595632018.5901647,166.1414865875244,0.333,0
1595632018.6001697,167.94238609313965,0.333,0
1595632018.6101747,169.74328559875488,0.333,0
1595632018.620174,171.5431551361084,0.333,0
1595632018.6301692,173.34229511260986,0.333,0
1595632018.6401742,175.1431946182251,0.333,0
1595632018.6501741,176.94319290161133,0.333,0
1595632018.6601737,178.74310535430908,0.333,0
1595632018.6701603,180.54070037841797,0.333,0
1595632018.6801727,182.3429302597046,0.333,0
1595632018.6901722,184.14284271240234,0.333,0
1595632018.7001605,185.9407381439209,0.333,0
1595632018.7101703,187.7424959564209,0.333,0
1595632018.7201598,189.54060596466064,0.333,0
1595632018.730169,191.34227794647217,0.333,0
1595632018.7401714,193.14270538330078,0.333,0
1595632018.7501714,194.942703666687,0.333,0
1595632018.7601655,196.74162906646728,0.333,0
1595632018.7701557,198.53986782073974,0.333,0
1595632018.7801578,200.34025234222412,0.333,0
1595632018.7901616,202.14093727111816,0.333,0
1595632018.8001614,203.94089263916015,0.333,0
1595632018.810168,205.74209255218506,0.333,0
1595632018.8201578,207.54024547576904,0.333,0
1595632018.8301716,209.3427328491211,0.333,0
1595632018.8401744,211.14324611663818,0.333,0
1595632018.850161,212.94084114074707,0.333,0
1595632018.8601627,214.74113983154297,0.333,0
1595632018.870173,216.54298347473144,0.333,0
1595632018.8801644,218.3414368057251,0.333,0
1595632018.8901694,220.14233631134033,0.333,0
1595632018.900159,221.94044631958008,0.333,0
1595632018.9101562,223.73997253417969,0.333,0
1595632018.920165,225.54155868530273,0.333,0
1595632018.9301603,227.3406986618042,0.333,0
1595632018.9401634,229.14125484466553,0.333,0
1595632018.9501567,230.94005149841308,0.333,0
1595632018.960158,232.74030727386474,0.333,0
1595632018.9701648,234.54150718688965,0.333,0
1595632018.980162,236.34099048614502,0.333,0
1595632018.990157,238.14008754730224,0.333,0
1595632019.0001597,239.94060081481933,0.333,0
1595632019.0101578,241.74025577545166,0.333,0
1595632019.0201633,243.54124111175537,0.333,0
1595632019.030157,245.3401235961914,0.333,0
1595632019.0401556,247.1398643875122,0.333,0
1595632019.0501723,248.94286674499511,0.333,0
1595632019.060174,250.743165435791,0.333,0
1595632019.070169,252.54226249694824,0.333,0
1595632019.0801597,254.34058708190918,0.333,0
1595632019.0901558,256.1398987197876,0.333,0
1595632019.1001563,257.9399828338623,0.333,0
1595632019.1101558,259.73989528656006,0.333,0
1595632019.1201584,261.5403656387329,0.333,0
1595632019.130172,263.3428100967407,0.333,0
1595632019.140157,265.14010471343994,0.333,0
1595632019.1501603,266.9407038116455,0.333,0
1595632019.1601737,268.7431053543091,0.333,0
1595632019.170159,270.5404858016968,0.333,0
1595632019.1801603,272.3406986618042,0.333,0
1595632019.1901572,274.14013904571533,0.333,0
1595632019.2001717,275.9427551651001,0.333,0
1595632019.2101634,277.741251411438,0.333,0
1595632019.2201555,279.53983348846435,0.333,0
1595632019.2301586,281.3403896713257,0.333,0
1595632019.240169,283.1422762298584,0.333,0
1595632019.2501745,284.9432615661621,0.333,0
1595632019.2601697,286.7424015426636,0.333,0
1595632019.270171,288.542614402771,0.333,0
1595632019.2801633,290.3412393951416,0.333,0
1595632019.2901707,292.1425680541992,0.333,0
1595632019.300168,293.9420942687988,0.333,0
1595632019.3101568,295.74007553100586,0.333,0
1595632019.320169,297.54226249694824,0.333,0
1595632019.3301637,299.3413166427612,0.333,0
1595632019.3401635,301.1412720108032,0.333,0
1595632019.3501697,302.94238609313965,0.333,0
1595632019.3601582,304.74032444000244,0.333,0
1595632019.3701577,306.5402368927002,0.333,0
1595632019.380173,308.3429817581177,0.333,0
1595632019.3901591,310.1404909515381,0.333,0
1595632019.4001696,311.9423775100708,0.333,0
1595632019.410167,313.7419037246704,0.333,0
1595632019.4201643,315.54142993927,0.333,0
1595632019.4301643,317.34142822265625,0.333,0
1595632019.4401686,319.14219898223877,0.333,0
1595632019.4501693,320.9423260116577,0.333,0
1595632019.4601622,322.7410368347168,0.333,0
1595632019.4701693,324.5423225784302,0.333,0
1595632019.4801624,326.3410763168335,0.333,0
1595632019.4901645,328.14146083831787,0.333,0
1595632019.5001714,329.942703666687,0.333,0
1595632019.510161,331.74081367492676,0.333,0
1595632019.5201719,333.54278606414795,0.333,0
1595632019.53017,335.34244102478027,0.333,0
1595632019.54017,337.1424393081665,0.333,0
1595632019.5501592,338.940506401062,0.333,0
1595632019.5601618,340.74097675323486,0.333,0
1595632019.5701702,342.54247707366943,0.333,0
1595632019.5801687,344.34221786499023,0.333,0
1595632019.5901647,346.1414865875244,0.333,0
1595632019.600158,347.94028324127197,0.333,0
1595632019.6101596,349.74058193206787,0.333,0
1595632019.6201637,351.54130977630615,0.333,0
1595632019.6301723,353.34285301208496,0.333,0
1595632019.640168,355.1420788192749,0.333,0
1595632019.6501572,356.9401459121704,0.333,0
1595632019.6601715,358.74271911621094,0.333,0
1595632019.667172,360,0.333,1
1595632019.667172,2.4746462448402218,0.013748034693556788,0
1595632019.6771815,4.2763611419959835,0.013748034693556788,0
1595632019.6871815,6.076359425382214,0.013748034693556788,0
1595632019.6971822,7.876486454801159,0.013748034693556788,0
1595632019.7071893,9.677772198514539,0.013748034693556788,0
1595632019.717177,11.475538884000379,0.013748034693556788,0
1595632019.7271895,13.277811680631238,0.013748034693556788,0
1595632019.7371874,15.077423725919324,0.013748034693556788,0
1595632019.7471766,16.875490818814832,0.013748034693556788,0
1595632019.7571785,18.67583242495497,0.013748034693556788,0
1595632019.7671757,20.47531572421034,0.013748034693556788,0
1595632019.7771764,22.275442753629285,0.013748034693556788,0
1595632019.7871788,24.0758701904579,0.013748034693556788,0
1595632019.7971902,25.877928410367566,0.013748034693556788,0
1595632019.8071759,27.6753517730995,0.013748034693556788,0
1595632019.8171897,29.47783914645155,0.013748034693556788,0
1595632019.8271878,31.277494107083875,0.013748034693556788,0
1595632019.837189,33.0777069671913,0.013748034693556788,0
1595632019.8471823,34.876503620938855,0.013748034693556788,0
1595632019.857175,36.67521444399794,0.013748034693556788,0
1595632019.8671768,38.475513134793836,0.013748034693556788,0
1595632019.8771749,40.27516809542616,0.013748034693556788,0
1595632019.8871832,42.07666841586073,0.013748034693556788,0
1595632019.8971775,43.87563673098524,0.013748034693556788,0
1595632019.9071772,45.675592099027234,0.013748034693556788,0
1595632019.9171858,47.47713533480604,0.013748034693556788,0
1595632019.927192,49.27824941714247,0.013748034693556788,0
1595632019.937185,51.07700315554579,0.013748034693556788,0
1595632019.9471803,52.876143132047254,0.013748034693556788,0
1595632019.9571908,54.67802969057997,0.013748034693556788,0
1595632019.9671807,56.47622552950819,0.013748034693556788,0
1595632019.9771793,58.27596632082899,0.013748034693556788,0
1595632019.987181,60.07626501162489,0.013748034693556788,0
1595632019.997172,61.874675427274305,0.013748034693556788,0
1595632020.007184,63.67681947787245,0.013748034693556788,0
1595632020.0171828,65.47660318453748,0.013748034693556788,0
1595632020.0271907,67.27801767428357,0.013748034693556788,0
1595632020.0371838,69.0767714126869,0.013748034693556788,0
1595632020.047173,70.8748385055824,0.013748034693556788,0
1595632020.0571907,72.67801252444227,0.013748034693556788,0
1595632020.067174,74.47500673373182,0.013748034693556788,0
1595632020.077186,76.2771936996742,0.013748034693556788,0
1595632020.087191,78.07809320528943,0.013748034693556788,0
1595632020.0971828,79.87658945162732,0.013748034693556788,0
1595632020.107178,81.67572942812879,0.013748034693556788,0
1595632020.1171854,83.4770580871864,0.013748034693556788,0
1595632020.1271913,85.2781292541786,0.013748034693556788,0
1595632020.1371894,87.07778421481092,0.013748034693556788,0
1595632020.1471858,88.87713876803357,0.013748034693556788,0
1595632020.1571896,90.67782369692762,0.013748034693556788,0
1595632020.1671836,92.47674909670789,0.013748034693556788,0
1595632020.1771889,94.27769151766736,0.013748034693556788,0
1595632020.1871767,96.07550111849744,0.013748034693556788,0
1595632020.1971922,97.87828889925916,0.013748034693556788,0
1595632020.2071884,99.67760053713758,0.013748034693556788,0
1595632020.217179,101.47592512209852,0.013748034693556788,0
1595632020.2271898,103.27785459597547,0.013748034693556788,0
1595632020.237172,105.07463422854383,0.013748034693556788,0
1595632020.2471797,106.87604871828992,0.013748034693556788,0
1595632020.2571864,108.67724863131482,0.013748034693556788,0
1595632020.2671793,110.4759594543739,0.013748034693556788,0
1595632020.277196,112.27896181185682,0.013748034693556788,0
1595632020.2871895,114.07780138094861,0.013748034693556788,0
1595632020.2971776,115.87565389712293,0.013748034693556788,0
1595632020.30719,117.67788377840955,0.013748034693556788,0
1595632020.3171873,119.47740999300916,0.013748034693556788,0
1595632020.3271887,121.27766576846082,0.013748034693556788,0
1595632020.3371863,123.07723489840467,0.013748034693556788,0
1595632020.3465605,124.76458040316541,0.013748034693556788,0
1595632020.3465605,124.76458040316541,0.013748034693556788,0
1595632020.3471947,124.87873521883924,0.013748034693556788,0
1595632020.3571908,126.67804685671766,0.013748034693556788,0
1595632020.3671827,128.4765860183998,0.013748034693556788,0
1595632020.377187,130.2773567779823,0.013748034693556788,0
1595632020.3871822,132.07649675448377,0.013748034693556788,0
1595632020.3971756,133.87529340823133,0.013748034693556788,0
1595632020.407179,135.67593542178113,0.013748034693556788,0
1595632020.4171915,137.47816530306775,0.013748034693556788,0
1595632020.4271903,139.2779490097328,0.013748034693556788,0
1595632020.4371796,141.0760161026283,0.013748034693556788,0
1595632020.4471738,142.8749844177528,0.013748034693556788,0
1595632020.457173,144.67485395510633,0.013748034693556788,0
1595632020.4671907,146.4780279739662,0.013748034693556788,0
1595632020.4771812,148.2763096435829,0.013748034693556788,0
1595632020.4871886,150.0776383026405,0.013748034693556788,0
1595632020.497192,151.87823740084607,0.013748034693556788,0
1595632020.507192,153.6782356842323,0.013748034693556788,0
1595632020.5171885,155.4776331527992,0.013748034693556788,0
1595632020.5271797,157.2760435684486,0.013748034693556788,0
1595632020.5371885,159.07762971957166,0.013748034693556788,0
1595632020.547188,160.87754217226941,0.013748034693556788,0
1595632020.5571861,162.67719713290174,0.013748034693556788,0
1595632020.5671828,164.47659460146863,0.013748034693556788,0
1595632020.577188,166.2775370224281,0.013748034693556788,0
1595632020.587177,168.07556119997938,0.013748034693556788,0
1595632020.5971882,169.8775765045448,0.013748034693556788,0
1595632020.6071754,171.67525735934217,0.013748034693556788,0
1595632020.6171787,173.47585645754774,0.013748034693556788,0
1595632020.6271775,175.27564016421277,0.013748034693556788,0
1595632020.6371784,177.07581010897596,0.013748034693556788,0
1595632020.6471727,178.87477842410047,0.013748034693556788,0
1595632020.6571913,180.6781241043373,0.013748034693556788,0
1595632020.6671784,182.47580495913465,0.013748034693556788,0
1595632020.6771863,184.27721944888074,0.013748034693556788,0
1595632020.6871712,186.07451406557996,0.013748034693556788,0
1595632020.6971862,187.8772160156532,0.013748034693556788,0
1595632020.7071917,189.67820135195691,0.013748034693556788,0
1595632020.7171888,191.4776846512123,0.013748034693556788,0
1595632020.7271767,193.27549425204236,0.013748034693556788,0
1595632020.7371879,195.0775095566078,0.013748034693556788,0
1595632020.7471874,196.87742200930555,0.013748034693556788,0
1595632020.7571883,198.67759195406873,0.013748034693556788,0
1595632020.767184,200.47681776125867,0.013748034693556788,0
1595632020.7771733,202.27488485415418,0.013748034693556788,0
1595632020.7871764,204.0754410370155,0.013748034693556788,0
1595632020.7971745,205.87509599764783,0.013748034693556788,0
1595632020.807177,207.67556634982068,0.013748034693556788,0
1595632020.8171725,209.4747492416664,0.013748034693556788,0
1595632020.827176,211.2753912552162,0.013748034693556788,0
1595632020.8371904,213.07796445925672,0.013748034693556788,0
1595632020.8471794,214.875988636808,0.013748034693556788,0
1595632020.857191,216.6780897720619,0.013748034693556788,0
1595632020.867185,218.47701517184217,0.013748034693556788,0
1595632020.8771791,220.27594057162244,0.013748034693556788,0
1595632020.8871865,222.07726923068006,0.013748034693556788,0
1595632020.8971848,223.87696710665662,0.013748034693556788,0
1595632020.9071863,225.67722288210828,0.013748034693556788,0
1595632020.9171808,227.47623411257703,0.013748034693556788,0
1595632020.9271784,229.27580324252088,0.013748034693556788,0
1595632020.9371808,231.0762306793495,0.013748034693556788,0
1595632020.9471812,232.8763147934242,0.013748034693556788,0
1595632020.9571874,234.67742887576063,0.013748034693556788,0
1595632020.967191,236.47807088931043,0.013748034693556788,0
1595632020.9771752,238.27523675997693,0.013748034693556788,0
1595632020.9871817,240.0763937576576,0.013748034693556788,0
1595632020.9971871,241.8773790939613,0.013748034693556788,0
1595632021.0071836,243.67673364718397,0.013748034693556788,0
1595632021.0171893,245.47776189883191,0.013748034693556788,0
1595632021.027183,247.27664438326795,0.013748034693556788,0
1595632021.0371766,249.07548395235975,0.013748034693556788,0
1595632021.0471816,250.87638345797498,0.013748034693556788,0
1595632021.0571823,252.67651048739393,0.013748034693556788,0
1595632021.0671842,254.47685209353406,0.013748034693556788,0
1595632021.0771766,256.2754770859047,0.013748034693556788,0
1595632021.0871835,258.07671991427384,0.013748034693556788,0
1595632021.09719,259.8778769119545,0.013748034693556788,0
1595632021.1071916,261.6781756027504,0.013748034693556788,0
1595632021.1171875,263.4774443252846,0.013748034693556788,0
1595632021.1271706,265.2743956192299,0.013748034693556788,0
1595632021.137179,267.07589593966446,0.013748034693556788,0
1595632021.147189,268.8776966675087,0.013748034693556788,0
1595632021.1571825,270.6765362366005,0.013748034693556788,0
1595632021.1671824,272.4765345199867,0.013748034693556788,0
1595632021.1771894,274.27777734835587,0.013748034693556788,0
1595632021.1871896,276.07781854708634,0.013748034693556788,0
1595632021.1971893,277.87777391512833,0.013748034693556788,0
1595632021.2071872,279.6773859604164,0.013748034693556788,0
1595632021.217172,281.4746376617714,0.013748034693556788,0
1595632021.227184,283.2768246277138,0.013748034693556788,0
1595632021.237184,285.0768229111,0.013748034693556788,0
1595632021.2471883,286.87759367068253,0.013748034693556788,0
1595632021.2571785,288.675832424955,0.013748034693556788,0
1595632021.2671723,290.474714909391,0.013748034693556788,0
1595632021.2771719,292.2746273620888,0.013748034693556788,0
1595632021.2871811,294.0762993439003,0.013748034693556788,0
1595632021.2971852,295.8770271881386,0.013748034693556788,0
1595632021.3071811,297.67629591067276,0.013748034693556788,0
1595632021.3171773,299.4756075485512,0.013748034693556788,0
1595632021.3271794,301.27599207003556,0.013748034693556788,0
1595632021.337179,303.0759045227333,0.013748034693556788,0
1595632021.3471801,304.87611738284073,0.013748034693556788,0
1595632021.3571806,306.67620149691544,0.013748034693556788,0
1595632021.3671901,308.4779163940712,0.013748034693556788,0
1595632021.3771887,310.277657185392,0.013748034693556788,0
1595632021.3871784,312.075810108976,0.013748034693556788,0
1595632021.3971848,313.87696710665665,0.013748034693556788,0
1595632021.4071743,315.6750771148964,0.013748034693556788,0
1595632021.4171755,317.4752899750038,0.013748034693556788,0
1595632021.4271781,319.27576032717667,0.013748034693556788,0
1595632021.4371789,321.0758873565956,0.013748034693556788,0
1595632021.4471896,322.87781683047257,0.013748034693556788,0
1595632021.4571748,324.675154362516,0.013748034693556788,0
1595632021.4671912,326.4781138046547,0.013748034693556788,0
1595632021.4771824,328.2765242203041,0.013748034693556788,0
1595632021.4871738,330.07497755129776,0.013748034693556788,0
1595632021.497173,331.8748470886513,0.013748034693556788,0
1595632021.507186,333.6771628006264,0.013748034693556788,0
1595632021.5171752,335.4752298935219,0.013748034693556788,0
1595632021.5271816,337.27638689120255,0.013748034693556788,0
1595632021.537172,339.07466856081925,0.013748034693556788,0
1595632021.5471902,340.8779284103676,0.013748034693556788,0
1595632021.5571814,342.676338826017,0.013748034693556788,0
1595632021.5671751,344.47522131045304,0.013748034693556788,0
1595632021.5771813,346.27633539278946,0.013748034693556788,0
1595632021.587188,348.07753530581437,0.013748034693556788,0
1595632021.597181,349.8762890442177,0.013748034693556788,0
1595632021.6071846,351.6769310577675,0.013748034693556788,0
1595632021.6171744,353.4750839813515,0.013748034693556788,0
1595632021.6271813,355.2763268097206,0.013748034693556788,0
1595632021.637176,357.0753809555336,0.013748034693556788,0
1595632021.6471899,358.87786832888565,0.013748034693556788,0
1595632021.6534436,360,0.013748034693556788,1
1595632021.6534436,2.520411712019859,0.014002287288999216,0
1595632021.663453,4.322126609175621,0.014002287288999216,0
1595632021.6734626,6.123841506331383,0.014002287288999216,0
1595632021.6834452,7.920706969588219,0.014002287288999216,0
1595632021.6934621,9.723752242415367,0.014002287288999216,0
1595632021.703445,11.520660621016441,0.014002287288999216,0
1595632021.7134511,13.321774703352867,0.014002287288999216,0
1595632021.7234614,15.123618346541344,0.014002287288999216,0
1595632021.7334538,16.922243338911947,0.014002287288999216,0
1595632021.7434504,18.721640807478842,0.014002287288999216,0
1595632021.7534623,20.523784858076986,0.014002287288999216,0
1595632021.7634563,22.32271025785726,0.014002287288999216,0
1595632021.773444,24.1204769433431,0.014002287288999216,0
1595632021.7834516,25.921848517744955,0.014002287288999216,0
1595632021.7934566,27.72274802336019,0.014002287288999216,0
1595632021.8034484,29.52128718504232,0.014002287288999216,0
1595632021.8134596,31.323302489607748,0.014002287288999216,0
1595632021.8234613,33.12360118040365,0.014002287288999216,0
1595632021.8334491,34.921410781233725,0.014002287288999216,0
1595632021.8434448,36.720636588423666,0.014002287288999216,0
1595632021.853452,38.521922332137045,0.014002287288999216,0
1595632021.8634627,40.323851806014,0.014002287288999216,0
1595632021.8734443,42.12054560789388,0.014002287288999216,0
1595632021.8834589,43.92316172727865,0.014002287288999216,0
1595632021.8934605,45.723460418074545,0.014002287288999216,0
1595632021.9034572,47.52285788664144,0.014002287288999216,0
1595632021.9134462,49.32088206419271,0.014002287288999216,0
1595632021.9234548,51.12242529997152,0.014002287288999216,0
1595632021.9334464,52.92092154630941,0.014002287288999216,0
1595632021.943458,54.723022681563315,0.014002287288999216,0
1595632021.9534569,56.522806388228354,0.014002287288999216,0
1595632021.9634585,58.32310507902425,0.014002287288999216,0
1595632021.973449,60.12138674864095,0.014002287288999216,0
1595632021.983458,61.923015815108236,0.014002287288999216,0
1595632021.993456,63.72262786039632,0.014002287288999216,0
1595632022.0034614,65.52361319670004,0.014002287288999216,0
1595632022.013444,67.32047865995688,0.014002287288999216,0
1595632022.0234597,69.12330935606283,0.014002287288999216,0
1595632022.0334563,70.92270682462973,0.014002287288999216,0
1595632022.043461,72.72356341490072,0.014002287288999216,0
1595632022.053444,74.5204717935018,0.014002287288999216,0
1595632022.0634625,76.32381747373861,0.014002287288999216,0
1595632022.0734465,78.12094042906088,0.014002287288999216,0
1595632022.0834582,79.92304156431479,0.014002287288999216,0
1595632022.0934505,81.72166655668539,0.014002287288999216,0
1595632022.1034498,83.52153609403891,0.014002287288999216,0
1595632022.1134531,85.32213519224447,0.014002287288999216,0
1595632022.123461,87.12354968199057,0.014002287288999216,0
1595632022.1334498,88.9215309441976,0.014002287288999216,0
1595632022.143445,90.72067092069906,0.014002287288999216,0
1595632022.153443,92.52032588133139,0.014002287288999216,0
1595632022.1634588,94.32315657743735,0.014002287288999216,0
1595632022.1734555,96.12255404600424,0.014002287288999216,0
1595632022.1834476,97.9211361230306,0.014002287288999216,0
1595632022.193444,99.72049067625326,0.014002287288999216,0
1595632022.203445,101.52066062101645,0.014002287288999216,0
1595632022.2134469,103.32100222715658,0.014002287288999216,0
1595632022.2234468,105.12100051054281,0.014002287288999216,0
1595632022.233455,106.92245791563315,0.014002287288999216,0
1595632022.2434464,108.7209112466268,0.014002287288999216,0
1595632022.2534556,110.52258322843832,0.014002287288999216,0
1595632022.2634516,112.3218519509725,0.014002287288999216,0
1595632022.2734456,114.12077735075277,0.014002287288999216,0
1595632022.283457,115.92283557066244,0.014002287288999216,0
1595632022.2934508,117.72171805509848,0.014002287288999216,0
1595632022.303447,119.5210296929769,0.014002287288999216,0
1595632022.3134542,121.32231543669027,0.014002287288999216,0
1595632022.3216522,122.79795954832358,0.014002287288999216,0
1595632022.3216522,122.79795954832358,0.014002287288999216,0
1595632022.3234544,123.12235663542074,0.014002287288999216,0
1595632022.3334498,124.92153952726645,0.014002287288999216,0
1595632022.3434458,126.72080824980063,0.014002287288999216,0
1595632022.3534431,128.52033446440024,0.014002287288999216,0
1595632022.3634605,130.32346556791586,0.014002287288999216,0
1595632022.373444,132.12050269254965,0.014002287288999216,0
1595632022.38346,133.92337630399985,0.014002287288999216,0
1595632022.3934433,135.7203705132894,0.014002287288999216,0
1595632022.403448,137.5212271035604,0.014002287288999216,0
1595632022.4134529,139.3220836938314,0.014002287288999216,0
1595632022.423446,141.1208374322347,0.014002287288999216,0
1595632022.4334493,142.92143653044027,0.014002287288999216,0
1595632022.4434566,144.7227651894979,0.014002287288999216,0
1595632022.453456,146.5226347268514,0.014002287288999216,0
1595632022.4634478,148.32117388853354,0.014002287288999216,0
1595632022.473449,150.12138674864096,0.014002287288999216,0
1595632022.4834588,151.92314456114096,0.014002287288999216,0
1595632022.4934611,153.72357199796957,0.014002287288999216,0
1595632022.5034554,155.52254031309408,0.014002287288999216,0
1595632022.5134487,157.32133696684164,0.014002287288999216,0
1595632022.5234559,159.12262271055502,0.014002287288999216,0
1595632022.5334547,160.92240641722006,0.014002287288999216,0
1595632022.543454,162.72227595457358,0.014002287288999216,0
1595632022.5534513,164.52180216917318,0.014002287288999216,0
1595632022.5634592,166.32321665891928,0.014002287288999216,0
1595632022.5734615,168.1236440957479,0.014002287288999216,0
1595632022.5834467,169.92098162779135,0.014002287288999216,0
1595632022.5934436,171.72042201170248,0.014002287288999216,0
1595632022.603457,173.52282355436606,0.014002287288999216,0
1595632022.6134517,175.32187770017904,0.014002287288999216,0
1595632022.6234431,177.1203310311727,0.014002287288999216,0
1595632022.6334543,178.92234633573813,0.014002287288999216,0
1595632022.6434598,180.72333167204187,0.014002287288999216,0
1595632022.6534595,182.52328704008386,0.014002287288999216,0
1595632022.6634457,184.32079623350427,0.014002287288999216,0
1595632022.6734462,186.12088034757898,0.014002287288999216,0
1595632022.6834557,187.92259524473474,0.014002287288999216,0
1595632022.6934545,189.72237895139978,0.014002287288999216,0
1595632022.7034502,191.52160475858972,0.014002287288999216,0
1595632022.713461,193.32353423246667,0.014002287288999216,0
1595632022.7234516,195.1218588174276,0.014002287288999216,0
1595632022.7334492,196.92142794737146,0.014002287288999216,0
1595632022.743458,198.7230140984945,0.014002287288999216,0
1595632022.7534566,200.5227548898153,0.014002287288999216,0
1595632022.7634535,202.32219527372644,0.014002287288999216,0
1595632022.7734537,204.1222364724569,0.014002287288999216,0
1595632022.7834463,205.92090438017175,0.014002287288999216,0
1595632022.7934444,207.72055934080407,0.014002287288999216,0
1595632022.8034446,209.52060053953454,0.014002287288999216,0
1595632022.8134525,211.32201502928064,0.014002287288999216,0
1595632022.8234463,213.12089751371667,0.014002287288999216,0
1595632022.8334613,214.9235994637899,0.014002287288999216,0
1595632022.8434563,216.72269652494714,0.014002287288999216,0
1595632022.8534527,218.5220510781698,0.014002287288999216,0
1595632022.8634555,220.32256434568689,0.014002287288999216,0
1595632022.873443,222.1202881158285,0.014002287288999216,0
1595632022.8834515,223.9218313516073,0.014002287288999216,0
1595632022.893457,225.722816687911,0.014002287288999216,0
1595632022.9034548,227.5224287331991,0.014002287288999216,0
1595632022.913446,229.3208391488485,0.014002287288999216,0
1595632022.9234438,231.1204511941366,0.014002287288999216,0
1595632022.9334464,232.92092154630944,0.014002287288999216,0
1595632022.9434433,234.72036193022058,0.014002287288999216,0
1595632022.9534497,236.52151892790124,0.014002287288999216,0
1595632022.9634452,238.32070181974694,0.014002287288999216,0
1595632022.9734533,240.12215922483728,0.014002287288999216,0
1595632022.9834516,241.92185710081384,0.014002287288999216,0
1595632022.9934566,243.72275660642907,0.014002287288999216,0
1595632023.0034518,245.52189658293054,0.014002287288999216,0
1595632023.013456,247.32266734251306,0.014002287288999216,0
1595632023.0234506,249.1216785729818,0.014002287288999216,0
1595632023.0334544,250.92236350187585,0.014002287288999216,0
1595632023.0434537,252.72223303922937,0.014002287288999216,0
1595632023.0534472,254.52107260832116,0.014002287288999216,0
1595632023.0634453,256.3207275689535,0.014002287288999216,0
1595632023.0734613,258.1236011804037,0.014002287288999216,0
1595632023.083461,259.9235565484457,0.014002287288999216,0
1595632023.09345,261.72158072599694,0.014002287288999216,0
1595632023.1034448,263.52063487180993,0.014002287288999216,0
1595632023.1134593,265.3232509911947,0.014002287288999216,0
1595632023.1234505,267.1216614068441,0.014002287288999216,0
1595632023.1334493,268.92144511350915,0.014002287288999216,0
1595632023.1434479,270.72118590482995,0.014002287288999216,0
1595632023.1534572,272.5228578866415,0.014002287288999216,0
1595632023.163456,274.3226415933065,0.014002287288999216,0
1595632023.1734478,276.12118075498864,0.014002287288999216,0
1595632023.1834612,277.9235822976522,0.014002287288999216,0
1595632023.1934526,279.72203562864587,0.014002287288999216,0
1595632023.2034545,281.522377234786,0.014002287288999216,0
1595632023.2134492,283.321431380599,0.014002287288999216,0
1595632023.223461,285.1235325158529,0.014002287288999216,0
1595632023.2334552,286.9225008309774,0.014002287288999216,0
1595632023.2434478,288.72116873869226,0.014002287288999216,0
1595632023.2534516,290.5218536675863,0.014002287288999216,0
1595632023.263454,292.3222811044149,0.014002287288999216,0
1595632023.2734563,294.1227085412435,0.014002287288999216,0
1595632023.2834458,295.9208185494833,0.014002287288999216,0
1595632023.2934563,297.722705108016,0.014002287288999216,0
1595632023.3034565,299.52274630674646,0.014002287288999216,0
1595632023.3134468,301.3209850610189,0.014002287288999216,0
1595632023.3234553,303.1225282967977,0.014002287288999216,0
1595632023.3334615,304.92364237913415,0.014002287288999216,0
1595632023.3434608,306.72351191648767,0.014002287288999216,0
1595632023.353448,308.52119277128503,0.014002287288999216,0
1595632023.3634539,310.3222639382772,0.014002287288999216,0
1595632023.373444,312.1205026925497,0.014002287288999216,0
1595632023.3834598,313.92333338865564,0.014002287288999216,0
1595632023.3934426,315.7202417672567,0.014002287288999216,0
1595632023.403444,317.52049754270837,0.014002287288999216,0
1595632023.4134436,319.3204099954061,0.014002287288999216,0
1595632023.423451,321.12173865446374,0.014002287288999216,0
1595632023.433443,322.9203207314901,0.014002287288999216,0
1595632023.4434507,324.72169230589196,0.014002287288999216,0
1595632023.4534454,326.52074645170495,0.014002287288999216,0
1595632023.4634511,328.3217747033529,0.014002287288999216,0
1595632023.473451,330.1217300713949,0.014002287288999216,0
1595632023.4834502,331.9215996087484,0.014002287288999216,0
1595632023.4934556,333.7225849450521,0.014002287288999216,0
1595632023.5034447,335.5206091226034,0.014002287288999216,0
1595632023.5134609,337.3235256493978,0.014002287288999216,0
1595632023.523449,339.12137816557214,0.014002287288999216,0
1595632023.5334563,340.92270682462976,0.014002287288999216,0
1595632023.543455,342.72244761595056,0.014002287288999216,0
1595632023.5534458,344.52081511625573,0.014002287288999216,0
1595632023.5634544,346.32235835203454,0.014002287288999216,0
1595632023.5734508,348.1217129052572,0.014002287288999216,0
1595632023.5834417,349.9200804055624,0.014002287288999216,0
1595632023.5934548,351.7224390328817,0.014002287288999216,0
1595632023.6034482,353.52123568662927,0.014002287288999216,0
1595632023.613451,355.32174895414636,0.014002287288999216,0
1595632023.6234503,357.1216184914999,0.014002287288999216,0
1595632023.6334596,358.9232904733114,0.014002287288999216,0
1595632023.639442,360,0.014002287288999216,1
1595632023.639442,2.4806833354274826,0.013781574085708237,0
1595632023.6494458,4.281368264321525,0.013781574085708237,0
1595632023.659461,6.084113129739006,0.013781574085708237,0
1595632023.669457,7.883381852273185,0.013781574085708237,0
1595632023.679444,9.681062707070549,0.013781574085708237,0
1595632023.6894581,11.483592995766838,0.013781574085708237,0
1595632023.699453,13.282690056924064,0.013781574085708237,0
1595632023.7094567,15.083332070473869,0.013781574085708237,0
1595632023.719456,16.883201607827385,0.013781574085708237,0
1595632023.7294533,18.682727822426994,0.013781574085708237,0
1595632023.7394438,20.481009492043693,0.013781574085708237,0
1595632023.7494555,22.2831106272976,0.013781574085708237,0
1595632023.7594554,24.08310891068383,0.013781574085708237,0
1595632023.7694502,25.882163056496818,0.013781574085708237,0
1595632023.7794592,27.683792122964103,0.013781574085708237,0
1595632023.789448,29.481773385171135,0.013781574085708237,0
1595632023.7994497,31.282072075967033,0.013781574085708237,0
1595632023.8094556,33.083143242959224,0.013781574085708237,0
1595632023.8194547,34.8829698649685,0.013781574085708237,0
1595632023.8294523,36.68253899491235,0.013781574085708237,0
1595632023.8394558,38.483181008462154,0.013781574085708237,0
1595632023.8494582,40.28360844529077,0.013781574085708237,0
1595632023.859456,42.08322049057885,0.013781574085708237,0
1595632023.8694468,43.88154507553979,0.013781574085708237,0
1595632023.8794591,45.68377495682641,0.013781574085708237,0
1595632023.8894527,47.48261452591821,0.013781574085708237,0
1595632023.8994505,49.282226571206294,0.013781574085708237,0
1595632023.909454,51.0828685847561,0.013781574085708237,0
1595632023.9194536,52.88278103745385,0.013781574085708237,0
1595632023.9294536,54.68277932084008,0.013781574085708237,0
1595632023.9394476,56.48170472062036,0.013781574085708237,0
1595632023.9494443,58.28110218918725,0.013781574085708237,0
1595632023.959454,60.08286000168725,0.013781574085708237,0
1595632023.969446,61.88139916336938,0.013781574085708237,0
1595632023.9794452,63.681268700722896,0.013781574085708237,0
1595632023.9894423,65.48075199997827,0.013781574085708237,0
1595632023.9994543,67.28289605057641,0.013781574085708237,0
1595632024.0094485,69.08186436570092,0.013781574085708237,0
1595632024.0194435,70.88096142685815,0.013781574085708237,0
1595632024.0294523,72.6825475779812,0.013781574085708237,0
1595632024.0394607,74.48404789841577,0.013781574085708237,0
1595632024.049449,76.28194332993432,0.013781574085708237,0
1595632024.0594442,78.08108330643579,0.013781574085708237,0
1595632024.0694542,79.88288403428002,0.013781574085708237,0
1595632024.0794494,81.68202401078149,0.013781574085708237,0
1595632024.0894535,83.48275185501977,0.013781574085708237,0
1595632024.0994596,85.2838659373562,0.013781574085708237,0
1595632024.109442,87.0806884852688,0.013781574085708237,0
1595632024.1194465,88.88150216019555,0.013781574085708237,0
1595632024.1294606,90.68403244889184,0.013781574085708237,0
1595632024.1394515,92.48239994919702,0.013781574085708237,0
1595632024.1494498,94.28209782517358,0.013781574085708237,0
1595632024.1594577,96.08351231491967,0.013781574085708237,0
1595632024.1694558,97.883167275552,0.013781574085708237,0
1595632024.179448,99.68174935257836,0.013781574085708237,0
1595632024.1894546,101.48294926560327,0.013781574085708237,0
1595632024.1994483,103.2818317500393,0.013781574085708237,0
1595632024.2094471,105.08161545670434,0.013781574085708237,0
1595632024.2194529,106.88264370835229,0.013781574085708237,0
1595632024.2294438,108.68101120865747,0.013781574085708237,0
1595632024.2394552,110.48306942856713,0.013781574085708237,0
1595632024.2494535,112.2827673045437,0.013781574085708237,0
1595632024.2594569,114.08336640274926,0.013781574085708237,0
1595632024.2694535,115.88276387131616,0.013781574085708237,0
1595632024.2794416,117.68061638749047,0.013781574085708237,0
1595632024.2894583,119.48361874497338,0.013781574085708237,0
1595632024.293007,120.12237072861596,0.013781574085708237,0
1595632024.293007,120.12237072861596,0.013781574085708237,0
1595632024.2994502,121.28215790665551,0.013781574085708237,0
1595632024.309446,123.08142662918969,0.013781574085708237,0
1595632024.3194585,124.88365651047631,0.013781574085708237,0
1595632024.329442,126.6806936351101,0.013781574085708237,0
1595632024.3394582,128.48361016190452,0.013781574085708237,0
1595632024.3494532,130.28270722306175,0.013781574085708237,0
1595632024.3594553,132.08309174454612,0.013781574085708237,0
1595632024.36946,133.88394833481712,0.013781574085708237,0
1595632024.3794513,135.68235875046653,0.013781574085708237,0
1595632024.3894577,137.4835157481472,0.013781574085708237,0
1595632024.399442,139.2806816188137,0.013781574085708237,0
1595632024.4094548,141.0829973307888,0.013781574085708237,0
1595632024.419454,142.88286686814232,0.013781574085708237,0
1595632024.4294538,144.6828222361843,0.013781574085708237,0
1595632024.4394412,146.4805460063259,0.013781574085708237,0
1595632024.4494486,148.28187466538353,0.013781574085708237,0
1595632024.4594495,150.0820446101467,0.013781574085708237,0
1595632024.4694462,151.8814420787136,0.013781574085708237,0
1595632024.4794557,153.68315697586937,0.013781574085708237,0
1595632024.4894505,155.48221112168235,0.013781574085708237,0
1595632024.4994512,157.2823381511013,0.013781574085708237,0
1595632024.5094428,159.0808343974392,0.013781574085708237,0
1595632024.5194592,160.88379383957786,0.013781574085708237,0
1595632024.5294497,162.68207550919456,0.013781574085708237,0
1595632024.5394475,164.48168755448265,0.013781574085708237,0
1595632024.5494447,166.28117085373802,0.013781574085708237,0
1595632024.5594516,168.08241368210716,0.013781574085708237,0
1595632024.5694559,169.88318444168968,0.013781574085708237,0
1595632024.5794446,171.6811657038967,0.013781574085708237,0
1595632024.589459,173.48373890793724,0.013781574085708237,0
1595632024.5994534,175.282750138406,0.013781574085708237,0
1595632024.6094487,177.08189011490745,0.013781574085708237,0
1595632024.619452,178.88248921311302,0.013781574085708237,0
1595632024.6294568,180.68334580338401,0.013781574085708237,0
1595632024.639446,182.48141289627952,0.013781574085708237,0
1595632024.6494558,184.28317070877952,0.013781574085708237,0
1595632024.6594431,186.08089447892112,0.013781574085708237,0
1595632024.6694474,187.88166523850364,0.013781574085708237,0
1595632024.679443,189.68084813034935,0.013781574085708237,0
1595632024.6894512,191.48234845078392,0.013781574085708237,0
1595632024.6994572,193.2834196177761,0.013781574085708237,0
1595632024.7094512,195.08234501755638,0.013781574085708237,0
1595632024.7194562,196.8832445231716,0.013781574085708237,0
1595632024.7294452,198.68126870072288,0.013781574085708237,0
1595632024.739454,200.48285485184593,0.013781574085708237,0
1595632024.7494602,202.28396893418235,0.013781574085708237,0
1595632024.7594438,204.08100605881614,0.013781574085708237,0
1595632024.7694592,205.88379383957786,0.013781574085708237,0
1595632024.7794454,207.68130303299827,0.013781574085708237,0
1595632024.7894537,209.48280335343284,0.013781574085708237,0
1595632024.7994497,211.28207207596702,0.013781574085708237,0
1595632024.809445,213.0812120524685,0.013781574085708237,0
1595632024.8194485,214.8818540660183,0.013781574085708237,0
1595632024.8294463,216.68146611130638,0.013781574085708237,0
1595632024.8394594,218.4838247386257,0.013781574085708237,0
1595632024.8494473,220.2816343394558,0.013781574085708237,0
1595632024.859445,222.08124638474388,0.013781574085708237,0
1595632024.869444,223.88103009140892,0.013781574085708237,0
1595632024.8794456,225.68132878220482,0.013781574085708237,0
1595632024.8894439,227.48102665818138,0.013781574085708237,0
1595632024.8994496,229.28205490982933,0.013781574085708237,0
1595632024.9094467,231.0815382090847,0.013781574085708237,0
1595632024.9194522,232.8825235453884,0.013781574085708237,0
1595632024.9294462,234.68144894516868,0.013781574085708237,0
1595632024.9394553,236.48307801163597,0.013781574085708237,0
1595632024.9494593,238.28380585587425,0.013781574085708237,0
1595632024.9594479,240.08174420273704,0.013781574085708237,0
1595632024.9694571,241.88341618454857,0.013781574085708237,0
1595632024.979459,243.6837577906887,0.013781574085708237,0
1595632024.989457,245.4833698359768,0.013781574085708237,0
1595632024.999447,247.28160859024925,0.013781574085708237,0
1595632025.0094411,249.08053399002952,0.013781574085708237,0
1595632025.0194533,250.8827209559719,0.013781574085708237,0
1595632025.029443,252.6808738795559,0.013781574085708237,0
1595632025.0394444,254.48112965500755,0.013781574085708237,0
1595632025.049455,256.28301621354024,0.013781574085708237,0
1595632025.0594447,258.0811691371242,0.013781574085708237,0
1595632025.0694418,259.8806524363796,0.013781574085708237,0
1595632025.079447,261.68159485733906,0.013781574085708237,0
1595632025.0894415,263.4806060878078,0.013781574085708237,0
1595632025.0994513,265.2823639003078,0.013781574085708237,0
1595632025.1094549,267.0830059138576,0.013781574085708237,0
1595632025.119459,268.8837337580959,0.013781574085708237,0
1595632025.129452,270.6824874964992,0.013781574085708237,0
1595632025.1394527,272.48261452591817,0.013781574085708237,0
1595632025.1494474,274.28166867173115,0.013781574085708237,0
1595632025.1594555,276.0831260768215,0.013781574085708237,0
1595632025.1694508,277.88226605332295,0.013781574085708237,0
1595632025.1794426,279.6808052150051,0.013781574085708237,0
1595632025.1894588,281.4837217417995,0.013781574085708237,0
1595632025.1994553,283.28307629502217,0.013781574085708237,0
1595632025.2094438,285.08101464188496,0.013781574085708237,0
1595632025.219448,286.8817854014675,0.013781574085708237,0
1595632025.2294545,288.68294239914815,0.013781574085708237,0
1595632025.2394524,290.48255444443623,0.013781574085708237,0
1595632025.2494562,292.2832393733303,0.013781574085708237,0
1595632025.2594492,294.0819931117336,0.013781574085708237,0
1595632025.2694457,295.88134766495625,0.013781574085708237,0
1595632025.2794418,297.68065930283467,0.013781574085708237,0
1595632025.2894466,299.48151589310567,0.013781574085708237,0
1595632025.2994573,301.2834453669826,0.013781574085708237,0
1595632025.3094578,303.0835294810573,0.013781574085708237,0
1595632025.3194575,304.8834848490993,0.013781574085708237,0
1595632025.3294404,306.6803932277004,0.013781574085708237,0
1595632025.3394494,308.4820222941677,0.013781574085708237,0
1595632025.349452,310.28249264634053,0.013781574085708237,0
1595632025.3594437,312.0809888926784,0.013781574085708237,0
1595632025.3694487,313.88188839829365,0.013781574085708237,0
1595632025.3794417,315.680642136697,0.013781574085708237,0
1595632025.3894458,317.48136998093526,0.013781574085708237,0
1595632025.3994563,319.28325653946797,0.013781574085708237,0
1595632025.4094524,321.0825681773464,0.013781574085708237,0
1595632025.4194496,322.88205147660176,0.013781574085708237,0
1595632025.4294536,324.68277932084004,0.013781574085708237,0
1595632025.4394577,326.4835071650783,0.013781574085708237,0
1595632025.4494476,328.28170300400654,0.013781574085708237,0
1595632025.4594412,330.08054257309834,0.013781574085708237,0
1595632025.4694538,331.8828153697292,0.013781574085708237,0
1595632025.4794507,333.68225575364033,0.013781574085708237,0
1595632025.4894426,335.48079491532246,0.013781574085708237,0
1595632025.4994473,337.28165150559346,0.013781574085708237,0
1595632025.5094402,339.08036232865254,0.013781574085708237,0
1595632025.519451,340.8822918025295,0.013781574085708237,0
1595632025.5294583,342.6836204615871,0.013781574085708237,0
1595632025.5394485,344.4818592158596,0.013781574085708237,0
1595632025.5494418,346.28065586960713,0.013781574085708237,0
1595632025.5594504,348.08219910538594,0.013781574085708237,0
1595632025.5694408,349.88048077500264,0.013781574085708237,0
1595632025.579451,351.6823244181911,0.013781574085708237,0
1595632025.5894437,353.48099232590596,0.013781574085708237,0
1595632025.5994475,355.2816772548,0.013781574085708237,0
1595632025.6094568,357.0833492366115,0.013781574085708237,0
1595632025.6194491,358.88197422898213,0.013781574085708237,0
1595632025.6256738,360,0.013781574085708237,1
1595632025.6256738,2.4266328559087835,0.013481293643937686,0
1595632025.635674,4.226674054639252,0.013481293643937686,0
1595632025.6456892,6.029418920056733,0.013481293643937686,0
1595632025.6556752,7.826885198132905,0.013481293643937686,0
1595632025.6656842,9.62851426460019,0.013481293643937686,0
1595632025.6756814,11.42799756385556,0.013481293643937686,0
1595632025.6856754,13.226922963635834,0.013481293643937686,0
1595632025.6956909,15.029710744397553,0.013481293643937686,0
1595632025.7056882,16.829236958997164,0.013481293643937686,0
1595632025.715693,18.63009354926816,0.013481293643937686,0
1595632025.7256904,20.42961976386777,0.013481293643937686,0
1595632025.7356815,22.228030179517184,0.013481293643937686,0
1595632025.7456768,24.02717015601865,0.013481293643937686,0
1595632025.755677,25.827211354749117,0.013481293643937686,0
1595632025.7656922,27.629956220166598,0.013481293643937686,0
1595632025.7756784,29.427465413587008,0.013481293643937686,0
1595632025.785676,31.227034543530856,0.013481293643937686,0
1595632025.7956738,33.02664658881894,0.013481293643937686,0
1595632025.8056843,34.828533147351656,0.013481293643937686,0
1595632025.8156917,36.629861806409274,0.013481293643937686,0
1595632025.8256843,38.42852971412412,0.013481293643937686,0
1595632025.835684,40.22848508216611,0.013481293643937686,0
1595632025.8456879,42.02917001106015,0.013481293643937686,0
1595632025.8556862,43.828867887036715,0.013481293643937686,0
1595632025.865681,45.6279220328497,0.013481293643937686,0
1595632025.875682,47.428134892957125,0.013481293643937686,0
1595632025.8856757,49.22697446204892,0.013481293643937686,0
1595632025.8956852,51.028689359204684,0.013481293643937686,0
1595632025.905676,52.82701394416562,0.013481293643937686,0
1595632025.9156823,54.628170941846285,0.013481293643937686,0
1595632025.9256907,56.429671262280856,0.013481293643937686,0
1595632025.935674,58.226665471570406,0.013481293643937686,0
1595632025.9456873,60.02906701423398,0.013481293643937686,0
1595632025.955679,61.82756326057187,0.013481293643937686,0
1595632025.9656837,63.62841985084287,0.013481293643937686,0
1595632025.9756837,65.42841813422909,0.013481293643937686,0
1595632025.9856782,67.22742936469784,0.013481293643937686,0
1595632025.9956837,69.02841470100155,0.013481293643937686,0
1595632026.0056899,70.82952878333798,0.013481293643937686,0
1595632026.015686,72.6288404212164,0.013481293643937686,0
1595632026.025689,74.42935368873349,0.013481293643937686,0
1595632026.0356753,76.22690579749813,0.013481293643937686,0
1595632026.0456917,78.0298652396368,0.013481293643937686,0
1595632026.0556765,79.82711694099179,0.013481293643937686,0
1595632026.0656826,81.62823102332821,0.013481293643937686,0
1595632026.0756872,83.42904469825497,0.013481293643937686,0
1595632026.085688,85.22921464301815,0.013481293643937686,0
1595632026.095689,87.02938458778134,0.013481293643937686,0
1595632026.1056817,88.82805249549618,0.013481293643937686,0
1595632026.1156766,90.6271495566534,0.013481293643937686,0
1595632026.1256816,92.42804906226864,0.013481293643937686,0
1595632026.135679,94.22757527686825,0.013481293643937686,0
1595632026.1456883,96.02924725867977,0.013481293643937686,0
1595632026.1556897,97.82950303413143,0.013481293643937686,0
1595632026.1656737,99.6266259894537,0.013481293643937686,0
1595632026.1756768,101.42718217231503,0.013481293643937686,0
1595632026.1856835,103.22838208533993,0.013481293643937686,0
1595632026.1956766,105.02713582374325,0.013481293643937686,0
1595632026.2056797,106.82769200660458,0.013481293643937686,0
1595632026.2156868,108.62897775031796,0.013481293643937686,0
1595632026.2256863,110.42889020301571,0.013481293643937686,0
1595632026.2356844,112.22854516364804,0.013481293643937686,0
1595632026.2456894,114.02944466926327,0.013481293643937686,0
1595632026.2556736,115.82661053992977,0.013481293643937686,0
1595632026.2656662,117.62527844764462,0.013481293643937686,0
1595632026.2656662,117.62527844764462,0.013481293643937686,0
1595632026.2658014,117.64961144782772,0.013481293643937686,0
1595632026.2756853,119.42870995856991,0.013481293643937686,0
1595632026.2856884,121.22926614143124,0.013481293643937686,0
1595632026.29569,123.02956483222714,0.013481293643937686,0
1595632026.3056905,124.82964894630184,0.013481293643937686,0
1595632026.315673,126.62651440955868,0.013481293643937686,0
1595632026.3256845,128.42857262946836,0.013481293643937686,0
1595632026.335681,130.22792718269102,0.013481293643937686,0
1595632026.3456755,132.02693841315977,0.013481293643937686,0
1595632026.3556812,133.82796666480772,0.013481293643937686,0
1595632026.3663042,135.74010274268858,0.013481293643937686,0
1595632026.3756819,137.4280919776129,0.013481293643937686,0
1595632026.3856819,139.22809026099912,0.013481293643937686,0
1595632026.3956738,141.02662942268125,0.013481293643937686,0
1595632026.405685,142.82864472724668,0.013481293643937686,0
1595632026.4156797,144.62769887305967,0.013481293643937686,0
1595632026.425687,146.4290275321173,0.013481293643937686,0
1595632026.4356768,148.22718045570127,0.013481293643937686,0
1595632026.4456766,150.02713582374327,0.013481293643937686,0
1595632026.4556897,151.8294944510626,0.013481293643937686,0
1595632026.4656837,153.62841985084287,0.013481293643937686,0
1595632026.4756737,155.4266156897711,0.013481293643937686,0
1595632026.485679,157.22755811073057,0.013481293643937686,0
1595632026.4956863,159.0288867697882,0.013481293643937686,0
1595632026.505683,160.82828423835508,0.013481293643937686,0
1595632026.5156832,162.62832543708555,0.013481293643937686,0
1595632026.525685,164.4286670432257,0.013481293643937686,0
1595632026.5356889,166.22935197211973,0.013481293643937686,0
1595632026.545679,168.0275907263922,0.013481293643937686,0
1595632026.555673,169.82647321082823,0.013481293643937686,0
1595632026.5656781,171.6274156317877,0.013481293643937686,0
1595632026.57568,173.42775723792784,0.013481293643937686,0
1595632026.5856848,175.22861382819883,0.013481293643937686,0
1595632026.595673,177.0265092597174,0.013481293643937686,0
1595632026.6056807,178.82788083411924,0.013481293643937686,0
1595632026.6156788,180.62753579475157,0.013481293643937686,0
1595632026.6256766,182.42714784003965,0.013481293643937686,0
1595632026.6356895,184.22946355201475,0.013481293643937686,0
1595632026.6456788,186.02753064491026,0.013481293643937686,0
1595632026.6556845,187.8285588965582,0.013481293643937686,0
1595632026.6656768,189.6271838889288,0.013481293643937686,0
1595632026.675678,191.42739674903623,0.013481293643937686,0
1595632026.6856914,193.2297982916998,0.013481293643937686,0
1595632026.6956797,195.02769372321836,0.013481293643937686,0
1595632026.7056837,196.82842156745664,0.013481293643937686,0
1595632026.715682,198.6281194434332,0.013481293643937686,0
1595632026.725682,200.42811772681944,0.013481293643937686,0
1595632026.7356772,202.2272577033209,0.013481293643937686,0
1595632026.745679,204.0275563941168,0.013481293643937686,0
1595632026.7556868,205.8289708838629,0.013481293643937686,0
1595632026.7656739,207.62665173866026,0.013481293643937686,0
1595632026.7756915,209.42982575752012,0.013481293643937686,0
1595632026.7856753,211.22690579749815,0.013481293643937686,0
1595632026.7956886,213.02930734016172,0.013481293643937686,0
1595632026.8056755,214.82694527961485,0.013481293643937686,0
1595632026.81569,216.6295613989996,0.013481293643937686,0
1595632026.8256757,218.42698476173155,0.013481293643937686,0
1595632026.8356774,220.22728345252744,0.013481293643937686,0
1595632026.8456912,222.0297708258795,0.013481293643937686,0
1595632026.855677,223.82719418861143,0.013481293643937686,0
1595632026.865674,225.6266774878668,0.013481293643937686,0
1595632026.8756833,227.42834946967832,0.013481293643937686,0
1595632026.8856752,229.22688863136045,0.013481293643937686,0
1595632026.8956778,231.0273589835333,0.013481293643937686,0
1595632026.9056845,232.8285588965582,0.013481293643937686,0
1595632026.915685,234.6286430106329,0.013481293643937686,0
1595632026.9256775,236.42731091834776,0.013481293643937686,0
1595632026.9356823,238.22816750861875,0.013481293643937686,0
1595632026.945675,240.0268354163336,0.013481293643937686,0
1595632026.9556875,241.82910821296446,0.013481293643937686,0
1595632026.9656725,243.62640282966368,0.013481293643937686,0
1595632026.975677,245.42721650459043,0.013481293643937686,0
1595632026.9856784,247.2274722800421,0.013481293643937686,0
1595632026.9956753,249.02691266395323,0.013481293643937686,0
1595632027.005674,250.82665345527403,0.013481293643937686,0
1595632027.0156894,252.62944123603575,0.013481293643937686,0
1595632027.025684,254.42849538184873,0.013481293643937686,0
1595632027.0356786,256.2275066123175,0.013481293643937686,0
1595632027.0456815,258.0280198798346,0.013481293643937686,0
1595632027.0556834,259.8283614859747,0.013481293643937686,0
1595632027.0656745,261.6267719016241,0.013481293643937686,0
1595632027.0756903,263.4296025977301,0.013481293643937686,0
1595632027.0856748,265.2268113837408,0.013481293643937686,0
1595632027.0956764,267.0271100745367,0.013481293643937686,0
1595632027.1056895,268.82946870185606,0.013481293643937686,0
1595632027.1156738,270.62663457252256,0.013481293643937686,0
1595632027.1256833,272.4283494696783,0.013481293643937686,0
1595632027.1356895,274.22946355201475,0.013481293643937686,0
1595632027.1456797,276.0277023062872,0.013481293643937686,0
1595632027.155688,277.8292026267218,0.013481293643937686,0
1595632027.1656902,279.62958714820616,0.013481293643937686,0
1595632027.1756833,281.4283408866095,0.013481293643937686,0
1595632027.185673,283.22649381019346,0.013481293643937686,0
1595632027.1956866,285.0289382682013,0.013481293643937686,0
1595632027.205674,286.8266620383429,0.013481293643937686,0
1595632027.2156813,288.6279906974005,0.013481293643937686,0
1595632027.2256804,290.42781731940977,0.013481293643937686,0
1595632027.2356896,292.2294893012213,0.013481293643937686,0
1595632027.2456858,294.0288009390997,0.013481293643937686,0
1595632027.2556808,295.82789800025694,0.013481293643937686,0
1595632027.2656903,297.6296128974127,0.013481293643937686,0
1595632027.2756772,299.4272508368658,0.013481293643937686,0
1595632027.2856824,301.2281932578253,0.013481293643937686,0
1595632027.2956872,303.0290498480963,0.013481293643937686,0
1595632027.3056824,304.82818982459776,0.013481293643937686,0
1595632027.3156745,306.6267719016241,0.013481293643937686,0
1595632027.325691,308.4297313437628,0.013481293643937686,0
1595632027.3356802,310.2277984366583,0.013481293643937686,0
1595632027.3456752,312.02689549781553,0.013481293643937686,0
1595632027.3556876,313.82912537910215,0.013481293643937686,0
1595632027.3656878,315.6291665778326,0.013481293643937686,0
1595632027.3756807,317.4278774008917,0.013481293643937686,0
1595632027.385688,319.2292060599493,0.013481293643937686,0
1595632027.3956761,321.02705857612364,0.013481293643937686,0
1595632027.405677,322.8272285208868,0.013481293643937686,0
1595632027.415684,324.62847134925596,0.013481293643937686,0
1595632027.425688,326.42919919349424,0.013481293643937686,0
1595632027.4356844,328.2285537467169,0.013481293643937686,0
1595632027.44568,330.0277366385626,0.013481293643937686,0
1595632027.455675,331.8268336997198,0.013481293643937686,0
1595632027.465675,333.6268748984503,0.013481293643937686,0
1595632027.4756882,335.42923352576963,0.013481293643937686,0
1595632027.485674,337.22665688850157,0.013481293643937686,0
1595632027.4956882,339.0292300925421,0.013481293643937686,0
1595632027.5056884,340.82927129127256,0.013481293643937686,0
1595632027.515678,342.6273812995123,0.013481293643937686,0
1595632027.5256789,344.4275512442755,0.013481293643937686,0
1595632027.5356913,346.2297811255621,0.013481293643937686,0
1595632027.5456889,348.02935025550596,0.013481293643937686,0
1595632027.5556767,349.82715985633604,0.013481293643937686,0
1595632027.5656781,351.6274156317877,0.013481293643937686,0
1595632027.575674,353.4266843543219,0.013481293643937686,0
1595632027.585681,355.227927182691,0.013481293643937686,0
1595632027.5956762,357.0270671591925,0.013481293643937686,0
1595632027.6056793,358.8276233420538,0.013481293643937686,0
1595632027.612199,360,0.013481293643937686,1
1595632027.612199,2.376188245662696,0.0132010458092372,0
1595632027.6222,4.17635819042588,0.0132010458092372,0
1595632027.6322055,5.977343526729591,0.0132010458092372,0
1595632027.6422157,7.7791871699180675,0.0132010458092372,0
1595632027.6522033,9.576953855403907,0.0132010458092372,0
1595632027.662208,11.377810445674903,0.0132010458092372,0
1595632027.6721995,13.176263776668556,0.0132010458092372,0
1595632027.6822062,14.977463689693458,0.0132010458092372,0
1595632027.6922033,16.77694698894883,0.0132010458092372,0
1595632027.702206,18.57741734112168,0.0132010458092372,0
1595632027.712207,20.377630201229103,0.0132010458092372,0
1595632027.722214,22.178873029598243,0.0132010458092372,0
1595632027.732218,23.979600873836524,0.0132010458092372,0
1595632027.7422156,25.779170003780372,0.0132010458092372,0
1595632027.752211,27.578352895626075,0.0132010458092372,0
1595632027.762215,29.37903782452012,0.0132010458092372,0
1595632027.7722044,31.177147832759864,0.0132010458092372,0
1595632027.7822056,32.977360692867286,0.0132010458092372,0
1595632027.7921994,34.77624317730332,0.0132010458092372,0
1595632027.8022013,36.57658478344346,0.0132010458092372,0
1595632027.8122094,38.37804218853379,0.0132010458092372,0
1595632027.8222108,40.17829796398545,0.0132010458092372,0
1595632027.8322096,41.97808167065049,0.0132010458092372,0
1595632027.8422155,43.77915283764268,0.0132010458092372,0
1595632027.8522124,45.57859322155381,0.0132010458092372,0
1595632027.8621995,47.37627407635117,0.0132010458092372,0
1595632027.8722103,49.178203550228126,0.0132010458092372,0
1595632027.8822026,50.97682854259873,0.0132010458092372,0
1595632027.8922172,52.7794446619835,0.0132010458092372,0
1595632027.9021993,54.57622429455186,0.0132010458092372,0
1595632027.9122007,56.37648007000352,0.0132010458092372,0
1595632027.9222078,58.177765813716896,0.0132010458092372,0
1595632027.932201,59.976519552120216,0.0132010458092372,0
1595632027.942213,61.7787065180626,0.0132010458092372,0
1595632027.9522073,63.57767483318711,0.0132010458092372,0
1595632027.9622116,65.37844559276962,0.0132010458092372,0
1595632027.9722042,67.17711350048447,0.0132010458092372,0
1595632027.9822178,68.97955795849228,0.0132010458092372,0
1595632027.9922044,70.77715298260117,0.0132010458092372,0
1595632028.0022104,72.57822414959335,0.0132010458092372,0
1595632028.0122178,74.37955280865097,0.0132010458092372,0
1595632028.022215,76.17903610790634,0.0132010458092372,0
1595632028.0322003,77.97641655529404,0.0132010458092372,0
1595632028.0422072,79.77765938366318,0.0132010458092372,0
1595632028.052215,81.57907387340927,0.0132010458092372,0
1595632028.062207,83.3776130350914,0.0132010458092372,0
1595632028.0722005,85.1764526041832,0.0132010458092372,0
1595632028.082209,86.977995839962,0.0132010458092372,0
1595632028.092203,88.77687832439804,0.0132010458092372,0
1595632028.102204,90.57709118450546,0.0132010458092372,0
1595632028.112215,92.37906357372665,0.0132010458092372,0
1595632028.1222136,94.17880436504745,0.0132010458092372,0
1595632028.132218,95.97957512462997,0.0132010458092372,0
1595632028.1422102,97.77820011700058,0.0132010458092372,0
1595632028.1522086,99.57789799297714,0.0132010458092372,0
1595632028.1622121,101.37854000652695,0.0132010458092372,0
1595632028.1722019,103.17669293011093,0.0132010458092372,0
1595632028.182216,104.97922321880722,0.0132010458092372,0
1595632028.1922102,106.77819153393173,0.0132010458092372,0
1595632028.2022002,108.57638737285995,0.0132010458092372,0
1595632028.2122006,110.37647148693466,0.0132010458092372,0
1595632028.2222161,112.17925926769638,0.0132010458092372,0
1595632028.232204,113.97706886852646,0.0132010458092372,0
1595632028.2382495,115.06527325237656,0.0132010458092372,0
1595632028.2382495,115.06527325237656,0.0132010458092372,0
1595632028.242214,115.7788695963707,0.0132010458092372,0
1595632028.2522175,117.5795116099205,0.0132010458092372,0
1595632028.2622144,119.37895199383163,0.0132010458092372,0
1595632028.2722132,121.17873570049667,0.0132010458092372,0
1595632028.2822137,122.97881981457138,0.0132010458092372,0
1595632028.292206,124.77744480694199,0.0132010458092372,0
1595632028.3022106,126.57825848186874,0.0132010458092372,0
1595632028.3122056,128.37735554302597,0.0132010458092372,0
1595632028.3222065,130.17752548778915,0.0132010458092372,0
1595632028.3322144,131.97893997753525,0.0132010458092372,0
1595632028.342217,133.7794103297081,0.0132010458092372,0
1595632028.3522122,135.57855030620956,0.0132010458092372,0
1595632028.362205,137.37726112926865,0.0132010458092372,0
1595632028.3722045,139.1771735819664,0.0132010458092372,0
1595632028.3822002,140.97639938915634,0.0132010458092372,0
1595632028.3922145,142.77897259319687,0.0132010458092372,0
1595632028.4021997,144.57631012524033,0.0132010458092372,0
1595632028.4122012,146.376565900692,0.0132010458092372,0
1595632028.4222026,148.17682167614365,0.0132010458092372,0
1595632028.4322073,149.97767826641464,0.0132010458092372,0
1595632028.4422028,151.77686115826035,0.0132010458092372,0
1595632028.4522069,153.57758900249863,0.0132010458092372,0
1595632028.4622037,155.37702938640976,0.0132010458092372,0
1595632028.4722066,157.17754265392685,0.0132010458092372,0
1595632028.4822097,158.97809883678818,0.0132010458092372,0
1595632028.492205,160.77723881328964,0.0132010458092372,0
1595632028.5021996,162.57629295910263,0.0132010458092372,0
1595632028.5122073,164.3776645335045,0.0132010458092372,0
1595632028.522211,166.17834946239853,0.0132010458092372,0
1595632028.5322168,167.97937771404648,0.0132010458092372,0
1595632028.5422163,169.77929016674423,0.0132010458092372,0
1595632028.5522168,171.57937428081894,0.0132010458092372,0
1595632028.5622013,173.37658306682968,0.0132010458092372,0
1595632028.5722172,175.17945667827988,0.0132010458092372,0
1595632028.5822089,176.97795292461777,0.0132010458092372,0
1595632028.592205,178.77726456249619,0.0132010458092372,0
1595632028.6022046,180.57717701519397,0.0132010458092372,0
1595632028.6122165,182.3793210657921,0.0132010458092372,0
1595632028.6221993,184.1762294443932,0.0132010458092372,0
1595632028.6322012,185.97657105053332,0.0132010458092372,0
1595632028.6422012,187.77656933391955,0.0132010458092372,0
1595632028.6521993,189.57622429455188,0.0132010458092372,0
1595632028.6622138,191.37884041393664,0.0132010458092372,0
1595632028.6722074,193.17767998302844,0.0132010458092372,0
1595632028.6822088,194.9779357584801,0.0132010458092372,0
1595632028.6922143,196.7789210947838,0.0132010458092372,0
1595632028.7022092,198.57801815594104,0.0132010458092372,0
1595632028.7122023,200.37677189434436,0.0132010458092372,0
1595632028.7222164,202.17930218304065,0.0132010458092372,0
1595632028.7322085,203.97788426006701,0.0132010458092372,0
1595632028.7422101,205.7781829508629,0.0132010458092372,0
1595632028.752213,207.57869621838,0.0132010458092372,0
1595632028.7622085,209.3778791102257,0.0132010458092372,0
1595632028.7721982,211.1760320338097,0.0132010458092372,0
1595632028.7822006,212.9764594706383,0.0132010458092372,0
1595632028.792215,214.77907559002307,0.0132010458092372,0
1595632028.8022058,216.577400174984,0.0132010458092372,0
1595632028.8121989,218.37615391338733,0.0132010458092372,0
1595632028.8222146,220.17898460949328,0.0132010458092372,0
1595632028.8322055,221.97735210979846,0.0132010458092372,0
1595632028.8422034,223.77696415508655,0.0132010458092372,0
1595632028.8522012,225.57657620037463,0.0132010458092372,0
1595632028.8621993,227.37623116100696,0.0132010458092372,0
1595632028.8722034,229.17695900524524,0.0132010458092372,0
1595632028.882213,230.97871681774524,0.0132010458092372,0
1595632028.8921986,232.77609726513293,0.0132010458092372,0
1595632028.9022043,234.57712551678088,0.0132010458092372,0
1595632028.912199,236.37617966259387,0.0132010458092372,0
1595632028.9221995,238.17626377666858,0.0132010458092372,0
1595632028.9322174,239.97948071087268,0.0132010458092372,0
1595632028.9422157,241.77917858684924,0.0132010458092372,0
1595632028.9522142,243.57891937817004,0.0132010458092372,0
1595632028.9622085,245.37788769329455,0.0132010458092372,0
1595632028.9722133,247.17874428356555,0.0132010458092372,0
1595632028.9822001,248.97638222301867,0.0132010458092372,0
1595632028.9922092,250.77801128948596,0.0132010458092372,0
1595632029.002213,252.57869621838,0.0132010458092372,0
1595632029.0122097,254.3780936869469,0.0132010458092372,0
1595632029.0221994,256.1762466105309,0.0132010458092372,0
1595632029.032198,257.9759874018517,0.0132010458092372,0
1595632029.042201,259.776543584713,0.0132010458092372,0
1595632029.0522127,261.5786447199669,0.0132010458092372,0
1595632029.0622132,263.3787288340416,0.0132010458092372,0
1595632029.0722015,265.1766242655602,0.0132010458092372,0
1595632029.0822048,266.97722336376575,0.0132010458092372,0
1595632029.0922003,268.77640625561145,0.0132010458092372,0
1595632029.1022136,270.578807798275,0.0132010458092372,0
1595632029.1122055,272.37734695995715,0.0132010458092372,0
1595632029.122212,274.1785039576378,0.0132010458092372,0
1595632029.132206,275.9774293574181,0.0132010458092372,0
1595632029.142207,277.7775993021813,0.0132010458092372,0
1595632029.1522145,279.5789708765831,0.0132010458092372,0
1595632029.1622138,281.37884041393664,0.0132010458092372,0
1595632029.172199,283.1761779459801,0.0132010458092372,0
1595632029.182216,284.97922321880725,0.0132010458092372,0
1595632029.192202,286.77673241222766,0.0132010458092372,0
1595632029.2022057,288.57737442577746,0.0132010458092372,0
1595632029.2122006,290.3764714869347,0.0132010458092372,0
1595632029.222206,292.1774568232384,0.0132010458092372,0
1595632029.232209,293.9779700907555,0.0132010458092372,0
1595632029.2422056,295.7773675593224,0.0132010458092372,0
1595632029.2522073,297.5776662501183,0.0132010458092372,0
1595632029.2621994,299.37624832714465,0.0132010458092372,0
1595632029.2721996,301.1762895258751,0.0132010458092372,0
1595632029.2822165,302.97933479870227,0.0132010458092372,0
1595632029.292202,304.77671524608996,0.0132010458092372,0
1595632029.3022027,306.5768422755089,0.0132010458092372,0
1595632029.3122146,308.37898632610705,0.0132010458092372,0
1595632029.3222103,310.178212133297,0.0132010458092372,0
1595632029.3321974,311.97589298809436,0.0132010458092372,0
1595632029.3422024,313.7767924937096,0.0132010458092372,0
1595632029.3522124,315.57859322155383,0.0132010458092372,0
1595632029.3622074,317.37769028271106,0.0132010458092372,0
1595632029.3722067,319.1775598200646,0.0132010458092372,0
1595632029.3822055,320.9773435267296,0.0132010458092372,0
1595632029.392207,322.7775993021813,0.0132010458092372,0
1595632029.4022045,324.5771684321251,0.0132010458092372,0
1595632029.412213,326.37871166790393,0.0132010458092372,0
1595632029.422205,328.17725082958606,0.0132010458092372,0
1595632029.4322157,329.979180303463,0.0132010458092372,0
1595632029.442208,331.7778052958336,0.0132010458092372,0
1595632029.4522147,333.5790052088585,0.0132010458092372,0
1595632029.4622042,335.37711521709826,0.0132010458092372,0
1595632029.4722066,337.1775426539269,0.0132010458092372,0
1595632029.4821992,338.9762105616417,0.0132010458092372,0
1595632029.4922156,340.7791700037804,0.0132010458092372,0
1595632029.5022001,342.57637878979114,0.0132010458092372,0
1595632029.5121977,344.375947919735,0.0132010458092372,0
1595632029.5221975,346.175903287777,0.0132010458092372,0
1595632029.532215,347.97907730663684,0.0132010458092372,0
1595632029.5422084,349.7778739603844,0.0132010458092372,0
1595632029.5522094,351.5780439051476,0.0132010458092372,0
1595632029.5622015,353.37662598217395,0.0132010458092372,0
1595632029.5722055,355.17735382641223,0.0132010458092372,0
1595632029.582201,356.97653671825793,0.0132010458092372,0
1595632029.5922127,358.77863785351184,0.0132010458092372,0
1595632029.5990047,360,0.0132010458092372,1
1595632029.5990047,2.3244727102428264,0.012913737279126813,0
1595632029.6090164,4.126573845496733,0.012913737279126813,0
1595632029.619018,5.926872536292631,0.012913737279126813,0
1595632029.62901,7.72541169797476,0.012913737279126813,0
1595632029.6390226,9.52768449460562,0.012913737279126813,0
1595632029.649016,11.326481148353178,0.012913737279126813,0
1595632029.6590068,13.124848648658354,0.012913737279126813,0
1595632029.669018,14.926863953223783,0.012913737279126813,0
1595632029.6790185,16.72694806729849,0.012913737279126813,0
1595632029.68901,18.525401398292143,0.012913737279126813,0
1595632029.6990135,20.326043411841948,0.012913737279126813,0
1595632029.7090151,22.126342102637846,0.012913737279126813,0
1595632029.719024,23.927928253760893,0.012913737279126813,0
1595632029.7290106,25.72552327786978,0.012913737279126813,0
1595632029.7390091,27.52526406919058,0.012913737279126813,0
1595632029.7490187,29.326978966346342,0.012913737279126813,0
1595632029.7590184,31.126934334388334,0.012913737279126813,0
1595632029.769011,32.92560224210318,0.012913737279126813,0
1595632029.7790182,34.72688798581656,0.012913737279126813,0
1595632029.7890046,36.52444009458121,0.012913737279126813,0
1595632029.7990227,38.32769994412955,0.012913737279126813,0
1595632029.8090134,40.126024529090486,0.012913737279126813,0
1595632029.819016,41.92649488126334,0.012913737279126813,0
1595632029.8290126,43.72589234983023,0.012913737279126813,0
1595632029.8390129,45.5259335485607,0.012913737279126813,0
1595632029.849008,47.325073525062166,0.012913737279126813,0
1595632029.8590052,49.12455682431754,0.012913737279126813,0
1595632029.869021,50.927387520423494,0.012913737279126813,0
1595632029.879015,52.72631292020377,0.012913737279126813,0
1595632029.8890195,54.527126595130525,0.012913737279126813,0
1595632029.899007,56.324893280616365,0.012913737279126813,0
1595632029.9090185,58.12695150052603,0.012913737279126813,0
1595632029.9190235,59.92785100614127,0.012913737279126813,0
1595632029.9290218,61.72754888211783,0.012913737279126813,0
1595632029.9390168,63.52664594327506,0.012913737279126813,0
1595632029.9490118,65.32574300443228,0.012913737279126813,0
1595632029.9590197,67.12715749417838,0.012913737279126813,0
1595632029.969014,68.92612580930289,0.012913737279126813,0
1595632029.9790192,70.72706823026236,0.012913737279126813,0
1595632029.9890187,72.52698068296012,0.012913737279126813,0
1595632029.9990165,74.3265927282482,0.012913737279126813,0
1595632030.0090141,76.12616185819205,0.012913737279126813,0
1595632030.0190177,77.92680387174185,0.012913737279126813,0
1595632030.0290105,79.72551469480094,0.012913737279126813,0
1595632030.0390093,81.52529840146597,0.012913737279126813,0
1595632030.0490189,83.32701329862174,0.012913737279126813,0
1595632030.0590103,85.12546662961539,0.012913737279126813,0
1595632030.0690117,86.92572240506705,0.012913737279126813,0
1595632030.0790117,88.72572068845328,0.012913737279126813,0
1595632030.0890079,90.5250323263317,0.012913737279126813,0
1595632030.0990126,92.3258889166027,0.012913737279126813,0
1595632030.1090076,94.12498597775992,0.012913737279126813,0
1595632030.1190147,95.9262717214733,0.012913737279126813,0
1595632030.1290069,97.72485379849967,0.012913737279126813,0
1595632030.1390195,99.52712659513053,0.012913737279126813,0
1595632030.1490126,101.32588033353385,0.012913737279126813,0
1595632030.1590118,103.12574987088736,0.012913737279126813,0
1595632030.1690075,104.9249756780773,0.012913737279126813,0
1595632030.1790128,106.72591809903678,0.012913737279126813,0
1595632030.1890173,108.52673177396353,0.012913737279126813,0
1595632030.1990106,110.32552842771109,0.012913737279126813,0
1595632030.209007,112.12488298093375,0.012913737279126813,0
1595632030.2095969,112.23105554257926,0.012913737279126813,0
1595632030.2095969,112.23105554257926,0.012913737279126813,0
1595632030.2190063,113.92475251828726,0.012913737279126813,0
1595632030.2290082,115.7250941244274,0.012913737279126813,0
1595632030.2390041,117.52436284696158,0.012913737279126813,0
1595632030.249018,119.32685022031363,0.012913737279126813,0
1595632030.2590065,121.12478856717642,0.012913737279126813,0
1595632030.2690077,122.92500142728385,0.012913737279126813,0
1595632030.2790067,124.72482804929312,0.012913737279126813,0
1595632030.2890084,126.52512674008902,0.012913737279126813,0
1595632030.2990172,128.32671289121205,0.012913737279126813,0
1595632030.3090193,130.12709741269643,0.012913737279126813,0
1595632030.3190095,131.9253361669689,0.012913737279126813,0
1595632030.3290117,133.72572068845326,0.012913737279126813,0
1595632030.3390124,135.5258477178722,0.012913737279126813,0
1595632030.3490198,137.32717637692983,0.012913737279126813,0
1595632030.3590202,139.12726049100453,0.012913737279126813,0
1595632030.369012,140.92579965268666,0.012913737279126813,0
1595632030.3790226,142.72768621121938,0.012913737279126813,0
1595632030.3890142,144.52618245755727,0.012913737279126813,0
1595632030.3990066,146.32480744992787,0.012913737279126813,0
1595632030.409015,148.12630777036244,0.012913737279126813,0
1595632030.4190128,149.92591981565053,0.012913737279126813,0
1595632030.4290204,151.7272913900524,0.012913737279126813,0
1595632030.4390225,153.52767591153676,0.012913737279126813,0
1595632030.4490142,155.32617215787465,0.012913737279126813,0
1595632030.459007,157.12488298093373,0.012913737279126813,0
1595632030.469013,158.92595414792592,0.012913737279126813,0
1595632030.4790175,160.72676782285268,0.012913737279126813,0
1595632030.4890213,162.52745275174672,0.012913737279126813,0
1595632030.499006,164.3247044531017,0.012913737279126813,0
1595632030.5090132,166.12599019681508,0.012913737279126813,0
1595632030.5190048,167.92448644315297,0.012913737279126813,0
1595632030.5290039,169.72431306516225,0.012913737279126813,0
1595632030.539015,171.52632836972768,0.012913737279126813,0
1595632030.549006,173.32469587003285,0.012913737279126813,0
1595632030.5590136,175.1260674444347,0.012913737279126813,0
1595632030.569007,176.92486409818227,0.012913737279126813,0
1595632030.5790184,178.72692231809194,0.012913737279126813,0
1595632030.5890143,180.52619104062612,0.012913737279126813,0
1595632030.5990186,182.32696180020864,0.012913737279126813,0
1595632030.609014,184.12614469205434,0.012913737279126813,0
1595632030.6190128,185.92592839871938,0.012913737279126813,0
1595632030.6290057,187.72463922177846,0.012913737279126813,0
1595632030.639008,189.52506665860707,0.012913737279126813,0
1595632030.649011,191.32557992612416,0.012913737279126813,0
1595632030.6590128,193.1259215322643,0.012913737279126813,0
1595632030.6690214,194.9274647680431,0.012913737279126813,0
1595632030.6790211,196.7274201360851,0.012913737279126813,0
1595632030.6890209,198.5273755041271,0.012913737279126813,0
1595632030.699008,200.32505635892446,0.012913737279126813,0
1595632030.7090154,202.12638501798207,0.012913737279126813,0
1595632030.7190187,203.92698411618764,0.012913737279126813,0
1595632030.7290041,205.72436456357534,0.012913737279126813,0
1595632030.7390103,207.52547864591176,0.012913737279126813,0
1595632030.7490122,209.3258202520519,0.012913737279126813,0
1595632030.7590203,211.12727765714223,0.012913737279126813,0
1595632030.769012,212.92577390348012,0.012913737279126813,0
1595632030.7790203,214.7272742239147,0.012913737279126813,0
1595632030.789013,216.52594213162953,0.012913737279126813,0
1595632030.799019,218.32705621396596,0.012913737279126813,0
1595632030.8090196,220.12714032804067,0.012913737279126813,0
1595632030.8190053,221.9245636907726,0.012913737279126813,0
1595632030.8290145,223.72623567258412,0.012913737279126813,0
1595632030.8390148,225.5262768713146,0.012913737279126813,0
1595632030.8490193,227.32709054624135,0.012913737279126813,0
1595632030.8590057,229.124642655006,0.012913737279126813,0
1595632030.8690145,230.92622880612905,0.012913737279126813,0
1595632030.8790042,232.72438172971303,0.012913737279126813,0
1595632030.8890202,234.52725534116323,0.012913737279126813,0
1595632030.8990226,236.32768277799184,0.012913737279126813,0
1595632030.9090219,238.12755231534535,0.012913737279126813,0
1595632030.9190109,239.92557649289662,0.012913737279126813,0
1595632030.929015,241.7263043371349,0.012913737279126813,0
1595632030.9390135,243.5260451284557,0.012913737279126813,0
1595632030.949004,245.3243267980724,0.012913737279126813,0
1595632030.9590204,247.12728624021108,0.012913737279126813,0
1595632030.9690137,248.92608289395864,0.012913737279126813,0
1595632030.9790034,250.72423581754262,0.012913737279126813,0
1595632030.9890134,252.52603654538686,0.012913737279126813,0
1595632030.9990215,254.3274939504772,0.012913737279126813,0
1595632031.0090082,256.1250889745861,0.012913737279126813,0
1595632031.0190167,257.9266322103649,0.012913737279126813,0
1595632031.0290093,259.72530011807976,0.012913737279126813,0
1595632031.0390089,261.5252125707775,0.012913737279126813,0
1595632031.0490053,263.32456712400017,0.012913737279126813,0
1595632031.0590224,265.12765531217156,0.012913737279126813,0
1595632031.069004,266.92434911405144,0.012913737279126813,0
1595632031.0790098,268.7253773656994,0.012913737279126813,0
1595632031.0890205,270.52730683957634,0.012913737279126813,0
1595632031.0990057,272.3246443716198,0.012913737279126813,0
1595632031.109005,274.1245139089733,0.012913737279126813,0
1595632031.1190102,275.9254563299328,0.012913737279126813,0
1595632031.129008,277.72506837522087,0.012913737279126813,0
1595632031.139016,279.52648286496697,0.012913737279126813,0
1595632031.1490088,281.32519368802605,0.012913737279126813,0
1595632031.159008,283.12506322537956,0.012913737279126813,0
1595632031.169016,284.92647771512566,0.012913737279126813,0
1595632031.1790164,286.72656182920036,0.012913737279126813,0
1595632031.1890101,288.5254443136364,0.012913737279126813,0
1595632031.1990216,290.32750253354607,0.012913737279126813,0
1595632031.209016,292.1265137640148,0.012913737279126813,0
1595632031.2190213,293.9274561849743,0.012913737279126813,0
1595632031.2290194,295.7271111456066,0.012913737279126813,0
1595632031.239014,297.52612237607536,0.012913737279126813,0
1595632031.2490041,299.3243611303478,0.012913737279126813,0
1595632031.2590194,301.1271059957653,0.012913737279126813,0
1595632031.2690213,302.92744760190544,0.012913737279126813,0
1595632031.2790136,304.72607259427605,0.012913737279126813,0
1595632031.2890084,306.52512674008904,0.012913737279126813,0
1595632031.2990208,308.32735662137566,0.012913737279126813,0
1595632031.3090086,310.12516622220573,0.012913737279126813,0
1595632031.3190162,311.9265377966076,0.012913737279126813,0
1595632031.3290048,313.7244761434704,0.012913737279126813,0
1595632031.3390217,315.52752141629753,0.012913737279126813,0
1595632031.349008,317.3250735250622,0.012913737279126813,0
1595632031.3590066,319.124814316383,0.012913737279126813,0
1595632031.3690186,320.9269583669811,0.012913737279126813,0
1595632031.379012,322.7257979360729,0.012913737279126813,0
1595632031.3890183,324.52691201840935,0.012913737279126813,0
1595632031.399019,326.3270390478283,0.012913737279126813,0
1595632031.40901,328.12540654813347,0.012913737279126813,0
1595632031.4190214,329.92746476804314,0.012913737279126813,0
1595632031.429011,331.7256176916271,0.012913737279126813,0
1595632031.4390144,333.5262167898327,0.012913737279126813,0
1595632031.4490168,335.3266442266613,0.012913737279126813,0
1595632031.4590192,337.1270716634899,0.012913737279126813,0
1595632031.4690108,338.9255679098278,0.012913737279126813,0
1595632031.4790199,340.7271969762951,0.012913737279126813,0
1595632031.4890113,342.52565030728874,0.012913737279126813,0
1595632031.4990056,344.32461862241325,0.012913737279126813,0
1595632031.509006,346.12470273648796,0.012913737279126813,0
1595632031.5190146,347.92624597226677,0.012913737279126813,0
1595632031.529007,349.7248709646374,0.012913737279126813,0
1595632031.5390184,351.52692918454704,0.012913737279126813,0
1595632031.549004,353.324352547279,0.012913737279126813,0
1595632031.5590208,355.1273549047619,0.012913737279126813,0
1595632031.5690174,356.9267523733288,0.012913737279126813,0
1595632031.5790198,358.7271798101574,0.012913737279126813,0
1595632031.586105,360,0.012913737279126813,1
1595632031.586105,2.2672177145773698,0.012595653969874276,0
1595632031.5961142,4.068846781044655,0.012595653969874276,0
1595632031.6061056,5.867300112038308,0.012595653969874276,0
1595632031.6161172,7.669401247292214,0.012595653969874276,0
1595632031.6261156,9.469099123268776,0.012595653969874276,0
1595632031.636119,11.269698221474343,0.012595653969874276,0
1595632031.646114,13.068838197975808,0.012595653969874276,0
1595632031.656122,14.870252687721901,0.012595653969874276,0
1595632031.6661189,16.669693071633034,0.012595653969874276,0
1595632031.6761117,18.468403894692116,0.012595653969874276,0
1595632031.6861165,20.269260484963112,0.012595653969874276,0
1595632031.6961088,22.067885477333718,0.012595653969874276,0
1595632031.7061143,23.86887081363743,0.012595653969874276,0
1595632031.7161086,25.66783912876194,0.012595653969874276,0
1595632031.7261233,27.470498163490944,0.012595653969874276,0
1595632031.7361126,29.268565256386452,0.012595653969874276,0
1595632031.7461178,31.069507677345925,0.012595653969874276,0
1595632031.756116,32.86916263797825,0.012595653969874276,0
1595632031.7661064,34.66744430759495,0.012595653969874276,0
1595632031.7761223,36.470317919045144,0.012595653969874276,0
1595632031.7861073,38.26761253574436,0.012595653969874276,0
1595632031.796122,40.070271570473366,0.012595653969874276,0
1595632031.806105,41.86717994907444,0.012595653969874276,0
1595632031.8161244,43.67069729068821,0.012595653969874276,0
1595632031.8261166,45.46927936771458,0.012595653969874276,0
1595632031.8361096,47.2680331061179,0.012595653969874276,0
1595632031.8461134,49.06871803501194,0.012595653969874276,0
1595632031.856118,50.8695317099387,0.012595653969874276,0
1595632031.866123,52.67043121555393,0.012595653969874276,0
1595632031.8761232,54.4704724142844,0.012595653969874276,0
1595632031.886112,56.26845367649143,0.012595653969874276,0
1595632031.8961189,58.06969650486057,0.012595653969874276,0
1595632031.9061155,59.86909397342747,0.012595653969874276,0
1595632031.9161167,61.66930683353489,0.012595653969874276,0
1595632031.9261076,63.467674333840066,0.012595653969874276,0
1595632031.936115,65.26900299289768,0.012595653969874276,0
1595632031.946107,67.06754215457981,0.012595653969874276,0
1595632031.9561138,68.86878498294895,0.012595653969874276,0
1595632031.96611,70.66809662082737,0.012595653969874276,0
1595632031.9761102,72.46813781955784,0.012595653969874276,0
1595632031.9861186,74.26963813999241,0.012595653969874276,0
1595632031.9961112,76.06830604770725,0.012595653969874276,0
1595632032.0061107,77.868218500405,0.012595653969874276,0
1595632032.016118,79.66954715946262,0.012595653969874276,0
1595632032.0261214,81.47014625766819,0.012595653969874276,0
1595632032.036114,83.26881416538303,0.012595653969874276,0
1595632032.0461152,85.06902702549046,0.012595653969874276,0
1595632032.0561068,86.86752327182835,0.012595653969874276,0
1595632032.066117,88.66936691501682,0.012595653969874276,0
1595632032.0761123,90.46850689151829,0.012595653969874276,0
1595632032.0861046,92.2671318838889,0.012595653969874276,0
1595632032.0961149,94.06897552707737,0.012595653969874276,0
1595632032.1061223,95.87030418613499,0.012595653969874276,0
1595632032.1161187,97.66965873935764,0.012595653969874276,0
1595632032.1261137,99.46875580051487,0.012595653969874276,0
1595632032.1361094,101.26798160770481,0.012595653969874276,0
1595632032.1461203,103.069953996926,0.012595653969874276,0
1595632032.1561089,104.8678923437888,0.012595653969874276,0
1595632032.1661143,106.6688776800925,0.012595653969874276,0
1595632032.176121,108.47007759311741,0.012595653969874276,0
1595632032.1821926,109.56295974948948,0.012595653969874276,0
1595632032.1821926,109.56295974948948,0.012595653969874276,0
1595632032.186113,110.26865967014378,0.012595653969874276,0
1595632032.1961195,112.06981666782444,0.012595653969874276,0
1595632032.2061093,113.86796959140842,0.012595653969874276,0
1595632032.216106,115.66736705997532,0.012595653969874276,0
1595632032.2261066,117.46749408939426,0.012595653969874276,0
1595632032.2361178,119.2695093939597,0.012595653969874276,0
1595632032.2461164,121.0692501852805,0.012595653969874276,0
1595632032.256118,122.8695488760764,0.012595653969874276,0
1595632032.266109,124.66791637638157,0.012595653969874276,0
1595632032.2761178,126.46950252750462,0.012595653969874276,0
1595632032.2861207,128.2700157950217,0.012595653969874276,0
1595632032.2961235,130.07052906253878,0.012595653969874276,0
1595632032.3061118,131.86842449405734,0.012595653969874276,0
1595632032.3161175,133.66945274570529,0.012595653969874276,0
1595632032.3261082,135.46777733066622,0.012595653969874276,0
1595632032.3361058,137.26734646061007,0.012595653969874276,0
1595632032.3461204,139.06996257999484,0.012595653969874276,0
1595632032.356108,140.86772926548068,0.012595653969874276,0
1595632032.3661232,142.67047413089816,0.012595653969874276,0
1595632032.3761199,144.46987159946505,0.012595653969874276,0
1595632032.3861115,146.26836784580294,0.012595653969874276,0
1595632032.3961136,148.06875236728732,0.012595653969874276,0
1595632032.4061048,149.86716278293673,0.012595653969874276,0
1595632032.4161186,151.66965015628878,0.012595653969874276,0
1595632032.4261239,153.47059257724825,0.012595653969874276,0
1595632032.4361134,155.268702585488,0.012595653969874276,0
1595632032.4461234,157.07050331333224,0.012595653969874276,0
1595632032.4561064,158.86745460727755,0.012595653969874276,0
1595632032.4661055,160.66728122928683,0.012595653969874276,0
1595632032.476114,162.46882446506564,0.012595653969874276,0
1595632032.4861166,164.2692948172385,0.012595653969874276,0
1595632032.4961045,166.06710441806857,0.012595653969874276,0
1595632032.506124,167.87062175968234,0.012595653969874276,0
1595632032.5161107,169.66821678379122,0.012595653969874276,0
1595632032.5261192,171.46976001957003,0.012595653969874276,0
1595632032.5361137,173.26877125003878,0.012595653969874276,0
1595632032.5461128,175.06859787204806,0.012595653969874276,0
1595632032.5561192,176.86975486972872,0.012595653969874276,0
1595632032.5661154,178.66906650760714,0.012595653969874276,0
1595632032.5761173,180.4694081137473,0.012595653969874276,0
1595632032.5861056,182.26730354526586,0.012595653969874276,0
1595632032.5961106,184.0682030508811,0.012595653969874276,0
1595632032.6061232,185.87047584751195,0.012595653969874276,0
1595632032.6161056,187.66729839542455,0.012595653969874276,0
1595632032.6261156,189.4690991232688,0.012595653969874276,0
1595632032.6361146,191.26892574527807,0.012595653969874276,0
1595632032.6461082,193.06776531436986,0.012595653969874276,0
1595632032.6561174,194.8694372961814,0.012595653969874276,0
1595632032.6661057,196.66733272769994,0.012595653969874276,0
1595632032.6761053,198.4672451803977,0.012595653969874276,0
1595632032.6861103,200.26814468601293,0.012595653969874276,0
1595632032.6961112,202.06831463077611,0.012595653969874276,0
1595632032.7061052,203.8672400305564,0.012595653969874276,0
1595632032.716104,205.66702373722143,0.012595653969874276,0
1595632032.7261176,207.46946819522924,0.012595653969874276,0
1595632032.736105,209.26719196537084,0.012595653969874276,0
1595632032.746108,211.06774814823217,0.012595653969874276,0
1595632032.756106,212.86736019352026,0.012595653969874276,0
1595632032.7661073,214.66761596897192,0.012595653969874276,0
1595632032.7761085,216.46782882907934,0.012595653969874276,0
1595632032.7861052,218.26722629764623,0.012595653969874276,0
1595632032.7961156,220.06911285617895,0.012595653969874276,0
1595632032.8061178,221.86949737766332,0.012595653969874276,0
1595632032.8161051,223.66722114780492,0.012595653969874276,0
1595632032.8261206,225.47000892856664,0.012595653969874276,0
1595632032.8361118,227.26841934421606,0.012595653969874276,0
1595632032.8461156,229.0691042731101,0.012595653969874276,0
1595632032.8561125,230.86854465702123,0.012595653969874276,0
1595632032.8661218,232.67021663883276,0.012595653969874276,0
1595632032.8761094,234.4679833243186,0.012595653969874276,0
1595632032.8861146,236.26892574527807,0.012595653969874276,0
1595632032.8961117,238.06840904453344,0.012595653969874276,0
1595632032.9061048,239.86716278293676,0.012595653969874276,0
1595632032.9161115,241.66836269596166,0.012595653969874276,0
1595632032.9261217,243.47020633915014,0.012595653969874276,0
1595632032.9361155,245.26908882358617,0.012595653969874276,0
1595632032.9461098,247.06805713871069,0.012595653969874276,0
1595632032.9561136,248.86874206760473,0.012595653969874276,0
1595632032.96611,250.66809662082738,0.012595653969874276,0
1595632032.9761107,252.46822365024633,0.012595653969874276,0
1595632032.986111,254.2682648489768,0.012595653969874276,0
1595632032.9961114,256.0683489630515,0.012595653969874276,0
1595632033.006108,257.8677464316184,0.012595653969874276,0
1595632033.016105,259.66718681552953,0.012595653969874276,0
1595632033.026122,261.4702750037009,0.012595653969874276,0
1595632033.0361114,263.2683420965964,0.012595653969874276,0
1595632033.0461116,265.0683832953269,0.012595653969874276,0
1595632033.056105,266.86717994907445,0.012595653969874276,0
1595632033.0661201,268.66992481449194,0.012595653969874276,0
1595632033.076112,270.46846397617406,0.012595653969874276,0
1595632033.0861187,272.26966388919897,0.012595653969874276,0
1595632033.096118,274.0695334265525,0.012595653969874276,0
1595632033.106111,275.8682871649558,0.012595653969874276,0
1595632033.1161063,277.66742714145727,0.012595653969874276,0
1595632033.1261098,279.4680691550071,0.012595653969874276,0
1595632033.136116,281.2691832373435,0.012595653969874276,0
1595632033.1461084,283.0678082297141,0.012595653969874276,0
1595632033.1561224,284.8703385184104,0.012595653969874276,0
1595632033.1661081,286.6677618811423,0.012595653969874276,0
1595632033.1761045,288.467116434365,0.012595653969874276,0
1595632033.1861055,290.26728637912817,0.012595653969874276,0
1595632033.196122,292.07024582126684,0.012595653969874276,0
1595632033.2061074,293.86762626865453,0.012595653969874276,0
1595632033.216122,295.6702423880393,0.012595653969874276,0
1595632033.2261229,297.4704123328025,0.012595653969874276,0
1595632033.2361202,299.2699385474021,0.012595653969874276,0
1595632033.2461114,301.0683489630515,0.012595653969874276,0
1595632033.2561193,302.8697634527976,0.012595653969874276,0
1595632033.266105,304.66718681552953,0.012595653969874276,0
1595632033.2761164,306.4692450354392,0.012595653969874276,0
1595632033.286117,308.26937206485815,0.012595653969874276,0
1595632033.296106,310.0673962424094,0.012595653969874276,0
1595632033.3061101,311.8681240866477,0.012595653969874276,0
1595632033.3161073,313.66760738590307,0.012595653969874276,0
1595632033.3261127,315.4685927222068,0.012595653969874276,0
1595632033.3361082,317.2677756140525,0.012595653969874276,0
1595632033.3461213,319.0701342413718,0.012595653969874276,0
1595632033.3561058,320.86734302738256,0.012595653969874276,0
1595632033.3661158,322.6691437552268,0.012595653969874276,0
1595632033.3761063,324.4674254248435,0.012595653969874276,0
1595632033.3861034,326.26690872409887,0.012595653969874276,0
1595632033.3961055,328.06729324558324,0.012595653969874276,0
1595632033.4061167,329.8693085501487,0.012595653969874276,0
1595632033.4161055,331.6672898123557,0.012595653969874276,0
1595632033.426121,333.4700775931174,0.012595653969874276,0
1595632033.436122,335.2702475378806,0.012595653969874276,0
1595632033.446121,337.0700741598899,0.012595653969874276,0
1595632033.4561079,338.867712099343,0.012595653969874276,0
1595632033.466114,340.66882618167944,0.012595653969874276,0
1595632033.4761176,342.46946819522924,0.012595653969874276,0
1595632033.4861064,344.26744945743627,0.012595653969874276,0
1595632033.4961197,346.06985100009985,0.012595653969874276,0
1595632033.5061114,347.86834724643774,0.012595653969874276,0
1595632033.5161188,349.66967590549535,0.012595653969874276,0
1595632033.526112,351.4684725592429,0.012595653969874276,0
1595632033.5361192,353.2697583029563,0.012595653969874276,0
1595632033.5461035,355.0669241736228,0.012595653969874276,0
1595632033.5561182,356.8695832083518,0.012595653969874276,0
1595632033.566108,358.6677361319358,0.012595653969874276,0
1595632033.5735202,360,0.012595653969874276,1
1595632033.5735202,2.213318604237202,0.012296214467984456,0
1595632033.583528,4.0147330939832955,0.012296214467984456,0
1595632033.5935283,5.814774292713764,0.012296214467984456,0
1595632033.603521,7.613485115772846,0.012296214467984456,0
1595632033.613539,9.416702049976948,0.012296214467984456,0
1595632033.6235301,11.215112465626362,0.012296214467984456,0
1595632033.6335232,13.013866204029682,0.012296214467984456,0
1595632033.6435354,14.816053169972065,0.012296214467984456,0
1595632033.6535363,16.61622311473525,0.012296214467984456,0
1595632033.663538,18.416521805531147,0.012296214467984456,0
1595632033.6735377,20.21647717357314,0.012296214467984456,0
1595632033.683522,22.013643044239643,0.012296214467984456,0
1595632033.6935318,23.815400856739643,0.012296214467984456,0
1595632033.7035239,25.61398293376601,0.012296214467984456,0
1595632033.713533,27.415612000233295,0.012296214467984456,0
1595632033.7235348,29.215953606373432,0.012296214467984456,0
1595632033.7335298,31.01505066753066,0.012296214467984456,0
1595632033.7435215,32.81354691386855,0.012296214467984456,0
1595632033.75353,34.61509014964736,0.012296214467984456,0
1595632033.7635279,36.414702194935444,0.012296214467984456,0
1595632033.7735276,38.214657562977436,0.012296214467984456,0
1595632033.7835257,40.01431252360976,0.012296214467984456,0
1595632033.793526,41.81435372234023,0.012296214467984456,0
1595632033.8035393,43.6167552650038,0.012296214467984456,0
1595632033.8135273,45.41460778117812,0.012296214467984456,0
1595632033.8235273,47.21460606456435,0.012296214467984456,0
1595632033.8335319,49.01541973949111,0.012296214467984456,0
1595632033.843532,50.81546093822158,0.012296214467984456,0
1595632033.8535268,52.614515084034565,0.012296214467984456,0
1595632033.863534,54.415800827747944,0.012296214467984456,0
1595632033.8735344,56.21588494182265,0.012296214467984456,0
1595632033.8835356,58.01609780193007,0.012296214467984456,0
1595632033.8935273,59.81459404826796,0.012296214467984456,0
1595632033.9035294,61.61497856975234,0.012296214467984456,0
1595632033.9135218,63.413603562122944,0.012296214467984456,0
1595632033.9235353,65.21604802013076,0.012296214467984456,0
1595632033.93352,67.01329972148574,0.012296214467984456,0
1595632033.943539,68.81668831706679,0.012296214467984456,0
1595632033.9535265,70.61445500255263,0.012296214467984456,0
1595632033.9635358,72.41612698436415,0.012296214467984456,0
1595632033.9735317,74.21539570689833,0.012296214467984456,0
1595632033.9835377,76.01646687389052,0.012296214467984456,0
1595632033.9935312,77.81530644298232,0.012296214467984456,0
1595632034.003537,79.61633469463027,0.012296214467984456,0
1595632034.013535,81.41598965526259,0.012296214467984456,0
1595632034.0235267,83.21448590160048,0.012296214467984456,0
1595632034.0335252,85.01422669292128,0.012296214467984456,0
1595632034.0435324,86.81551243663466,0.012296214467984456,0
1595632034.0535357,88.61611153484023,0.012296214467984456,0
1595632034.0635238,90.41396405101455,0.012296214467984456,0
1595632034.0735273,92.21460606456435,0.012296214467984456,0
1595632034.0835202,94.01331688762343,0.012296214467984456,0
1595632034.093529,95.81490303874648,0.012296214467984456,0
1595632034.103535,97.61597420573867,0.012296214467984456,0
1595632034.1135383,99.41657330394423,0.012296214467984456,0
1595632034.1235232,101.21386792064345,0.012296214467984456,0
1595632034.1335316,103.01536824107802,0.012296214467984456,0
1595632034.1435223,104.81369282603896,0.012296214467984456,0
1595632034.1535227,106.61377694011367,0.012296214467984456,0
1595632034.1535463,106.61802555919326,0.012296214467984456,0
1595632034.1535463,106.61802555919326,0.012296214467984456,0
1595632034.1635363,108.41622139812148,0.012296214467984456,0
1595632034.1735306,110.21518971324599,0.012296214467984456,0
1595632034.1835215,112.01355721355117,0.012296214467984456,0
1595632034.1935225,113.81372715831435,0.012296214467984456,0
1595632034.2035198,115.61325337291396,0.012296214467984456,0
1595632034.2135272,117.41458203197158,0.012296214467984456,0
1595632034.223537,119.21633984447158,0.012296214467984456,0
1595632034.2335262,121.01440693736708,0.012296214467984456,0
1595632034.2435236,122.8139331519667,0.012296214467984456,0
1595632034.253535,124.61599137187636,0.012296214467984456,0
1595632034.2635345,126.41590382457412,0.012296214467984456,0
1595632034.2735283,128.21478630901015,0.012296214467984456,0
1595632034.283534,130.0158145606581,0.012296214467984456,0
1595632034.2935295,131.8149974525038,0.012296214467984456,0
1595632034.3035297,133.61503865123427,0.012296214467984456,0
1595632034.3135223,135.41370655894912,0.012296214467984456,0
1595632034.3235197,137.21323277354873,0.012296214467984456,0
1595632034.3335202,139.01331688762343,0.012296214467984456,0
1595632034.3435297,140.8150317847792,0.012296214467984456,0
1595632034.3535385,142.61661793590224,0.012296214467984456,0
1595632034.3635254,144.41425587535537,0.012296214467984456,0
1595632034.373531,146.21528412700332,0.012296214467984456,0
1595632034.3835335,148.01571156383193,0.012296214467984456,0
1595632034.393536,149.81618191600478,0.012296214467984456,0
1595632034.4035196,151.61321904063857,0.012296214467984456,0
1595632034.413527,153.4145476996962,0.012296214467984456,0
1595632034.42353,155.21510388255751,0.012296214467984456,0
1595632034.433523,157.0138147056166,0.012296214467984456,0
1595632034.4435284,158.8148000419203,0.012296214467984456,0
1595632034.453537,160.61634327769912,0.012296214467984456,0
1595632034.46352,162.41329457164443,0.012296214467984456,0
1595632034.4735265,164.2144515693251,0.012296214467984456,0
1595632034.48352,166.0132911384169,0.012296214467984456,0
1595632034.493528,167.81470562816298,0.012296214467984456,0
1595632034.5035338,169.61577679515517,0.012296214467984456,0
1595632034.5135207,171.4134147346083,0.012296214467984456,0
1595632034.523532,173.21543003917373,0.012296214467984456,0
1595632034.5335214,175.01354004741347,0.012296214467984456,0
