Timestamp,Phase,Offset,Ping?
1595631858.0000997,59.940000000000005,0,0
1595631858.0101187,61.74115699768067,0.333,0
1595631858.0201135,63.54021114349366,0.333,0
1595631858.0301192,65.3412393951416,0.333,0
1595631858.0401244,67.14218181610107,0.333,0
1595631858.0501213,68.9416222000122,0.333,0
1595631858.0601187,70.74114841461181,0.333,0
1595631858.0701163,72.54071754455566,0.333,0
1595631858.0801315,74.34346240997314,0.333,0
1595631858.090116,76.14067119598388,0.333,0
1595631858.1001143,77.94036907196045,0.333,0
1595631858.1101284,79.74289936065674,0.333,0
1595631858.12013,81.54319805145263,0.333,0
1595631858.1301184,83.34109348297119,0.333,0
1595631858.1401193,85.14126342773437,0.333,0
1595631858.1501153,86.94053215026855,0.333,0
1595631858.160122,88.74173206329345,0.333,0
1595631858.1701171,90.54087203979492,0.333,0
1595631858.1801307,92.34331649780273,0.333,0
1595631858.1901202,94.14142650604248,0.333,0
1595631858.2001276,95.9427551651001,0.333,0
1595631858.210118,97.7410368347168,0.333,0
1595631858.2201247,99.5422367477417,0.333,0
1595631858.2301304,101.34326499938965,0.333,0
1595631858.2401216,103.14167541503906,0.333,0
1595631858.2501247,104.94223159790039,0.333,0
1595631858.2601192,106.74124282836914,0.333,0
1595631858.2701209,108.54154151916504,0.333,0
1595631858.2801292,110.3430418395996,0.333,0
1595631858.2901173,112.14089435577392,0.333,0
1595631858.3001301,113.94321006774902,0.333,0
1595631858.3101225,115.74183506011963,0.333,0
1595631858.32013,117.54320663452148,0.333,0
1595631858.33012,119.3414024734497,0.333,0
1595631858.3401206,121.14148658752441,0.333,0
1595631858.3481922,122.59438556671142,0.333,0
1595631858.3481922,122.59438556671142,0.333,0
1595631858.3501303,122.94324440002441,0.333,0
1595631858.360121,124.74156898498535,0.333,0
1595631858.3701215,126.54165309906006,0.333,0
1595631858.3801157,128.34062141418457,0.333,0
1595631858.3901224,130.14182132720947,0.333,0
1595631858.40013,131.94319290161133,0.333,0
1595631858.4101176,133.74095958709717,0.333,0
1595631858.4201193,135.54125827789306,0.333,0
1595631858.430114,137.34031242370605,0.333,0
1595631858.4401262,139.14249938964844,0.333,0
1595631858.4501178,140.94099563598633,0.333,0
1595631858.460124,142.74210971832275,0.333,0
1595631858.4701257,144.54240840911865,0.333,0
1595631858.4801233,146.3419775390625,0.333,0
1595631858.4901266,148.14257663726806,0.333,0
1595631858.5001304,149.9432615661621,0.333,0
1595631858.5101266,151.74257320404053,0.333,0
1595631858.5201173,153.54089778900146,0.333,0
1595631858.5301242,155.3421406173706,0.333,0
1595631858.5401223,157.14179557800293,0.333,0
1595631858.5501268,158.94260925292969,0.333,0
1595631858.560117,160.74084800720215,0.333,0
1595631858.5701299,162.54316371917724,0.333,0
1595631858.5801282,164.3428615951538,0.333,0
1595631858.5901158,166.14062828063965,0.333,0
1595631858.6001165,167.9407553100586,0.333,0
1595631858.6101222,169.74178356170654,0.333,0
1595631858.6201148,171.54045146942138,0.333,0
1595631858.6301138,173.34027809143066,0.333,0
1595631858.6401136,175.14023345947265,0.333,0
1595631858.6501198,176.94134754180908,0.333,0
1595631858.6601174,178.74091667175293,0.333,0
1595631858.6701272,180.54267448425293,0.333,0
1595631858.6801274,182.3427156829834,0.333,0
1595631858.6901197,184.141340675354,0.333,0
1595631858.700117,185.9408668899536,0.333,0
1595631858.7101295,187.74309677124023,0.333,0
1595631858.7201138,189.54026264190674,0.333,0
1595631858.7301185,191.34111923217773,0.333,0
1595631858.7401116,193.13987297058105,0.333,0
1595631858.7501235,194.9420170211792,0.333,0
1595631858.7601154,196.74055618286133,0.333,0
1595631858.7701135,198.54021114349365,0.333,0
1595631858.7801123,200.3399948501587,0.333,0
1595631858.7901134,202.1402077102661,0.333,0
1595631858.8001149,203.94046348571777,0.333,0
1595631858.8101122,205.73998970031738,0.333,0
1595631858.8201134,207.5402025604248,0.333,0
1595631858.8301127,209.34007209777832,0.333,0
1595631858.8401163,211.14071411132812,0.333,0
1595631858.8501146,212.94041198730469,0.333,0
1595631858.860122,214.7417406463623,0.333,0
1595631858.8701258,216.54242557525635,0.333,0
1595631858.8801262,218.34250968933105,0.333,0
1595631858.8901289,220.1429800415039,0.333,0
1595631858.9001265,221.94254917144775,0.333,0
1595631858.9101264,223.74254745483398,0.333,0
1595631858.9201179,225.54100078582763,0.333,0
1595631858.930112,227.3399261856079,0.333,0
1595631858.9401288,229.14297145843506,0.333,0
1595631858.9501147,230.94043773651123,0.333,0
1595631858.9601176,232.74095100402832,0.333,0
1595631858.970126,234.5424513244629,0.333,0
1595631858.9801219,236.34172004699707,0.333,0
1595631858.9901223,238.14180416107178,0.333,0
1595631859.0001283,239.94287532806396,0.333,0
1595631859.0101187,241.74115699768066,0.333,0
1595631859.0201137,243.5402540588379,0.333,0
1595631859.0301187,245.34115356445312,0.333,0
1595631859.0401187,247.14115184783935,0.333,0
1595631859.050124,248.94209426879883,0.333,0
1595631859.0601203,250.74144882202148,0.333,0
1595631859.0701222,252.54179042816162,0.333,0
1595631859.080121,254.34157413482666,0.333,0
1595631859.0901136,256.1402420425415,0.333,0
1595631859.1001196,257.9413132095337,0.333,0
1595631859.1101115,259.7398523712158,0.333,0
1595631859.1201212,261.5416101837158,0.333,0
1595631859.1301115,263.3398489379883,0.333,0
1595631859.1401184,265.1410917663574,0.333,0
1595631859.1501174,266.9409183883667,0.333,0
1595631859.1601124,268.7400154495239,0.333,0
1595631859.1701198,270.54134410858154,0.333,0
1595631859.1801143,272.3403553390503,0.333,0
1595631859.190122,274.14172691345215,0.333,0
1595631859.2001302,275.9432272338867,0.333,0
1595631859.2101164,277.7407364273071,0.333,0
1595631859.2201157,279.54060596466064,0.333,0
1595631859.2301326,281.3436512374878,0.333,0
1595631859.2401128,283.14008754730224,0.333,0
1595631859.25012,284.9413732910156,0.333,0
1595631859.260114,286.7402986907959,0.333,0
1595631859.2701244,288.5421852493286,0.333,0
1595631859.2801208,290.34153980255127,0.333,0
1595631859.290117,292.1408514404297,0.333,0
1595631859.300114,293.9402918243408,0.333,0
1595631859.3101187,295.7411484146118,0.333,0
1595631859.3201163,297.54071754455566,0.333,0
1595631859.330115,299.3405012512207,0.333,0
1595631859.3401258,301.14243072509765,0.333,0
1595631859.350132,302.9435448074341,0.333,0
1595631859.3601208,304.7415260696411,0.333,0
1595631859.3701248,306.5422539138794,0.333,0
1595631859.3801255,308.34238094329834,0.333,0
1595631859.390111,310.13976139068603,0.333,0
1595631859.4001162,311.9407038116455,0.333,0
1595631859.4101264,313.742547454834,0.333,0
1595631859.4201193,315.54125827789306,0.333,0
1595631859.4301264,317.34254402160644,0.333,0
1595631859.440128,319.14284271240234,0.333,0
1595631859.4501185,320.94112438201904,0.333,0
1595631859.460115,322.7404789352417,0.333,0
1595631859.4701273,324.5427088165283,0.333,0
1595631859.4801216,326.34167713165283,0.333,0
1595631859.490113,328.1401304626465,0.333,0
1595631859.5001185,329.9411157989502,0.333,0
1595631859.510113,331.74012702941894,0.333,0
1595631859.5201285,333.54291481018066,0.333,0
1595631859.530114,335.34029525756836,0.333,0
1595631859.540125,337.14226764678955,0.333,0
1595631859.5501246,338.94222301483154,0.333,0
1595631859.5601149,340.740461769104,0.333,0
1595631859.5701282,342.5428633117676,0.333,0
1595631859.58012,344.3414024734497,0.333,0
1595631859.5901163,346.1407141113281,0.333,0
1595631859.600127,347.9426435852051,0.333,0
1595631859.610118,349.74101108551025,0.333,0
1595631859.6201124,351.540022315979,0.333,0
1595631859.630126,353.3424667739868,0.333,0
1595631859.640116,355.14066261291504,0.333,0
1595631859.6501205,356.9414762878418,0.333,0
1595631859.6601212,358.74160331726074,0.333,0
1595631859.6671317,360,0.333,1
1595631859.6671317,12.893364080970963,0.07162980044983869,0
1595631859.6771371,14.694349417274674,0.07162980044983869,0
1595631859.6871421,16.49524892288991,0.07162980044983869,0
1595631859.6971335,18.293702253883563,0.07162980044983869,0
1595631859.7071342,20.093829283302508,0.07162980044983869,0
1595631859.7171488,21.896445402687274,0.07162980044983869,0
1595631859.7271492,23.69652951676198,0.07162980044983869,0
1595631859.7371318,25.493394980018817,0.07162980044983869,0
1595631859.7471504,27.296740660255633,0.07162980044983869,0
1595631859.757133,29.09360612351247,0.07162980044983869,0
1595631859.7671468,30.89609349686452,0.07162980044983869,0
1595631859.7771504,32.69673551041432,0.07162980044983869,0
1595631859.787137,34.49433053452321,0.07162980044983869,0
1595631859.797138,36.29450047928639,0.07162980044983869,0
1595631859.807145,38.09578622299977,0.07162980044983869,0
1595631859.8171449,39.89574159104176,0.07162980044983869,0
1595631859.827135,41.69398034531422,0.07162980044983869,0
1595631859.8371415,43.49513734299489,0.07162980044983869,0
1595631859.8471336,45.293719420021255,0.07162980044983869,0
1595631859.8571484,47.09637845475026,0.07162980044983869,0
1595631859.867149,48.896505484169204,0.07162980044983869,0
1595631859.8771408,50.695001730507094,0.07162980044983869,0
1595631859.887144,52.49560082871266,0.07162980044983869,0
1595631859.8971395,54.294783720558364,0.07162980044983869,0
1595631859.9071367,56.094267019813735,0.07162980044983869,0
1595631859.917146,57.89593900162526,0.07162980044983869,0
1595631859.92714,59.69486440140553,0.07162980044983869,0
1595631859.937136,61.49413312393971,0.07162980044983869,0
1595631859.947149,63.29649175125905,0.07162980044983869,0
1595631859.957134,65.09378636795827,0.07162980044983869,0
1595631859.9671383,66.89455712754079,0.07162980044983869,0
1595631859.9771445,68.69567120987722,0.07162980044983869,0
1595631859.9871454,70.4958411546404,0.07162980044983869,0
1595631859.9971347,72.29390824753591,0.07162980044983869,0
1595631860.0071316,74.09334863144704,0.07162980044983869,0
1595631860.0171466,75.89605058152029,0.07162980044983869,0
1595631860.0271416,77.69514764267751,0.07162980044983869,0
1595631860.0371413,79.4951030107195,0.07162980044983869,0
1595631860.0471466,81.29604543167898,0.07162980044983869,0
1595631860.0571332,83.09364045578786,0.07162980044983869,0
1595631860.0671484,84.89638532120534,0.07162980044983869,0
1595631860.0771484,86.69638360459157,0.07162980044983869,0
1595631860.087132,88.49342072922536,0.07162980044983869,0
1595631860.0971498,90.29663766342946,0.07162980044983869,0
1595631860.1071393,92.09474767166921,0.07162980044983869,0
1595631860.1171474,93.89620507675954,0.07162980044983869,0
1595631860.1271412,95.69508756119558,0.07162980044983869,0
1595631860.1371405,97.4949570985491,0.07162980044983869,0
1595631860.1471348,99.2939254136736,0.07162980044983869,0
1595631860.1571321,101.09345162827321,0.07162980044983869,0
1595631860.167138,102.8945227952654,0.07162980044983869,0
1595631860.1771438,104.69555104691335,0.07162980044983869,0
1595631860.1871362,106.49417603928396,0.07162980044983869,0
1595631860.1971364,108.29421723801443,0.07162980044983869,0
1595631860.2071495,110.09657586533376,0.07162980044983869,0
1595631860.2171366,111.89425672013112,0.07162980044983869,0
1595631860.227145,113.6957570405657,0.07162980044983869,0
1595631860.2371316,115.49335206467458,0.07162980044983869,0
1595631860.247138,117.29450906235525,0.07162980044983869,0
1595631860.257147,119.09613812882253,0.07162980044983869,0
1595631860.267133,120.8936044068987,0.07162980044983869,0
1595631860.2771468,122.69609178025075,0.07162980044983869,0
1595631860.2871356,124.49407304245779,0.07162980044983869,0
1595631860.2971377,126.29445756394216,0.07162980044983869,0
1595631860.3071468,128.09608663040945,0.07162980044983869,0
1595631860.3171456,129.89587033707448,0.07162980044983869,0
1595631860.3271403,131.69492448288747,0.07162980044983869,0
1595631860.337138,133.49449361283132,0.07162980044983869,0
1595631860.347029,135.27487958390066,0.07162980044983869,0
1595631860.347029,135.27487958390066,0.07162980044983869,0
1595631860.3475955,135.3768464418108,0.07162980044983869,0
1595631860.3571448,137.0957347245867,0.07162980044983869,0
1595631860.367137,138.89431680161306,0.07162980044983869,0
1595631860.3771405,140.69495881516286,0.07162980044983869,0
1595631860.3871343,142.4938412995989,0.07162980044983869,0
1595631860.3971345,144.29388249832937,0.07162980044983869,0
1595631860.4071488,146.0964557023699,0.07162980044983869,0
1595631860.417145,147.8957673402483,0.07162980044983869,0
1595631860.4271312,149.69327653366872,0.07162980044983869,0
1595631860.4371343,151.49383271653005,0.07162980044983869,0
1595631860.4471443,153.2956334443743,0.07162980044983869,0
1595631860.457136,155.09412969071218,0.07162980044983869,0
1595631860.4671347,156.89391339737722,0.07162980044983869,0
1595631860.4771445,158.69567120987722,0.07162980044983869,0
1595631860.4871452,160.49579823929616,0.07162980044983869,0
1595631860.4971313,162.29330743271657,0.07162980044983869,0
1595631860.5071416,164.09515107590505,0.07162980044983869,0
1595631860.5171494,165.89656556565114,0.07162980044983869,0
1595631860.527135,167.69394601303884,0.07162980044983869,0
1595631860.5371404,169.49493134934255,0.07162980044983869,0
1595631860.5471349,171.2939425798113,0.07162980044983869,0
1595631860.557132,173.09342587906667,0.07162980044983869,0
1595631860.567148,174.89629949051687,0.07162980044983869,0
1595631860.5771465,176.69604028183767,0.07162980044983869,0
1595631860.5871494,178.49655354935476,0.07162980044983869,0
1595631860.597142,180.29522145706957,0.07162980044983869,0
1595631860.6071334,182.09367478806323,0.07162980044983869,0
1595631860.617134,183.89380181748217,0.07162980044983869,0
1595631860.627138,185.6944867463762,0.07162980044983869,0
1595631860.63715,187.4966737123186,0.07162980044983869,0
1595631860.6471498,189.2966290803606,0.07162980044983869,0
1595631860.6571307,191.09319413620776,0.07162980044983869,0
1595631860.6671314,192.8933211656267,0.07162980044983869,0
1595631860.6771498,194.69662393051928,0.07162980044983869,0
1595631860.6871433,196.49546349961108,0.07162980044983869,0
1595631860.697137,198.2943459840471,0.07162980044983869,0
1595631860.7071307,200.0931855531389,0.07162980044983869,0
1595631860.7171412,201.89507211167162,0.07162980044983869,0
1595631860.7271402,203.6948987336809,0.07162980044983869,0
1595631860.737148,205.496313223427,0.07162980044983869,0
1595631860.7471457,207.29588235337084,0.07162980044983869,0
1595631860.7571309,209.0932198854143,0.07162980044983869,0
1595631860.7671325,210.8935185762102,0.07162980044983869,0
1595631860.7771306,212.69317353684252,0.07162980044983869,0
1595631860.7871351,214.49398721176928,0.07162980044983869,0
1595631860.797138,216.29450047928637,0.07162980044983869,0
1595631860.8071313,218.09329713303393,0.07162980044983869,0
1595631860.8171353,219.8940249772722,0.07162980044983869,0
1595631860.8271437,221.69552529770678,0.07162980044983869,0
1595631860.8371413,223.49509442765063,0.07162980044983869,0
1595631860.8471358,225.29410565811938,0.07162980044983869,0
1595631860.8571491,227.09650720078295,0.07162980044983869,0
1595631860.867138,228.89448846298998,0.07162980044983869,0
1595631860.8771315,230.69332803208178,0.07162980044983869,0
1595631860.8871493,232.49654496628588,0.07162980044983869,0
1595631860.897134,234.29379666764086,0.07162980044983869,0
1595631860.9071336,236.09370912033862,0.07162980044983869,0
1595631860.9171414,237.8951236100847,0.07162980044983869,0
1595631860.9271312,239.6932765336687,0.07162980044983869,0
1595631860.937136,241.4941331239397,0.07162980044983869,0
1595631860.9471447,243.29571927506274,0.07162980044983869,0
1595631860.9571369,245.0943013520891,0.07162980044983869,0
1595631860.9671428,246.8953725190813,0.07162980044983869,0
1595631860.9771352,248.6939975114519,0.07162980044983869,0
1595631860.987142,250.49524033982104,0.07162980044983869,0
1595631860.9971392,252.2947236390764,0.07162980044983869,0
1595631861.0071309,254.0932198854143,0.07162980044983869,0
1595631861.0171454,255.89583600479907,0.07162980044983869,0
1595631861.0271316,257.6933451982195,0.07162980044983869,0
1595631861.0371356,259.4940730424578,0.07162980044983869,0
1595631861.0471334,261.29368508774587,0.07162980044983869,0
1595631861.057138,263.09449876267263,0.07162980044983869,0
1595631861.0671492,264.89651406723806,0.07162980044983869,0
1595631861.077131,266.6932507844622,0.07162980044983869,0
1595631861.0871408,268.4950085969622,0.07162980044983869,0
1595631861.097149,270.2964660020525,0.07162980044983869,0
1595631861.1071439,272.09556306320974,0.07162980044983869,0
1595631861.1171322,273.8934584947283,0.07162980044983869,0
1595631861.127147,275.6961175294573,0.07162980044983869,0
1595631861.1371472,277.49615872818777,0.07162980044983869,0
1595631861.147145,279.29577077347585,0.07162980044983869,0
1595631861.1571496,281.0965844484026,0.07162980044983869,0
1595631861.1671429,282.89538110215017,0.07162980044983869,0
1595631861.1771412,284.69507897812673,0.07162980044983869,0
1595631861.187136,286.4941331239397,0.07162980044983869,0
1595631861.1971455,288.2958480210955,0.07162980044983869,0
1595631861.2071414,290.09511674362966,0.07162980044983869,0
1595631861.2171447,291.8957158418352,0.07162980044983869,0
1595631861.227134,293.69378293473073,0.07162980044983869,0
1595631861.2371464,295.49601281601736,0.07162980044983869,0
1595631861.247136,297.29416573960134,0.07162980044983869,0
1595631861.257139,299.09467900711843,0.07162980044983869,0
1595631861.2671347,300.89390481430837,0.07162980044983869,0
1595631861.2771487,302.69643510300466,0.07162980044983869,0
1595631861.2871351,304.4939872117693,0.07162980044983869,0
1595631861.2971418,306.2951871247942,0.07162980044983869,0
1595631861.3071327,308.0935546250994,0.07162980044983869,0
1595631861.3171487,309.8964282365496,0.07162980044983869,0
1595631861.3271446,311.69569695908376,0.07162980044983869,0
1595631861.337137,313.49432195145437,0.07162980044983869,0
1595631861.347148,315.29629434067556,0.07162980044983869,0
1595631861.3571424,317.0953055711443,0.07162980044983869,0
1595631861.367132,318.89341557938405,0.07162980044983869,0
1595631861.377142,320.6952163072283,0.07162980044983869,0
1595631861.3871322,322.49345506150075,0.07162980044983869,0
1595631861.3971465,324.2960282655413,0.07162980044983869,0
1595631861.4071383,326.0945674272234,0.07162980044983869,0
1595631861.417137,327.8943082185442,0.07162980044983869,0
1595631861.4271421,329.6952506395037,0.07162980044983869,0
1595631861.4371471,331.4961501451189,0.07162980044983869,0
1595631861.4471304,333.29314435440847,0.07162980044983869,0
1595631861.4571345,335.09387219864675,0.07162980044983869,0
1595631861.4671378,336.8944712968523,0.07162980044983869,0
1595631861.4771461,338.6959716172869,0.07162980044983869,0
1595631861.4871309,340.49322331864187,0.07162980044983869,0
1595631861.4971344,342.2938653321917,0.07162980044983869,0
1595631861.5071332,344.0936490388567,0.07162980044983869,0
1595631861.517148,345.8963080735857,0.07162980044983869,0
1595631861.5271316,347.6933451982195,0.07162980044983869,0
1595631861.537132,349.4934293122942,0.07162980044983869,0
1595631861.5471299,351.2930413575823,0.07162980044983869,0
1595631861.5571477,353.0962582917864,0.07162980044983869,0
1595631861.5671313,354.8932954164202,0.07162980044983869,0
1595631861.5771468,356.6960831971819,0.07162980044983869,0
1595631861.5871322,358.4934636445696,0.07162980044983869,0
1595631861.5955076,360,0.07162980044983869,1
1595631861.5955076,14.226983278411504,0.07903879599117503,0
1595631861.605522,16.029556482452033,0.07903879599117503,0
1595631861.6155257,17.830241411346076,0.07903879599117503,0
1595631861.625516,19.628480165618537,0.07903879599117503,0
1595631861.6355088,21.42719098867762,0.07903879599117503,0
1595631861.6455185,23.22894880117762,0.07903879599117503,0
1595631861.655515,25.028303354400276,0.07903879599117503,0
1595631861.665513,26.8279583150326,0.07903879599117503,0
1595631861.6755233,28.629801958221076,0.07903879599117503,0
1595631861.6855116,30.42769738973963,0.07903879599117503,0
1595631861.6955204,32.229283540862674,0.07903879599117503,0
1595631861.7055252,34.03014013113367,0.07903879599117503,0
1595631861.715514,35.8281213933407,0.07903879599117503,0
1595631861.725512,37.627776353973026,0.07903879599117503,0
1595631861.7355168,39.42863294424402,0.07903879599117503,0
1595631861.7455246,41.230047433990116,0.07903879599117503,0
1595631861.7555075,43.02695581259119,0.07903879599117503,0
1595631861.7655141,44.82815572561609,0.07903879599117503,0
1595631861.7755182,46.62888356985437,0.07903879599117503,0
1595631861.7855258,48.43025514425623,0.07903879599117503,0
1595631861.795511,50.227592676299686,0.07903879599117503,0
1595631861.8055239,52.029908388274784,0.07903879599117503,0
1595631861.8155103,53.82746049703943,0.07903879599117503,0
1595631861.825526,55.63029119314539,0.07903879599117503,0
1595631861.8355136,57.42805787863123,0.07903879599117503,0
1595631861.845509,59.22724077047693,0.07903879599117503,0
1595631861.8555212,61.029427736419315,0.07903879599117503,0
1595631861.865525,62.83011266531336,0.07903879599117503,0
1595631861.8755155,64.62839433493006,0.07903879599117503,0
1595631861.8855166,66.42860719503749,0.07903879599117503,0
1595631861.8955138,68.22809049429286,0.07903879599117503,0
1595631861.9055161,70.02851793112147,0.07903879599117503,0
1595631861.9155195,71.82911702932704,0.07903879599117503,0
1595631861.9255242,73.62997361959803,0.07903879599117503,0
1595631861.9355128,75.42791196646083,0.07903879599117503,0
1595631861.9455101,77.22743818106044,0.07903879599117503,0
1595631861.9555142,79.02816602529872,0.07903879599117503,0
1595631861.9655194,80.82910844625819,0.07903879599117503,0
1595631861.9755251,82.63013669790614,0.07903879599117503,0
1595631861.9855216,84.4294912511288,0.07903879599117503,0
1595631861.9955091,86.22725793661463,0.07903879599117503,0
1595631862.0055182,88.02888700308192,0.07903879599117503,0
1595631862.0155249,89.83008691610682,0.07903879599117503,0
1595631862.0255194,91.62909814657557,0.07903879599117503,0
1595631862.035519,93.42901059927333,0.07903879599117503,0
1595631862.0455182,95.22888013662684,0.07903879599117503,0
1595631862.0555232,97.02977964224208,0.07903879599117503,0
1595631862.0655212,98.8294346028744,0.07903879599117503,0
1595631862.0755138,100.62810251058924,0.07903879599117503,0
1595631862.0855246,102.4300319844662,0.07903879599117503,0
1595631862.0955257,104.23024484457362,0.07903879599117503,0
1595631862.1055222,106.02959939779628,0.07903879599117503,0
1595631862.1155164,107.82856771292079,0.07903879599117503,0
1595631862.1255105,109.62749311270106,0.07903879599117503,0
1595631862.1355073,111.4269334966122,0.07903879599117503,0
1595631862.14551,113.22740384878504,0.07903879599117503,0
1595631862.1555169,115.02864667715419,0.07903879599117503,0
1595631862.165517,116.82868787588465,0.07903879599117503,0
1595631862.1755214,118.62945863546717,0.07903879599117503,0
1595631862.1855211,120.42941400350917,0.07903879599117503,0
1595631862.1955256,122.23022767843592,0.07903879599117503,0
1595631862.2055156,124.02842351736415,0.07903879599117503,0
1595631862.2071228,124.3177158528744,0.07903879599117503,0
1595631862.2071228,124.3177158528744,0.07903879599117503,0
1595631862.2155116,125.82769223989833,0.07903879599117503,0
1595631862.2255204,127.62927839102137,0.07903879599117503,0
1595631862.235514,129.42811796011316,0.07903879599117503,0
1595631862.24552,131.22923204244958,0.07903879599117503,0
1595631862.2555127,133.02789995016443,0.07903879599117503,0
1595631862.2655194,134.82909986318933,0.07903879599117503,0
1595631862.2755253,136.63017103018151,0.07903879599117503,0
1595631862.2855182,138.4288818532406,0.07903879599117503,0
1595631862.2955182,140.22888013662683,0.07903879599117503,0
1595631862.305525,142.03012296499597,0.07903879599117503,0
1595631862.3155167,143.82861921133386,0.07903879599117503,0
1595631862.3255134,145.62801667990075,0.07903879599117503,0
1595631862.3355174,147.42874452413903,0.07903879599117503,0
1595631862.3455217,149.22951528372155,0.07903879599117503,0
1595631862.3555136,151.02805444540368,0.07903879599117503,0
1595631862.3655226,152.82968351187097,0.07903879599117503,0
1595631862.3755171,154.62869474233972,0.07903879599117503,0
1595631862.3855217,156.42950841726648,0.07903879599117503,0
1595631862.3955207,158.22933503927575,0.07903879599117503,0
1595631862.4055152,160.0283462697445,0.07903879599117503,0
1595631862.4155235,161.82984659017907,0.07903879599117503,0
1595631862.4255085,163.6271412068783,0.07903879599117503,0
1595631862.4355133,165.4279977971493,0.07903879599117503,0
1595631862.4455192,167.22906896414148,0.07903879599117503,0
1595631862.4555118,169.02773687185632,0.07903879599117503,0
1595631862.4655223,170.82962343038903,0.07903879599117503,0
1595631862.4755251,172.63013669790612,0.07903879599117503,0
1595631862.485513,174.4279462987362,0.07903879599117503,0
1595631862.4955075,176.22695752920495,0.07903879599117503,0
1595631862.5055113,178.027642458099,0.07903879599117503,0
1595631862.5155118,179.8277265721737,0.07903879599117503,0
1595631862.5255203,181.6292698079525,0.07903879599117503,0
1595631862.5355241,183.42995473684655,0.07903879599117503,0
1595631862.5455146,185.22823640646325,0.07903879599117503,0
1595631862.5555081,187.02707597555505,0.07903879599117503,0
1595631862.5655136,188.82806131185876,0.07903879599117503,0
1595631862.5755208,190.62934705557214,0.07903879599117503,0
1595631862.5855176,192.42878743948327,0.07903879599117503,0
1595631862.5955203,194.22925779165612,0.07903879599117503,0
1595631862.6055076,196.02698156179773,0.07903879599117503,0
1595631862.6155138,197.82809564413415,0.07903879599117503,0
1595631862.625513,199.62796518148767,0.07903879599117503,0
1595631862.635516,201.42847844900476,0.07903879599117503,0
1595631862.6455219,203.22954961599694,0.07903879599117503,0
1595631862.6555135,205.02804586233484,0.07903879599117503,0
1595631862.6655161,206.8285162145077,0.07903879599117503,0
1595631862.6755073,208.6269266301571,0.07903879599117503,0
1595631862.685509,210.427225320953,0.07903879599117503,0
1595631862.6955252,212.23014184774743,0.07903879599117503,0
1595631862.7055109,214.02756521047937,0.07903879599117503,0
1595631862.7155128,215.8279068166195,0.07903879599117503,0
1595631862.7255197,217.62914964498864,0.07903879599117503,0
1595631862.7355065,219.42678758444177,0.07903879599117503,0
1595631862.7455087,221.22717210592614,0.07903879599117503,0
1595631862.755512,223.0277712041317,0.07903879599117503,0
1595631862.765523,224.8297435933529,0.07903879599117503,0
1595631862.7755125,226.62785360159265,0.07903879599117503,0
1595631862.7855237,228.42986890615808,0.07903879599117503,0
1595631862.7955153,230.22836515249597,0.07903879599117503,0
1595631862.8055077,232.02699014486657,0.07903879599117503,0
1595631862.8155196,233.82913419546472,0.07903879599117503,0
1595631862.8255246,235.63003370107995,0.07903879599117503,0
1595631862.8355134,237.42801496328698,0.07903879599117503,0
1595631862.8455074,239.22694036306726,0.07903879599117503,0
1595631862.855516,241.02848359884607,0.07903879599117503,0
1595631862.8655198,242.8291685277401,0.07903879599117503,0
1595631862.8755074,244.62693521322595,0.07903879599117503,0
1595631862.8855186,246.42895051779138,0.07903879599117503,0
1595631862.8955135,248.2280475789486,0.07903879599117503,0
1595631862.9055123,250.02783128561364,0.07903879599117503,0
1595631862.9155216,251.82950326742517,0.07903879599117503,0
1595631862.9255235,253.6298448735653,0.07903879599117503,0
1595631862.9355206,255.42932817282068,0.07903879599117503,0
1595631862.9455082,257.2270948583065,0.07903879599117503,0
1595631862.9555085,259.02713605703696,0.07903879599117503,0
1595631862.9655135,260.8280355626522,0.07903879599117503,0
1595631862.9755177,262.6288063222347,0.07903879599117503,0
1595631862.9855103,264.42747422994955,0.07903879599117503,0
1595631862.9955122,266.2278158360897,0.07903879599117503,0
1595631863.0055113,268.02764245809897,0.07903879599117503,0
1595631863.0155187,269.8289711171566,0.07903879599117503,0
1595631863.0255241,271.6299564534603,0.07903879599117503,0
1595631863.0355072,273.4269077474056,0.07903879599117503,0
1595631863.0455084,275.22712060751303,0.07903879599117503,0
1595631863.055509,277.027247636932,0.07903879599117503,0
1595631863.065513,278.827932565826,0.07903879599117503,0
1595631863.0755131,280.6279737645565,0.07903879599117503,0
1595631863.0855148,282.4282724553524,0.07903879599117503,0
1595631863.0955215,284.2294723683773,0.07903879599117503,0
1595631863.1055114,286.0276682073055,0.07903879599117503,0
1595631863.1155083,287.82710859121664,0.07903879599117503,0
1595631863.1255195,289.6291238957821,0.07903879599117503,0
1595631863.1355062,291.42671891989096,0.07903879599117503,0
1595631863.1455147,293.22826215566977,0.07903879599117503,0
1595631863.1555147,295.028260439056,0.07903879599117503,0
1595631863.165523,296.82976075949057,0.07903879599117503,0
1595631863.1755247,298.63005945028647,0.07903879599117503,0
1595631863.1855104,300.4274828130184,0.07903879599117503,0
1595631863.1955197,302.2291547948299,0.07903879599117503,0
1595631863.2055168,304.0286380940853,0.07903879599117503,0
1595631863.215521,305.8294088536678,0.07903879599117503,0
1595631863.2255154,307.6283771687923,0.07903879599117503,0
1595631863.2355092,309.42725965322836,0.07903879599117503,0
1595631863.2455149,311.2282879048763,0.07903879599117503,0
1595631863.2555218,313.02953073324545,0.07903879599117503,0
1595631863.2655165,314.82858487905844,0.07903879599117503,0
1595631863.2755084,316.62712404074057,0.07903879599117503,0
1595631863.285515,318.42832395376547,0.07903879599117503,0
1595631863.2955105,320.2275068456112,0.07903879599117503,0
1595631863.3055232,322.02977964224203,0.07903879599117503,0
1595631863.3155239,323.829906671661,0.07903879599117503,0
1595631863.3255143,325.6281883412777,0.07903879599117503,0
1595631863.3355172,327.42870160879477,0.07903879599117503,0
1595631863.3455179,329.2288286382137,0.07903879599117503,0
1595631863.3555098,331.02736779989584,0.07903879599117503,0
1595631863.3655078,332.82702276052817,0.07903879599117503,0
1595631863.375517,334.62865182699545,0.07903879599117503,0
1595631863.3855186,336.42895051779135,0.07903879599117503,0
1595631863.3955245,338.23002168478354,0.07903879599117503,0
1595631863.4055219,340.02954789938315,0.07903879599117503,0
1595631863.4155061,341.82671377004965,0.07903879599117503,0
1595631863.425514,343.62812825979574,0.07903879599117503,0
1595631863.4355202,345.42924234213217,0.07903879599117503,0
1595631863.4455216,347.22949811758383,0.07903879599117503,0
1595631863.4555116,349.02769395651205,0.07903879599117503,0
1595631863.4655216,350.8294946843563,0.07903879599117503,0
1595631863.4755137,352.62807676138266,0.07903879599117503,0
1595631863.4855099,354.4273883992611,0.07903879599117503,0
1595631863.4955156,356.228416650909,0.07903879599117503,0
1595631863.505521,358.02940198721274,0.07903879599117503,0
1595631863.5155072,359.82691118063315,0.07903879599117503,0
1595631863.516483,360,0.07903879599117503,1
1595631863.516483,13.0746083093143,0.07263671282952389,0
1595631863.526486,14.87512157683139,0.07263671282952389,0
1595631863.5364838,16.674733622119476,0.07263671282952389,0
1595631863.5464993,18.477521402881194,0.07263671282952389,0
1595631863.5564854,20.275030596301605,0.07263671282952389,0
1595631863.566492,22.076230509326507,0.07263671282952389,0
1595631863.5764956,23.87687252287631,0.07263671282952389,0
1595631863.5864973,25.67717121367221,0.07263671282952389,0
1595631863.5964952,27.476783258960296,0.07263671282952389,0
1595631863.6065018,29.2779831719852,0.07263671282952389,0
1595631863.6164916,31.076136095569183,0.07263671282952389,0
1595631863.6265018,32.87797973875766,0.07263671282952389,0
1595631863.6364918,34.67617557768588,0.07263671282952389,0
1595631863.6464887,36.475615961597015,0.07263671282952389,0
1595631863.6564913,38.276086313769866,0.07263671282952389,0
1595631863.6664855,40.07505462889438,0.07263671282952389,0
1595631863.67649,41.875868303821136,0.07263671282952389,0
1595631863.6864874,43.675394518420745,0.07263671282952389,0
1595631863.6964917,45.476165278003265,0.07263671282952389,0
1595631863.706491,47.27603481535678,0.07263671282952389,0
1595631863.716497,49.07710598234897,0.07263671282952389,0
1595631863.72649,50.87585972075229,0.07263671282952389,0
1595631863.7364933,52.676458818957855,0.07263671282952389,0
1595631863.7464912,54.47607086424594,0.07263671282952389,0
1595631863.7564898,56.27581165556674,0.07263671282952389,0
1595631863.7664924,58.07628200773959,0.07263671282952389,0
1595631863.7764997,59.87761066679721,0.07263671282952389,0
1595631863.7864895,61.675763590381194,0.07263671282952389,0
1595631863.7964997,63.47760723356967,0.07263671282952389,0
1595631863.8064938,65.27653263334994,0.07263671282952389,0
1595631863.8164983,67.0773463082767,0.07263671282952389,0
1595631863.826493,68.87640045408969,0.07263671282952389,0
1595631863.8364968,70.67708538298373,0.07263671282952389,0
1595631863.846484,72.4747662377811,0.07263671282952389,0
1595631863.8564885,74.27557991270785,0.07263671282952389,0
1595631863.866491,76.0760502648807,0.07263671282952389,0
1595631863.8764875,77.87540481810336,0.07263671282952389,0
1595631863.886491,79.67604683165317,0.07263671282952389,0
1595631863.8964844,81.47484348540073,0.07263671282952389,0
1595631863.906491,83.27604339842563,0.07263671282952389,0
1595631863.9164944,85.0766424966312,0.07263671282952389,0
1595631863.9264894,86.87573955778842,0.07263671282952389,0
1595631863.9364877,88.67543743376498,0.07263671282952389,0
1595631863.9464993,90.47753856901889,0.07263671282952389,0
1595631863.9564946,92.27667854552035,0.07263671282952389,0
1595631863.966495,94.07676265959506,0.07263671282952389,0
1595631863.9764967,95.87706135039096,0.07263671282952389,0
1595631863.9864857,97.67508552794223,0.07263671282952389,0
1595631863.9964907,99.47598503355746,0.07263671282952389,0
1595631864.006501,101.27782867674594,0.07263671282952389,0
1595631864.0164928,103.07636783842807,0.07263671282952389,0
1595631864.0264952,104.87679527525668,0.07263671282952389,0
1595631864.036491,106.67602108244662,0.07263671282952389,0
1595631864.0465004,108.47773597960239,0.07263671282952389,0
1595631864.0565014,110.27790592436557,0.07263671282952389,0
1595631864.059729,110.85889385466342,0.07263671282952389,0
1595631864.059729,110.85889385466342,0.07263671282952389,0
1595631864.0664904,112.07593010191684,0.07263671282952389,0
1595631864.0764976,113.87721584563022,0.07263671282952389,0
1595631864.0864992,115.67751453642612,0.07263671282952389,0
1595631864.0965004,117.47772739653354,0.07263671282952389,0
1595631864.106492,119.27622364287143,0.07263671282952389,0
1595631864.1165004,121.077723963306,0.07263671282952389,0
1595631864.1264923,122.87626312498813,0.07263671282952389,0
1595631864.1364903,124.67591808562045,0.07263671282952389,0
1595631864.1464953,126.47681759123569,0.07263671282952389,0
1595631864.156484,128.27475593809848,0.07263671282952389,0
1595631864.166491,130.07604168181186,0.07263671282952389,0
1595631864.1764834,131.87466667418246,0.07263671282952389,0
1595631864.186488,133.67548034910922,0.07263671282952389,0
1595631864.1964839,135.4747490716434,0.07263671282952389,0
1595631864.2064924,137.2762923074222,0.07263671282952389,0
1595631864.2164962,139.07697723631625,0.07263671282952389,0
1595631864.226485,140.87495849852328,0.07263671282952389,0
1595631864.2364984,142.67736004118686,0.07263671282952389,0
1595631864.2464907,144.47598503355746,0.07263671282952389,0
1595631864.2564995,146.2775711846805,0.07263671282952389,0
1595631864.2664971,148.07714031462436,0.07263671282952389,0
1595631864.2764885,149.875593645618,0.07263671282952389,0
1595631864.2864952,151.6767935586429,0.07263671282952389,0
1595631864.2964845,153.47486065153842,0.07263671282952389,0
1595631864.3064916,155.2761463952518,0.07263671282952389,0
1595631864.316494,157.0765738320804,0.07263671282952389,0
1595631864.3264918,158.8761858773685,0.07263671282952389,0
1595631864.3364992,160.67751453642612,0.07263671282952389,0
1595631864.3464942,162.47661159758334,0.07263671282952389,0
1595631864.3564875,164.2754082513309,0.07263671282952389,0
1595631864.3664832,166.07463405852084,0.07263671282952389,0
1595631864.3764932,167.87643478636508,0.07263671282952389,0
1595631864.3864903,169.67591808562045,0.07263671282952389,0
1595631864.3964834,171.47467182402377,0.07263671282952389,0
1595631864.4064853,173.2750134301639,0.07263671282952389,0
1595631864.416501,175.07784412626987,0.07263671282952389,0
1595631864.4264834,176.87466667418246,0.07263671282952389,0
1595631864.43649,178.67586658720737,0.07263671282952389,0
1595631864.4464998,180.4776243997074,0.07263671282952389,0
1595631864.4564838,182.27474735502966,0.07263671282952389,0
1595631864.4664886,184.07560394530066,0.07263671282952389,0
1595631864.4764993,185.8775334191776,0.07263671282952389,0
1595631864.486489,187.6756863427616,0.07263671282952389,0
1595631864.4965003,189.47770164732702,0.07263671282952389,0
1595631864.5064883,191.27555416350134,0.07263671282952389,0
1595631864.5164888,193.07563827757605,0.07263671282952389,0
1595631864.5264857,194.87507866148718,0.07263671282952389,0
1595631864.5364947,196.67670772795447,0.07263671282952389,0
1595631864.5464985,198.4773926568485,0.07263671282952389,0
1595631864.5564935,200.27648971800573,0.07263671282952389,0
1595631864.5664964,202.07700298552282,0.07263671282952389,0
1595631864.5764832,203.87464092497595,0.07263671282952389,0
1595631864.5864854,205.67502544646032,0.07263671282952389,0
1595631864.596496,207.47695492033728,0.07263671282952389,0
1595631864.60649,209.2758374047733,0.07263671282952389,0
1595631864.616493,211.07639358763464,0.07263671282952389,0
1595631864.626491,212.87604854826697,0.07263671282952389,0
1595631864.6364846,214.67488811735876,0.07263671282952389,0
1595631864.6464968,216.47707508330114,0.07263671282952389,0
1595631864.656499,218.27745960478552,0.07263671282952389,0
1595631864.6665,220.07767246489294,0.07263671282952389,0
1595631864.6764898,221.87582538847693,0.07263671282952389,0
1595631864.6864996,223.67758320097693,0.07263671282952389,0
1595631864.6964965,225.47702358488806,0.07263671282952389,0
1595631864.7064955,227.27685020689734,0.07263671282952389,0
1595631864.7164965,229.07702015166052,0.07263671282952389,0
1595631864.726493,230.87637470488318,0.07263671282952389,0
1595631864.7364857,232.67508552794226,0.07263671282952389,0
1595631864.7464848,234.47491214995154,0.07263671282952389,0
1595631864.7565,236.27765701536902,0.07263671282952389,0
1595631864.7664921,238.07623909239538,0.07263671282952389,0
1595631864.7764876,239.8754219842411,0.07263671282952389,0
1595631864.7864943,241.676621897266,0.07263671282952389,0
1595631864.7965002,243.47769306425818,0.07263671282952389,0
1595631864.8064911,245.27606056456335,0.07263671282952389,0
1595631864.8164918,247.0761875939823,0.07263671282952389,0
1595631864.8264902,248.87588546995886,0.07263671282952389,0
1595631864.8364966,250.67704246763952,0.07263671282952389,0
1595631864.846485,252.47493789915808,0.07263671282952389,0
1595631864.856482,254.27442119841345,0.07263671282952389,0
1595631864.8664913,256.076093180225,0.07263671282952389,0
1595631864.8764963,257.8769926858402,0.07263671282952389,0
1595631864.886487,259.67531727080114,0.07263671282952389,0
1595631864.896489,261.4756588769413,0.07263671282952389,0
1595631864.9064822,263.27445553068884,0.07263671282952389,0
1595631864.916484,265.074797136829,0.07263671282952389,0
1595631864.926487,266.87531040434607,0.07263671282952389,0
1595631864.9364848,268.67492244963415,0.07263671282952389,0
1595631864.9464955,270.4768519235111,0.07263671282952389,0
1595631864.956491,272.2760348153568,0.07263671282952389,0
1595631864.9664836,274.07470272307165,0.07263671282952389,0
1595631864.9764905,275.8759455514408,0.07263671282952389,0
1595631864.986492,277.67620132689245,0.07263671282952389,0
1595631864.99649,279.4758562875248,0.07263671282952389,0
1595631865.0064955,281.2768416238285,0.07263671282952389,0
1595631865.0164897,283.075809938953,0.07263671282952389,0
1595631865.0265005,284.87773941282995,0.07263671282952389,0
1595631865.03649,286.6758494210697,0.07263671282952389,0
1595631865.0464897,288.4758047891117,0.07263671282952389,0
1595631865.0564895,290.2757601571537,0.07263671282952389,0
1595631865.0665004,292.0777325463749,0.07263671282952389,0
1595631865.0764863,293.87519882445105,0.07263671282952389,0
1595631865.0864985,295.67738579039343,0.07263671282952389,0
1595631865.0964847,297.47489498381384,0.07263671282952389,0
1595631865.106485,299.2749361825443,0.07263671282952389,0
1595631865.116492,301.0762219262577,0.07263671282952389,0
1595631865.1264942,302.87660644774206,0.07263671282952389,0
1595631865.136482,304.67441604857214,0.07263671282952389,0
1595631865.1464875,306.47540138487585,0.07263671282952389,0
1595631865.15649,308.2758717370487,0.07263671282952389,0
1595631865.166497,310.07711456541784,0.07263671282952389,0
1595631865.1764815,311.8743233514286,0.07263671282952389,0
1595631865.1864905,313.67595241789587,0.07263671282952389,0
1595631865.1964884,315.47556446318396,0.07263671282952389,0
1595631865.2064912,317.27607773070105,0.07263671282952389,0
1595631865.2164853,319.0750031304813,0.07263671282952389,0
1595631865.2264898,320.8758168054081,0.07263671282952389,0
1595631865.2364814,322.67431305174597,0.07263671282952389,0
1595631865.2464857,324.4750838113285,0.07263671282952389,0
1595631865.2564943,326.2766270471073,0.07263671282952389,0
1595631865.2664905,328.0759386849857,0.07263671282952389,0
1595631865.2764895,329.875765306995,0.07263671282952389,0
1595631865.2864947,331.67670772795447,0.07263671282952389,0
1595631865.2964847,333.4749035668827,0.07263671282952389,0
1595631865.3064926,335.2763180566288,0.07263671282952389,0
1595631865.3164976,337.077217562244,0.07263671282952389,0
1595631865.326494,338.8765721154667,0.07263671282952389,0
1595631865.3364828,340.6745533776737,0.07263671282952389,0
1595631865.346488,342.4754957986332,0.07263671282952389,0
1595631865.35649,344.2758374047733,0.07263671282952389,0
1595631865.3664937,346.07652233366736,0.07263671282952389,0
1595631865.3764846,347.87488983397253,0.07263671282952389,0
1595631865.3864973,349.6771626306034,0.07263671282952389,0
1595631865.396482,351.47441433195837,0.07263671282952389,0
1595631865.4064813,353.2742838693119,0.07263671282952389,0
1595631865.4164844,355.0748400521732,0.07263671282952389,0
1595631865.4264896,356.8757824731327,0.07263671282952389,0
1595631865.4364827,358.674536211536,0.07263671282952389,0
1595631865.44385,360,0.07263671282952389,1
1595631865.44385,11.659131643545745,0.06477295357525414,0
1595631865.453869,13.462563154471038,0.06477295357525414,0
1595631865.4638507,15.25925695635092,0.06477295357525414,0
1595631865.4738672,17.062216398489593,0.06477295357525414,0
1595631865.483863,18.861485121023772,0.06477295357525414,0
1595631865.4938538,20.65980970598471,0.06477295357525414,0
1595631865.5038562,22.460237142813323,0.06477295357525414,0
1595631865.5138552,24.2600637648226,0.06477295357525414,0
1595631865.5238557,26.060147878897308,0.06477295357525414,0
1595631865.5338542,27.85988867021811,0.06477295357525414,0
1595631865.5438626,29.66138899065268,0.06477295357525414,0
1595631865.5538647,31.461773512137054,0.06477295357525414,0
1595631865.5638642,33.26168596483481,0.06477295357525414,0
1595631865.5738623,35.061340925467135,0.06477295357525414,0
1595631865.5838544,36.8599230024935,0.06477295357525414,0
1595631865.5938504,38.65919172502768,0.06477295357525414,0
1595631865.6038594,40.46082079149497,0.06477295357525414,0
1595631865.6138687,42.26249277330649,0.06477295357525414,0
1595631865.6238644,44.06171858049643,0.06477295357525414,0
1595631865.633854,45.85982858873618,0.06477295357525414,0
1595631865.643855,47.6600414488436,0.06477295357525414,0
1595631865.6538644,49.461713430655124,0.06477295357525414,0
1595631865.663856,51.260209676993014,0.06477295357525414,0
1595631865.673863,53.061452505362155,0.06477295357525414,0
1595631865.683862,54.86127912737143,0.06477295357525414,0
1595631865.6938655,56.66192114092124,0.06477295357525414,0
1595631865.7038498,58.45908701158774,0.06477295357525414,0
1595631865.7138655,60.2619177076937,0.06477295357525414,0
1595631865.7238507,62.059255239737155,0.06477295357525414,0
1595631865.7338562,63.860240576040866,0.06477295357525414,0
1595631865.7438545,65.65993845201743,0.06477295357525414,0
1595631865.7538579,67.460537550223,0.06477295357525414,0
1595631865.7638593,69.26079332567465,0.06477295357525414,0
1595631865.7738628,71.06143533922446,0.06477295357525414,0
1595631865.7838693,72.86259233690512,0.06477295357525414,0
1595631865.793852,74.6595007155062,0.06477295357525414,0
1595631865.8038616,76.46121561266196,0.06477295357525414,0
1595631865.813859,78.26074182726157,0.06477295357525414,0
1595631865.8238623,80.06134092546714,0.06477295357525414,0
1595631865.8338654,81.86189710832846,0.06477295357525414,0
1595631865.8438559,83.66017877794516,0.06477295357525414,0
1595631865.8538518,85.45944750047934,0.06477295357525414,0
1595631865.8638551,87.26004659868491,0.06477295357525414,0
1595631865.8738573,89.06043112016928,0.06477295357525414,0
1595631865.8838682,90.86240350939048,0.06477295357525414,0
1595631865.8938553,92.66008436418784,0.06477295357525414,0
1595631865.9038603,94.46098386980307,0.06477295357525414,0
1595631865.9048247,94.63457643724692,0.06477295357525414,0
1595631865.9048247,94.63457643724692,0.06477295357525414,0
1595631865.9138641,96.26166879869712,0.06477295357525414,0
1595631865.9238653,98.06188165880454,0.06477295357525414,0
1595631865.933852,99.85947668291342,0.06477295357525414,0
1595631865.9438646,101.66174947954428,0.06477295357525414,0
1595631865.9538586,103.46067487932456,0.06477295357525414,0
1595631865.9638648,105.26178896166098,0.06477295357525414,0
1595631865.9738557,107.06015646196616,0.06477295357525414,0
1595631865.983864,108.86165678240073,0.06477295357525414,0
1595631865.9938595,110.66083967424643,0.06477295357525414,0
1595631866.0038536,112.4597650740267,0.06477295357525414,0
1595631866.01385,114.25911962724936,0.06477295357525414,0
1595631866.0238633,116.06152116991294,0.06477295357525414,0
1595631866.0338504,117.8592020247103,0.06477295357525414,0
1595631866.0438614,119.66117441393149,0.06477295357525414,0
1595631866.0538678,121.46233141161215,0.06477295357525414,0
1595631866.0638497,123.25906812883628,0.06477295357525414,0
1595631866.0738547,125.05996763445151,0.06477295357525414,0
1595631866.0838654,126.86189710832846,0.06477295357525414,0
1595631866.0938632,128.66150915361655,0.06477295357525414,0
1595631866.1038506,130.45923292375815,0.06477295357525414,0
1595631866.1138608,132.26107656694663,0.06477295357525414,0
1595631866.1238616,134.06120359636557,0.06477295357525414,0
1595631866.133864,135.8616310331942,0.06477295357525414,0
1595631866.143865,137.6618438933016,0.06477295357525414,0
1595631866.1538582,139.46059763170493,0.06477295357525414,0
1595631866.163863,141.26145422197592,0.06477295357525414,0
1595631866.1738534,143.05973589159262,0.06477295357525414,0
1595631866.1838648,144.8617941115023,0.06477295357525414,0
1595631866.1938503,146.65917455889,0.06477295357525414,0
1595631866.2038546,148.4599453184725,0.06477295357525414,0
1595631866.2138557,150.26015817857993,0.06477295357525414,0
1595631866.2238533,152.05972730852378,0.06477295357525414,0
1595631866.233863,153.86148512102378,0.06477295357525414,0
1595631866.2438626,155.66139757372153,0.06477295357525414,0
1595631866.2538652,157.46186792589438,0.06477295357525414,0
1595631866.2638667,159.26212370134604,0.06477295357525414,0
1595631866.2738657,161.06195032335532,0.06477295357525414,0
1595631866.2838554,162.8601032469393,0.06477295357525414,0
1595631866.2938657,164.66194689012778,0.06477295357525414,0
1595631866.3038595,166.46082937456382,0.06477295357525414,0
1595631866.3138676,168.26228677965415,0.06477295357525414,0
1595631866.3238504,170.05919515825522,0.06477295357525414,0
1595631866.3338609,171.86108171678794,0.06477295357525414,0
1595631866.3438675,173.66228162981284,0.06477295357525414,0
1595631866.3538606,175.46103536821616,0.06477295357525414,0
1595631866.3638506,177.25923120714438,0.06477295357525414,0
1595631866.3738651,179.06184732652915,0.06477295357525414,0
1595631866.3838613,180.86115896440757,0.06477295357525414,0
1595631866.393851,182.65931188799155,0.06477295357525414,0
1595631866.4038582,184.46059763170493,0.06477295357525414,0
1595631866.41385,186.25913679338706,0.06477295357525414,0
1595631866.4238594,188.06080877519858,0.06477295357525414,0
1595631866.4338663,189.86205160356772,0.06477295357525414,0
1595631866.4438581,191.66059076524985,0.06477295357525414,0
1595631866.4538612,193.46114694811118,0.06477295357525414,0
1595631866.4638681,195.26238977648032,0.06477295357525414,0
1595631866.473851,197.0592981550814,0.06477295357525414,0
1595631866.4838598,198.86088430620444,0.06477295357525414,0
1595631866.4938672,200.66221296526206,0.06477295357525414,0
1595631866.5038671,202.4622112486483,0.06477295357525414,0
1595631866.513852,204.25946295000327,0.06477295357525414,0
1595631866.523849,206.05894624925864,0.06477295357525414,0
1595631866.5338507,207.85924494005454,0.06477295357525414,0
1595631866.5438507,209.65924322344077,0.06477295357525414,0
1595631866.5538514,211.4593702528597,0.06477295357525414,0
1595631866.5638628,213.26142847276938,0.06477295357525414,0
1595631866.573861,215.0610834334017,0.06477295357525414,0
1595631866.583863,216.86146795488608,0.06477295357525414,0
1595631866.5938642,218.6616808149935,0.06477295357525414,0
1595631866.6038604,220.46099245287192,0.06477295357525414,0
1595631866.6138537,222.25978910661948,0.06477295357525414,0
1595631866.623863,224.061461088431,0.06477295357525414,0
1595631866.6338582,225.86060106493247,0.06477295357525414,0
1595631866.643861,227.66111433244956,0.06477295357525414,0
1595631866.6538546,229.45995390154135,0.06477295357525414,0
1595631866.6638627,231.2614113066317,0.06477295357525414,0
1595631866.673861,233.06110918260825,0.06477295357525414,0
1595631866.683857,234.86037790514243,0.06477295357525414,0
1595631866.693853,236.6596466276766,0.06477295357525414,0
1595631866.703859,238.46076071001303,0.06477295357525414,0
1595631866.7138598,240.26088773943198,0.06477295357525414,0
1595631866.7238605,242.06101476885092,0.06477295357525414,0
1595631866.7338533,243.85972559191,0.06477295357525414,0
1595631866.743854,245.65985262132895,0.06477295357525414,0
1595631866.7538521,247.45950758196128,0.06477295357525414,0
1595631866.7638612,249.26113664842856,0.06477295357525414,0
1595631866.7738545,251.05993330217612,0.06477295357525414,0
1595631866.7838573,252.8604465696932,0.06477295357525414,0
1595631866.793868,254.66237604357016,0.06477295357525414,0
1595631866.8038585,256.46065771318683,0.06477295357525414,0
1595631866.81385,258.2591110441805,0.06477295357525414,0
1595631866.8238575,260.06048261858234,0.06477295357525414,0
1595631866.8338585,261.8606525633455,0.06477295357525414,0
1595631866.843859,263.66073667742023,0.06477295357525414,0
1595631866.8538554,265.4600912306429,0.06477295357525414,0
1595631866.8638592,267.26077615953693,0.06477295357525414,0
1595631866.873853,269.05965864397297,0.06477295357525414,0
1595631866.883865,270.86184560991535,0.06477295357525414,0
1595631866.8938675,272.66227304674396,0.06477295357525414,0
1595631866.9038527,274.4596105787874,0.06477295357525414,0
1595631866.913858,276.2605529997469,0.06477295357525414,0
1595631866.9238627,278.0614095900179,0.06477295357525414,0
1595631866.9338665,279.86209451891193,0.06477295357525414,0
1595631866.9438543,281.659904119742,0.06477295357525414,0
1595631866.9538598,283.4608894560457,0.06477295357525414,0
1595631866.9638572,285.26041567064533,0.06477295357525414,0
1595631866.9738657,287.06195890642414,0.06477295357525414,0
1595631866.9838665,288.8620859358431,0.06477295357525414,0
1595631866.9938583,290.6606250975252,0.06477295357525414,0
1595631867.0038633,292.46152460314045,0.06477295357525414,0
1595631867.0138655,294.2619091246248,0.06477295357525414,0
1595631867.0238662,296.06203615404377,0.06477295357525414,0
1595631867.0338557,297.8601461622835,0.06477295357525414,0
1595631867.0438576,299.66048776842365,0.06477295357525414,0
1595631867.0538602,301.4609581205965,0.06477295357525414,0
1595631867.0638652,303.26185762621174,0.06477295357525414,0
1595631867.073852,305.05949556566486,0.06477295357525414,0
1595631867.083856,306.86022340990314,0.06477295357525414,0
1595631867.0938554,308.66009294725666,0.06477295357525414,0
1595631867.103857,310.46039163805256,0.06477295357525414,0
1595631867.113853,312.25966036058674,0.06477295357525414,0
1595631867.123867,314.062190649283,0.06477295357525414,0
1595631867.133866,315.8620172712923,0.06477295357525414,0
1595631867.1438572,317.6604276869417,0.06477295357525414,0
1595631867.1538641,319.46167051531086,0.06477295357525414,0
1595631867.1638677,321.26231252886066,0.06477295357525414,0
1595631867.17386,323.06093752123127,0.06477295357525414,0
1595631867.1838663,324.8620516035677,0.06477295357525414,0
1595631867.193865,326.66183531023273,0.06477295357525414,0
1595631867.2038577,328.4605032179476,0.06477295357525414,0
1595631867.2138588,330.260716078055,0.06477295357525414,0
1595631867.2238579,332.0605427000643,0.06477295357525414,0
1595631867.2338543,333.85989725328693,0.06477295357525414,0
1595631867.243854,335.6598526213289,0.06477295357525414,0
1595631867.2538579,337.46053755022297,0.06477295357525414,0
1595631867.26386,339.26092207170734,0.06477295357525414,0
1595631867.273849,341.0589462492586,0.06477295357525414,0
1595631867.2838535,342.85975992418537,0.06477295357525414,0
1595631867.2938504,344.6592003080965,0.06477295357525414,0
1595631867.3038516,346.4594131682039,0.06477295357525414,0
1595631867.313861,348.26108515001545,0.06477295357525414,0
1595631867.32386,350.0609117720247,0.06477295357525414,0
1595631867.3338556,351.86013757921467,0.06477295357525414,0
1595631867.3438656,353.6619383070589,0.06477295357525414,0
1595631867.3538635,355.461550352347,0.06477295357525414,0
1595631867.3638506,357.25923120714435,0.06477295357525414,0
1595631867.3738506,359.0592294905306,0.06477295357525414,0
1595631867.3790777,360,0.06477295357525414,1
1595631867.3790777,9.952805285605308,0.05529336269780727,0
1595631867.3890939,11.755721812399742,0.05529336269780727,0
1595631867.3990815,13.553488497885581,0.05529336269780727,0
1595631867.4090834,15.353830104025718,0.05529336269780727,0
1595631867.4190922,17.155416255148765,0.05529336269780727,0
1595631867.429089,18.954856639059898,0.05529336269780727,0
1595631867.439089,20.75485492244613,0.05529336269780727,0
1595631867.449083,22.5537803222264,0.05529336269780727,0
1595631867.459082,24.35356402889144,0.05529336269780727,0
1595631867.469096,26.15609431758773,0.05529336269780727,0
1595631867.4790905,27.95510554805648,0.05529336269780727,0
1595631867.4890924,29.755447154196617,0.05529336269780727,0
1595631867.499088,31.554672961386558,0.05529336269780727,0
1595631867.5090783,33.35291171565902,0.05529336269780727,0
1595631867.5190964,35.15617156520736,0.05529336269780727,0
1595631867.5290809,36.9533803512181,0.05529336269780727,0
1595631867.5390959,38.75608230129134,0.05529336269780727,0
1595631867.5490782,40.55290484920394,0.05529336269780727,0
1595631867.5590782,42.35290313259017,0.05529336269780727,0
1595631867.5690835,44.153845553549644,0.05529336269780727,0
1595631867.5790799,45.9532001067723,0.05529336269780727,0
1595631867.589093,47.755558734091636,0.05529336269780727,0
1595631867.5990827,49.55371165767562,0.05529336269780727,0
1595631867.6090887,51.35478282466781,0.05529336269780727,0
1595631867.6190937,53.15568233028304,0.05529336269780727,0
1595631867.6290963,54.956152682455894,0.05529336269780727,0
1595631867.6390824,56.753661875876304,0.05529336269780727,0
1595631867.6490946,58.55584884181869,0.05529336269780727,0
1595631867.659086,60.35430217281234,0.05529336269780727,0
1595631867.66908,62.15322757259261,0.05529336269780727,0
1595631867.6790867,63.954427485617515,0.05529336269780727,0
1595631867.6890852,65.75416827693832,0.05529336269780727,0
1595631867.6990786,67.55296493068587,0.05529336269780727,0
1595631867.7090805,69.35330653682601,0.05529336269780727,0
1595631867.7190893,71.15489268794906,0.05529336269780727,0
1595631867.7290795,72.95313144222152,0.05529336269780727,0
1595631867.739086,74.75428843990218,0.05529336269780727,0
1595631867.7424254,75.35540366664779,0.05529336269780727,0
1595631867.7424254,75.35540366664779,0.05529336269780727,0
1595631867.7490816,76.55351424709212,0.05529336269780727,0
1595631867.7590914,78.35527205959212,0.05529336269780727,0
1595631867.7690864,80.15436912074935,0.05529336269780727,0
1595631867.7790859,81.9542815734471,0.05529336269780727,0
1595631867.789093,83.75556731716048,0.05529336269780727,0
1595631867.7990856,85.55423522487533,0.05529336269780727,0
1595631867.8090796,87.3531606246556,0.05529336269780727,0
1595631867.819092,89.15539050594222,0.05529336269780727,0
1595631867.8290899,90.95500255123031,0.05529336269780727,0
1595631867.8390799,92.75319839015853,0.05529336269780727,0
1595631867.8490958,94.55607200160873,0.05529336269780727,0
1595631867.8590882,96.35469699397933,0.05529336269780727,0
1595631867.8690796,98.15315032497298,0.05529336269780727,0
1595631867.8790953,99.95598102107894,0.05529336269780727,0
1595631867.889086,101.75430560603988,0.05529336269780727,0
1595631867.8990777,103.55280185237777,0.05529336269780727,0
1595631867.9090827,105.353701357993,0.05529336269780727,0
1595631867.9190893,107.1549012710179,0.05529336269780727,0
1595631867.92909,108.95502830043685,0.05529336269780727,0
1595631867.9390912,110.75524116054427,0.05529336269780727,0
1595631867.949087,112.55446696773421,0.05529336269780727,0
1595631867.9590805,114.35330653682601,0.05529336269780727,0
1595631867.9690855,116.15420604244125,0.05529336269780727,0
1595631867.9790928,117.95553470149886,0.05529336269780727,0
1595631867.9890862,119.75433135524642,0.05529336269780727,0
1595631867.9990785,121.55295634761703,0.05529336269780727,0
1595631868.0090935,123.35565829769027,0.05529336269780727,0
1595631868.0190787,125.15299582973373,0.05529336269780727,0
1595631868.0290856,126.95423865810287,0.05529336269780727,0
1595631868.039091,128.75522399440658,0.05529336269780727,0
1595631868.0490925,130.55547976985824,0.05529336269780727,0
1595631868.059089,132.3548343230809,0.05529336269780727,0
1595631868.0690913,134.1552617599095,0.05529336269780727,0
1595631868.079084,135.95392966762435,0.05529336269780727,0
1595631868.0890827,137.7537133742894,0.05529336269780727,0
1595631868.0990844,139.5540120650853,0.05529336269780727,0
1595631868.1090877,141.35461116329085,0.05529336269780727,0
1595631868.1190777,143.15280700221908,0.05529336269780727,0
1595631868.1290824,144.95366359249007,0.05529336269780727,0
1595631868.1390843,146.7540051986302,0.05529336269780727,0
1595631868.1490788,148.55301642909896,0.05529336269780727,0
1595631868.159093,150.35554671779525,0.05529336269780727,0
1595631868.1690886,152.1547725249852,0.05529336269780727,0
1595631868.1790783,153.95292544856918,0.05529336269780727,0
1595631868.1890817,155.75352454677474,0.05529336269780727,0
1595631868.1990807,157.55335116878402,0.05529336269780727,0
1595631868.2090907,159.35515189662826,0.05529336269780727,0
1595631868.2190893,161.15489268794906,0.05529336269780727,0
1595631868.2290957,162.95604968562972,0.05529336269780727,0
1595631868.2390876,164.75458884731185,0.05529336269780727,0
1595631868.2490942,166.55578876033675,0.05529336269780727,0
1595631868.2590907,168.3551433135594,0.05529336269780727,0
1595631868.2690876,170.15458369747054,0.05529336269780727,0
1595631868.2790854,171.95419574275863,0.05529336269780727,0
1595631868.2890923,173.75543857112777,0.05529336269780727,0
1595631868.2990835,175.55384898677718,0.05529336269780727,0
1595631868.30909,177.35500598445785,0.05529336269780727,0
1595631868.3190875,179.1545751144017,0.05529336269780727,0
1595631868.3290794,180.9531142760838,0.05529336269780727,0
1595631868.339082,182.75358462825665,0.05529336269780727,0
1595631868.3490772,184.5527246047581,0.05529336269780727,0
1595631868.359093,186.35555530086407,0.05529336269780727,0
1595631868.369092,188.15538192287335,0.05529336269780727,0
1595631868.3790865,189.9543931533421,0.05529336269780727,0
1595631868.3890834,191.75383353725323,0.05529336269780727,0
1595631868.3990893,193.55490470424542,0.05529336269780727,0
1595631868.4090862,195.35434508815655,0.05529336269780727,0
1595631868.419087,197.1544721175755,0.05529336269780727,0
1595631868.4290888,198.95481372371563,0.05529336269780727,0
1595631868.4390798,200.7531812240208,0.05529336269780727,0
1595631868.4490938,202.5557115127171,0.05529336269780727,0
1595631868.459089,204.35485148921856,0.05529336269780727,0
1595631868.4690814,206.15347648158917,0.05529336269780727,0
1595631868.4790807,207.95334601894268,0.05529336269780727,0
1595631868.489077,209.75270057216534,0.05529336269780727,0
1595631868.499083,211.55377173915753,0.05529336269780727,0
1595631868.509085,213.35411334529766,0.05529336269780727,0
1595631868.5190847,215.15406871333965,0.05529336269780727,0
1595631868.5290778,216.95282245174297,0.05529336269780727,0
1595631868.5390768,218.75264907375225,0.05529336269780727,0
1595631868.5490804,220.55329108730206,0.05529336269780727,0
1595631868.5590794,222.35311770931133,0.05529336269780727,0
1595631868.569095,224.15590549007305,0.05529336269780727,0
1595631868.57909,225.95504546657452,0.05529336269780727,0
1595631868.5890903,227.755086665305,0.05529336269780727,0
1595631868.5990825,229.55366874233135,0.05529336269780727,0
1595631868.6090803,231.35328078761944,0.05529336269780727,0
1595631868.6190798,233.1531932403172,0.05529336269780727,0
1595631868.6290803,234.9532773543919,0.05529336269780727,0
1595631868.6390948,236.75589347377667,0.05529336269780727,0
1595631868.6490912,238.55524802699932,0.05529336269780727,0
1595631868.6590798,240.35318637386212,0.05529336269780727,0
1595631868.6690888,242.1548154403294,0.05529336269780727,0
1595631868.6790802,243.95326877132305,0.05529336269780727,0
1595631868.6890852,245.7541682769383,0.05529336269780727,0
1595631868.6990774,247.55275035396465,0.05529336269780727,0
1595631868.7090826,249.35369277492413,0.05529336269780727,0
1595631868.719081,251.1533906509007,0.05529336269780727,0
1595631868.7290878,252.95463347926983,0.05529336269780727,0
1595631868.7390885,254.75476050868878,0.05529336269780727,0
1595631868.7490954,256.5560033370579,0.05529336269780727,0
1595631868.759094,258.3557441283787,0.05529336269780727,0
1595631868.7690785,260.15295291438946,0.05529336269780727,0
1595631868.7790766,261.9526078750218,0.05529336269780727,0
1595631868.7890768,263.75264907375225,0.05529336269780727,0
1595631868.7990897,265.55496478572735,0.05529336269780727,0
1595631868.8090906,267.35513473049053,0.05529336269780727,0
1595631868.8190846,269.1540601302708,0.05529336269780727,0
1595631868.8290794,270.9531142760838,0.05529336269780727,0
1595631868.8390827,272.75371337428936,0.05529336269780727,0
1595631868.8490868,274.55444121852764,0.05529336269780727,0
1595631868.8590827,276.3537099410618,0.05529336269780727,0
1595631868.8690808,278.15336490169415,0.05529336269780727,0
1595631868.8790941,279.9557664443577,0.05529336269780727,0
1595631868.8890834,281.75383353725323,0.05529336269780727,0
1595631868.8990865,283.55438972011456,0.05529336269780727,0
1595631868.909085,285.35413051143536,0.05529336269780727,0
1595631868.9190843,287.1540000487889,0.05529336269780727,0
1595631868.9290774,288.9527537871922,0.05529336269780727,0
1595631868.9390948,290.7558848907078,0.05529336269780727,0
1595631868.9490852,292.5541665603245,0.05529336269780727,0
1595631868.9590874,294.3545510818089,0.05529336269780727,0
1595631868.9690895,296.15493560329327,0.05529336269780727,0
1595631868.9790826,297.9536893416966,0.05529336269780727,0
1595631868.9890869,299.7544601012791,0.05529336269780727,0
1595631868.999088,301.55467296138653,0.05529336269780727,0
1595631869.009095,303.35591578975567,0.05529336269780727,0
1595631869.019081,305.1534249831761,0.05529336269780727,0
1595631869.0290816,306.9535090972508,0.05529336269780727,0
1595631869.0390859,308.7542798568333,0.05529336269780727,0
1595631869.0490925,310.5554797698582,0.05529336269780727,0
1595631869.0590796,312.3531606246556,0.05529336269780727,0
1595631869.06908,314.1532447387303,0.05529336269780727,0
1595631869.0790777,315.9528138686741,0.05529336269780727,0
1595631869.0890887,317.7547862578953,0.05529336269780727,0
1595631869.0990918,319.55534244075665,0.05529336269780727,0
1595631869.1090775,321.3527658034886,0.05529336269780727,0
1595631869.1190798,323.1531932403172,0.05529336269780727,0
1595631869.1290827,324.9537065078343,0.05529336269780727,0
1595631869.1390836,326.75387645259747,0.05529336269780727,0
1595631869.1490765,328.55258727565655,0.05529336269780727,0
1595631869.1590886,330.35477424159893,0.05529336269780727,0
1595631869.1690767,332.15262675777325,0.05529336269780727,0
1595631869.179086,333.9542987395848,0.05529336269780727,0
1595631869.1890798,335.7531812240208,0.05529336269780727,0
1595631869.1990907,337.555153613242,0.05529336269780727,0
1595631869.2090921,339.35540938869366,0.05529336269780727,0
1595631869.21909,341.15502143398174,0.05529336269780727,0
1595631869.229088,342.95467639461407,0.05529336269780727,0
1595631869.239077,344.75270057216534,0.05529336269780727,0
1595631869.2490926,346.55548835292706,0.05529336269780727,0
1595631869.2590775,348.3527829696263,0.05529336269780727,0
1595631869.2690904,350.1550986816014,0.05529336269780727,0
1595631869.2790878,351.954624896201,0.05529336269780727,0
1595631869.289079,353.7530353118504,0.05529336269780727,0
1595631869.2990813,355.553462748679,0.05529336269780727,0
1595631869.3090856,357.35423350826153,0.05529336269780727,0
1595631869.3190916,359.1553046752537,0.05529336269780727,0
1595631869.3238037,360,0.05529336269780727,1
1595631869.3238037,7.925196985582375,0.04402887214212431,0
1595631869.333818,9.727770189622904,0.04402887214212431,0
1595631869.3438194,11.528025965074564,0.04402887214212431,0
1595631869.3538043,13.325320581773783,0.04402887214212431,0
1595631869.363814,15.127078394273783,0.04402887214212431,0
1595631869.3738053,16.925488809923195,0.04402887214212431,0
1595631869.3838215,18.72840533671763,0.04402887214212431,0
1595631869.3938122,20.526729921678566,0.04402887214212431,0
1595631869.4038227,22.32861648021128,0.04402887214212431,0
1595631869.4138167,24.127541879991554,0.04402887214212431,0
1595631869.4238093,25.926209787706398,0.04402887214212431,0
1595631869.4338193,27.728010515550636,0.04402887214212431,0
1595631869.4438217,29.52843795237925,0.04402887214212431,0
1595631869.4538088,31.326118807176613,0.04402887214212431,0
1595631869.4638214,33.12839160380747,0.04402887214212431,0
1595631869.4738035,34.92517123637583,0.04402887214212431,0
1595631869.483815,36.7272294562855,0.04402887214212431,0
1595631869.4938068,38.52576861796763,0.04402887214212431,0
1595631869.5038056,40.32555232463267,0.04402887214212431,0
1595631869.5138078,42.12593684611704,0.04402887214212431,0
1595631869.5238225,43.928595880846046,0.04402887214212431,0
1595631869.5338056,45.72554717479136,0.04402887214212431,0
1595631869.543814,47.52704749522593,0.04402887214212431,0
1595631869.5538151,49.32726035533335,0.04402887214212431,0
1595631869.5638037,51.125198702196144,0.04402887214212431,0
1595631869.5687857,52.02195773539927,0.04402887214212431,0
1595631869.5687857,52.02195773539927,0.04402887214212431,0
1595631869.5738053,52.92549739299204,0.04402887214212431,0
1595631869.5838065,54.725710253099464,0.04402887214212431,0
1595631869.593805,56.525451044420265,0.04402887214212431,0
1595631869.603813,58.32686553416636,0.04402887214212431,0
1595631869.6138158,60.12737880168345,0.04402887214212431,0
1595631869.6238146,61.92716250834849,0.04402887214212431,0
1595631869.6338084,63.72604499278452,0.04402887214212431,0
1595631869.6438148,65.52720199046519,0.04402887214212431,0
1595631869.6538174,67.32767234263804,0.04402887214212431,0
1595631869.6638088,69.12612567363169,0.04402887214212431,0
1595631869.6738098,70.92629561839487,0.04402887214212431,0
1595631869.6838174,72.72766719279673,0.04402887214212431,0
1595631869.6938038,74.52521930156138,0.04402887214212431,0
1595631869.7038088,76.32611880717661,0.04402887214212431,0
1595631869.7138066,78.1257308524647,0.04402887214212431,0
1595631869.723812,79.92671618876841,0.04402887214212431,0
1595631869.73381,81.7263282340565,0.04402887214212431,0
1595631869.743813,83.52688441691782,0.04402887214212431,0
1595631869.7538035,85.32516608653452,0.04402887214212431,0
1595631869.7638042,87.12529311595347,0.04402887214212431,0
1595631869.7738206,88.92825255809214,0.04402887214212431,0
1595631869.7838178,90.7277358573475,0.04402887214212431,0
1595631869.793807,92.525802950243,0.04402887214212431,0
1595631869.8038151,94.32726035533334,0.04402887214212431,0
1595631869.81381,96.12635741649056,0.04402887214212431,0
1595631869.8238208,97.92828689036752,0.04402887214212431,0
1595631869.8338125,99.72678313670541,0.04402887214212431,0
1595631869.84381,101.52635226664925,0.04402887214212431,0
1595631869.8538146,103.32716594157601,0.04402887214212431,0
1595631869.8638108,105.12647757945443,0.04402887214212431,0
1595631869.8738048,106.9254029792347,0.04402887214212431,0
1595631869.8838162,108.72746119914437,0.04402887214212431,0
1595631869.893808,110.52595744548226,0.04402887214212431,0
1595631869.9038208,112.32827315745736,0.04402887214212431,0
1595631869.913811,114.12651191172982,0.04402887214212431,0
1595631869.9238071,115.92582354960824,0.04402887214212431,0
1595631869.933811,117.72650847850228,0.04402887214212431,0
1595631869.9438138,119.52702174601937,0.04402887214212431,0
1595631869.9538133,121.32693419871713,0.04402887214212431,0
1595631869.963808,123.12598834453011,0.04402887214212431,0
1595631869.9738142,124.92710242686654,0.04402887214212431,0
1595631869.9838133,126.72692904887582,0.04402887214212431,0
1595631869.9938192,128.52800021586802,0.04402887214212431,0
1595631870.003807,130.3258098166981,0.04402887214212431,0
1595631870.0138128,132.12683806834605,0.04402887214212431,0
1595631870.0238066,133.92572055278208,0.04402887214212431,0
1595631870.0338118,135.72666297374155,0.04402887214212431,0
1595631870.0438108,137.52648959575083,0.04402887214212431,0
1595631870.053812,139.32670245585825,0.04402887214212431,0
1595631870.0638037,141.12519870219614,0.04402887214212431,0
1595631870.0738049,142.92541156230357,0.04402887214212431,0
1595631870.0838172,144.7276414435902,0.04402887214212431,0
1595631870.0938075,146.52588019786265,0.04402887214212431,0
1595631870.1038215,148.32841048655894,0.04402887214212431,0
1595631870.113816,150.1274217170277,0.04402887214212431,0
1595631870.123818,151.92776332316782,0.04402887214212431,0
1595631870.1338196,153.72806201396372,0.04402887214212431,0
1595631870.143816,155.52741656718638,0.04402887214212431,0
1595631870.1538038,157.32522616801646,0.04402887214212431,0
1595631870.163808,159.12599692759898,0.04402887214212431,0
1595631870.173811,160.92651019511607,0.04402887214212431,0
1595631870.1838093,162.72620807109263,0.04402887214212431,0
1595631870.1938086,164.52607760844614,0.04402887214212431,0
1595631870.2038114,166.32659087596323,0.04402887214212431,0
1595631870.213812,168.12671790538218,0.04402887214212431,0
1595631870.2238054,169.92551455912974,0.04402887214212431,0
1595631870.2338068,171.7257703345814,0.04402887214212431,0
1595631870.2438176,173.52769980845835,0.04402887214212431,0
1595631870.2538202,175.3281701606312,0.04402887214212431,0
1595631870.2638109,177.12649474559214,0.04402887214212431,0
1595631870.2738204,178.9282096427479,0.04402887214212431,0
1595631870.2838066,180.7257188361683,0.04402887214212431,0
1595631870.2938075,182.5258887809315,0.04402887214212431,0
1595631870.30381,184.3263162177601,0.04402887214212431,0
1595631870.3138134,186.1269582313099,0.04402887214212431,0
1595631870.3238096,187.92626986918833,0.04402887214212431,0
1595631870.3338149,189.7272122901478,0.04402887214212431,0
1595631870.3438087,191.52609477458384,0.04402887214212431,0
1595631870.3538158,193.32738051829722,0.04402887214212431,0
1595631870.363804,195.12527594981577,0.04402887214212431,0
1595631870.3738036,196.92518840251353,0.04402887214212431,0
1595631870.383821,198.72831950602915,0.04402887214212431,0
1595631870.393822,200.52848945079234,0.04402887214212431,0
1595631870.4038117,202.32664237437632,0.04402887214212431,0
1595631870.4138124,204.12676940379527,0.04402887214212431,0
1595631870.4238057,205.92556605754282,0.04402887214212431,0
1595631870.4338112,207.72655139384653,0.04402887214212431,0
1595631870.443817,209.52757964549448,0.04402887214212431,0
1595631870.4538116,211.32663379130747,0.04402887214212431,0
1595631870.4638166,213.1275332969227,0.04402887214212431,0
1595631870.4738202,214.9281753104725,0.04402887214212431,0
1595631870.4838128,216.72684321818735,0.04402887214212431,0
1595631870.493814,218.52705607829478,0.04402887214212431,0
1595631870.503816,220.3273976844349,0.04402887214212431,0
1595631870.5138092,222.12619433818247,0.04402887214212431,0
1595631870.523809,223.92614970622446,0.04402887214212431,0
1595631870.5338132,225.72692046580698,0.04402887214212431,0
1595631870.5438187,227.5279058021107,0.04402887214212431,0
1595631870.553812,229.32670245585825,0.04402887214212431,0
1595631870.563804,231.12524161754038,0.04402887214212431,0
1595631870.5738168,232.92755732951548,0.04402887214212431,0
1595631870.5838177,234.72772727427866,0.04402887214212431,0
1595631870.593803,236.52506480632212,0.04402887214212431,0
1595631870.6038163,238.3274663489857,0.04402887214212431,0
1595631870.6138043,240.12531886516,0.04402887214212431,0
1595631870.6238198,241.92810664592173,0.04402887214212431,0
1595631870.6338055,243.72553000865366,0.04402887214212431,0
1595631870.6438055,245.5255282920399,0.04402887214212431,0
1595631870.653821,247.3283160728016,0.04402887214212431,0
1595631870.6638212,249.12835727153208,0.04402887214212431,0
1595631870.6738036,250.92517981944468,0.04402887214212431,0
1595631870.6838114,252.72659430919077,0.04402887214212431,0
1595631870.693803,254.52509055552866,0.04402887214212431,0
1595631870.7038052,256.32547507701304,0.04402887214212431,0
1595631870.713817,258.12757621226694,0.04402887214212431,0
1595631870.7238102,259.9263728660145,0.04402887214212431,0
1595631870.7338166,261.72752986369517,0.04402887214212431,0
1595631870.7438152,263.52727065501597,0.04402887214212431,0
1595631870.753806,265.32563815532114,0.04402887214212431,0
1595631870.763804,267.12525020060923,0.04402887214212431,0
1595631870.7738078,268.9259351295033,0.04402887214212431,0
1595631870.7838197,270.7280791801014,0.04402887214212431,0
1595631870.793816,272.5274337333241,0.04402887214212431,0
1595631870.8038104,274.3264020484486,0.04402887214212431,0
1595631870.8138053,276.1254991096058,0.04402887214212431,0
1595631870.8238156,277.9273427527943,0.04402887214212431,0
1595631870.833809,279.72613940654185,0.04402887214212431,0
1595631870.8438044,281.52532229838755,0.04402887214212431,0
1595631870.8538113,283.3265651267567,0.04402887214212431,0
1595631870.8638027,285.12501845775034,0.04402887214212431,0
1595631870.8738053,286.9254888099232,0.04402887214212431,0
1595631870.8838072,288.72583041606333,0.04402887214212431,0
1595631870.893812,290.5266870063343,0.04402887214212431,0
1595631870.903816,292.3274148505726,0.04402887214212431,0
1595631870.9138162,294.1274560493031,0.04402887214212431,0
1595631870.92381,295.9263385337391,0.04402887214212431,0
1595631870.9338148,297.7271951240101,0.04402887214212431,0
1595631870.9438066,299.52573428569224,0.04402887214212431,0
1595631870.9538057,301.3255609077015,0.04402887214212431,0
1595631870.963812,303.1267179053822,0.04402887214212431,0
1595631870.9738023,304.92495665965464,0.04402887214212431,0
1595631870.9838023,306.72495494304087,0.04402887214212431,0
1595631870.9938054,308.5255111259022,0.04402887214212431,0
1595631871.003815,310.32722602305796,0.04402887214212431,0
1595631871.013813,312.1268809836903,0.04402887214212431,0
1595631871.0238173,313.9276517432728,0.04402887214212431,0
1595631871.0338194,315.7280362647572,0.04402887214212431,0
1595631871.0438051,317.5254596274891,0.04402887214212431,0
1595631871.0538204,319.3282044929066,0.04402887214212431,0
1595631871.0638037,321.12519870219614,0.04402887214212431,0
1595631871.0738173,322.92764316020396,0.04402887214212431,0
1595631871.0838175,324.7276843589344,0.04402887214212431,0
1595631871.0938158,326.527382234911,0.04402887214212431,0
1595631871.103816,328.32742343364146,0.04402887214212431,0
1595631871.1138065,330.12570510325816,0.04402887214212431,0
1595631871.1238098,331.9263042014637,0.04402887214212431,0
1595631871.1338043,333.7253154319325,0.04402887214212431,0
1595631871.143808,335.5259574454823,0.04402887214212431,0
1595631871.1538126,337.3268140357533,0.04402887214212431,0
1595631871.16382,339.1281426948109,0.04402887214212431,0
1595631871.1738148,340.9271968406239,0.04402887214212431,0
1595631871.1838138,342.72702346263316,0.04402887214212431,0
1595631871.1938152,344.5272792380848,0.04402887214212431,0
1595631871.2038178,346.32774959025767,0.04402887214212431,0
1595631871.2138207,348.12826285777476,0.04402887214212431,0
1595631871.2238097,349.926287035326,0.04402887214212431,0
1595631871.23381,351.7263282340565,0.04402887214212431,0
1595631871.243805,353.5254252952137,0.04402887214212431,0
1595631871.2538176,355.3276980918446,0.04402887214212431,0
1595631871.2638116,357.12662349162485,0.04402887214212431,0
1595631871.2738032,358.92511973796275,0.04402887214212431,0
1595631871.2797902,360,0.04402887214212431,1
1595631871.2797902,5.471197055124478,0.03039553919513599,0
1595631871.2897997,7.27291195228024,0.03039553919513599,0
1595631871.2997987,9.072738574289517,0.03039553919513599,0
1595631871.309808,10.87441055610104,0.03039553919513599,0
1595631871.3198082,12.674451754831509,0.03039553919513599,0
1595631871.3297915,14.47144596412106,0.03039553919513599,0
1595631871.3397968,16.272388385080532,0.03039553919513599,0
1595631871.3497927,18.071657107614712,0.03039553919513599,0
1595631871.3597996,19.872899935983853,0.03039553919513599,0
1595631871.369795,21.672082827829556,0.03039553919513599,0
1595631871.3798018,23.473282740854458,0.03039553919513599,0
1595631871.3813949,23.760043071054653,0.03039553919513599,0
1595631871.3813949,23.760043071054653,0.03039553919513599,0
1595631871.3897922,25.271564410471157,0.03039553919513599,0
1595631871.3998036,27.073622630380825,0.03039553919513599,0
1595631871.4097934,28.87177555396481,0.03039553919513599,0
1595631871.4198031,30.67353336646481,0.03039553919513599,0
1595631871.4297903,32.47121422126217,0.03039553919513599,0
1595631871.4398036,34.27361576392575,0.03039553919513599,0
1595631871.4497952,36.07211201026364,0.03039553919513599,0
1595631871.4598064,37.87412731482907,0.03039553919513599,0
1595631871.4697914,39.671421931528286,0.03039553919513599,0
1595631871.4798002,41.47300808265133,0.03039553919513599,0
1595631871.489802,43.27330677344723,0.03039553919513599,0
1595631871.4997973,45.072489665292935,0.03039553919513599,0
1595631871.5097992,46.87283127143307,0.03039553919513599,0
1595631871.5197942,48.6719283325903,0.03039553919513599,0
1595631871.5298007,50.47308533027096,0.03039553919513599,0
1595631871.539806,52.274027751230435,0.03039553919513599,0
1595631871.5498,54.07295315101071,0.03039553919513599,0
1595631871.5597901,55.87119190528317,0.03039553919513599,0
1595631871.5698023,57.67337887122555,0.03039553919513599,0
1595631871.5797918,59.4714888794653,0.03039553919513599,0
1595631871.5897963,61.272302554392056,0.03039553919513599,0
1595631871.5998042,63.07371704413815,0.03039553919513599,0
1595631871.6097903,64.87122623755856,0.03039553919513599,0
1595631871.6198068,66.67418567969723,0.03039553919513599,0
1595631871.6297936,68.47182361915036,0.03039553919513599,0
1595631871.6397977,70.27255146338864,0.03039553919513599,0
1595631871.6498027,72.07345096900387,0.03039553919513599,0
1595631871.6597936,73.87181846930905,0.03039553919513599,0
1595631871.669796,75.67224590613766,0.03039553919513599,0
1595631871.6797924,77.47160045936032,0.03039553919513599,0
1595631871.6897943,79.27194206550045,0.03039553919513599,0
1595631871.699806,81.07404320075436,0.03039553919513599,0
1595631871.7097926,82.87163822486325,0.03039553919513599,0
1595631871.7198036,84.67361061408444,0.03039553919513599,0
1595631871.7298083,86.47446720435543,0.03039553919513599,0
1595631871.7398036,88.2736071808569,0.03039553919513599,0
1595631871.749806,90.07403461768553,0.03039553919513599,0
1595631871.7598045,91.87377540900633,0.03039553919513599,0
1595631871.769792,93.67154209449217,0.03039553919513599,0
1595631871.7797904,95.47123997046873,0.03039553919513599,0
1595631871.7897937,97.2718390686743,0.03039553919513599,0
1595631871.7997937,99.07183735206053,0.03039553919513599,0
1595631871.8098075,100.87432472541258,0.03039553919513599,0
1595631871.819802,102.67333595588133,0.03039553919513599,0
1595631871.8298047,104.47380630805418,0.03039553919513599,0
1595631871.8398035,106.27359001471922,0.03039553919513599,0
1595631871.849791,108.07135670020506,0.03039553919513599,0
1595631871.85979,109.87118332221434,0.03039553919513599,0
1595631871.869801,111.67315571143553,0.03039553919513599,0
1595631871.8798034,113.47358314826414,0.03039553919513599,0
1595631871.889795,115.27207939460203,0.03039553919513599,0
1595631871.8998039,117.07366554572508,0.03039553919513599,0
1595631871.9097977,118.87254803016111,0.03039553919513599,0
1595631871.919807,120.67422001197264,0.03039553919513599,0
1595631871.929795,122.47207252814695,0.03039553919513599,0
1595631871.939798,124.27262871100828,0.03039553919513599,0
1595631871.9497964,126.07232658698484,0.03039553919513599,0
1595631871.9597902,127.87120907142088,0.03039553919513599,0
1595631871.9697914,129.6714219315283,0.03039553919513599,0
1595631871.979803,131.4735230667822,0.03039553919513599,0
1595631871.9898083,133.27446548774168,0.03039553919513599,0
1595631871.9997902,135.0712022049658,0.03039553919513599,0
1595631872.0098026,136.87343208625242,0.03039553919513599,0
1595631872.019798,138.67261497809812,0.03039553919513599,0
1595631872.029805,140.47385780646727,0.03039553919513599,0
1595631872.039797,142.27243988349363,0.03039553919513599,0
1595631872.0498066,144.0741547806494,0.03039553919513599,0
1595631872.0597901,145.87119190528318,0.03039553919513599,0
1595631872.0698025,147.6734217865698,0.03039553919513599,0
1595631872.0798016,149.47324840857908,0.03039553919513599,0
1595631872.089796,151.27225963904783,0.03039553919513599,0
1595631872.0998042,153.07371704413816,0.03039553919513599,0
1595631872.1097977,154.87255661322996,0.03039553919513599,0
1595631872.1198049,156.67384235694334,0.03039553919513599,0
1595631872.129799,158.4727677567236,0.03039553919513599,0
1595631872.1398022,160.27336685492918,0.03039553919513599,0
1595631872.149801,162.07315056159422,0.03039553919513599,0
1595631872.1598048,163.87383549048826,0.03039553919513599,0
1595631872.169795,165.67207424476072,0.03039553919513599,0
1595631872.1797993,167.47284500434324,0.03039553919513599,0
1595631872.1897895,169.2710837586157,0.03039553919513599,0
1595631872.1998055,171.0739573700659,0.03039553919513599,0
1595631872.2098017,172.87326900794432,0.03039553919513599,0
1595631872.2198062,174.67408268287107,0.03039553919513599,0
1595631872.2297962,176.4722785217993,0.03039553919513599,0
1595631872.2397907,178.27128975226805,0.03039553919513599,0
1595631872.249806,180.07403461768553,0.03039553919513599,0
1595631872.2597947,181.87201587989256,0.03039553919513599,0
1595631872.2698011,183.67317287757322,0.03039553919513599,0
1595631872.2797987,185.47274200751707,0.03039553919513599,0
1595631872.2898076,187.27432815864012,0.03039553919513599,0
1595631872.2998083,189.07445518805906,0.03039553919513599,0
1595631872.309798,190.87260811164305,0.03039553919513599,0
1595631872.319804,192.67367927863523,0.03039553919513599,0
1595631872.329803,194.4735059006445,0.03039553919513599,0
1595631872.3397937,196.27183048560545,0.03039553919513599,0
1595631872.3498,198.0729874832861,0.03039553919513599,0
1595631872.359796,199.8722562058203,0.03039553919513599,0
1595631872.3698013,201.67319862677977,0.03039553919513599,0
1595631872.3797975,203.47251026465818,0.03039553919513599,0
1595631872.3898067,205.2741822464697,0.03039553919513599,0
1595631872.399807,207.07422344520018,0.03039553919513599,0
1595631872.409798,208.87259094550535,0.03039553919513599,0
1595631872.4198053,210.67391960456297,0.03039553919513599,0
1595631872.4298072,212.4742612107031,0.03039553919513599,0
1595631872.439802,214.2733153565161,0.03039553919513599,0
1595631872.449792,216.07151119544432,0.03039553919513599,0
1595631872.4598045,217.87378399207518,0.03039553919513599,0
1595631872.4698076,219.6743401749365,0.03039553919513599,0
1595631872.4797904,221.47124855353758,0.03039553919513599,0
1595631872.4897985,223.2727059586279,0.03039553919513599,0
1595631872.4997904,225.07124512031004,0.03039553919513599,0
1595631872.5098045,226.87377540900633,0.03039553919513599,0
1595631872.5197976,228.67252914740965,0.03039553919513599,0
1595631872.5298011,230.47317116095945,0.03039553919513599,0
1595631872.5398018,232.2732981903784,0.03039553919513599,0
1595631872.5497985,234.0726956589453,0.03039553919513599,0
1595631872.5597997,235.87290851905271,0.03039553919513599,0
1595631872.5697906,237.6712760193579,0.03039553919513599,0
1595631872.579798,239.4726046784155,0.03039553919513599,0
1595631872.589789,241.27097217872068,0.03039553919513599,0
1595631872.5997908,243.07131378486082,0.03039553919513599,0
1595631872.6097934,244.87178413703367,0.03039553919513599,0
1595631872.619798,246.67259781196043,0.03039553919513599,0
1595631872.6297915,248.47143738105223,0.03039553919513599,0
1595631872.6398015,250.27323810889646,0.03039553919513599,0
1595631872.6498055,252.07396595313475,0.03039553919513599,0
1595631872.659804,253.87370674445555,0.03039553919513599,0
1595631872.6697922,255.67155926062986,0.03039553919513599,0
1595631872.6798072,257.4742612107031,0.03039553919513599,0
1595631872.6897962,259.2722853882544,0.03039553919513599,0
1595631872.6997988,261.0727557404272,0.03039553919513599,0
1595631872.709802,262.87331192328855,0.03039553919513599,0
1595631872.7198017,264.67326729133055,0.03039553919513599,0
1595631872.7297943,266.4719351990454,0.03039553919513599,0
1595631872.7397964,268.27231972052977,0.03039553919513599,0
1595631872.749805,270.0738629563086,0.03039553919513599,0
1595631872.7598064,271.87411873176023,0.03039553919513599,0
1595631872.7697887,273.67094127967283,0.03039553919513599,0
1595631872.7798026,275.4734286530249,0.03039553919513599,0
1595631872.789814,277.27548687293455,0.03039553919513599,0
1595631872.799794,279.07188026740477,0.03039553919513599,0
1595631872.8097959,280.8722218735449,0.03039553919513599,0
1595631872.8197963,282.6723059876196,0.03039553919513599,0
1595631872.8298073,284.4742783768408,0.03039553919513599,0
1595631872.839794,286.2718734009497,0.03039553919513599,0
1595631872.8497953,288.07212917640135,0.03039553919513599,0
1595631872.85979,289.87118332221434,0.03039553919513599,0
1595631872.8698,291.6729840500586,0.03039553919513599,0
1595631872.8798008,293.4731110794775,0.03039553919513599,0
1595631872.8897946,295.27199356391355,0.03039553919513599,0
1595631872.8997986,297.07272140815184,0.03039553919513599,0
1595631872.9098063,298.8740929825537,0.03039553919513599,0
1595631872.9198031,300.6735333664648,0.03039553919513599,0
1595631872.9297974,302.47250168158934,0.03039553919513599,0
1595631872.9397936,304.27181331946775,0.03039553919513599,0
1595631872.9497983,306.07266990973875,0.03039553919513599,0
1595631872.9597912,307.87138073279783,0.03039553919513599,0
1595631872.969792,309.6715077622168,0.03039553919513599,0
1595631872.9797966,311.4723643524878,0.03039553919513599,0
1595631872.989789,313.2709893448584,0.03039553919513599,0
1595631872.9997892,315.07103054358885,0.03039553919513599,0
1595631873.0098028,316.87347500159666,0.03039553919513599,0
1595631873.0197988,318.67274372413084,0.03039553919513599,0
1595631873.0298054,320.47394363715574,0.03039553919513599,0
1595631873.039792,322.27153866126463,0.03039553919513599,0
1595631873.0497956,324.07218067481443,0.03039553919513599,0
1595631873.0597947,325.8720072968237,0.03039553919513599,0
1595631873.0698044,327.6737651093237,0.03039553919513599,0
1595631873.0798037,329.4736346466772,0.03039553919513599,0
1595631873.0897937,331.27183048560545,0.03039553919513599,0
1595631873.0997996,333.07290165259764,0.03039553919513599,0
1595631873.109803,334.8735007508032,0.03039553919513599,0
1595631873.1197963,336.67229740455076,0.03039553919513599,0
1595631873.1298034,338.47358314826414,0.03039553919513599,0
1595631873.139796,340.272251055979,0.03039553919513599,0
1595631873.149792,342.07151977851316,0.03039553919513599,0
1595631873.159794,343.87190429999754,0.03039553919513599,0
1595631873.1697934,345.67177383735105,0.03039553919513599,0
1595631873.179805,347.47387497260496,0.03039553919513599,0
1595631873.180262,347.55614368750975,0.03039553919513599,0
1595631873.180262,347.55614368750975,0.03039553919513599,0
1595631873.18979,349.2711695893042,0.03039553919513599,0
1595631873.1997888,351.0709532959692,0.03039553919513599,0
1595631873.209797,352.87241070105955,0.03039553919513599,0
1595631873.2197888,354.6709498627417,0.03039553919513599,0
1595631873.2297938,356.4718493683569,0.03039553919513599,0
1595631873.239791,358.2713326676123,0.03039553919513599,0
1595631873.2494004,360,0.03039553919513599,1
1595631873.2494004,39.051664257746864,0.2169536903208159,0
1595631873.2594166,40.8545807845413,0.2169536903208159,0
1595631873.269402,42.65196123192899,0.2169536903208159,0
1595631873.2794013,44.45183076928251,0.2169536903208159,0
1595631873.2894099,46.25337400506132,0.2169536903208159,0
1595631873.2994037,48.05225648949735,0.2169536903208159,0
1595631873.309418,49.85482969353788,0.2169536903208159,0
1595631873.319406,51.6526822097122,0.2169536903208159,0
1595631873.329404,53.45233717034452,0.2169536903208159,0
1595631873.339406,55.25267877648466,0.2169536903208159,0
1595631873.349419,57.05503740380399,0.2169536903208159,0
1595631873.3594124,58.85383405755155,0.2169536903208159,0
1595631873.3694098,60.65336027215116,0.2169536903208159,0
1595631873.3794017,62.45189943383329,0.2169536903208159,0
1595631873.3894181,64.25485887597196,0.2169536903208159,0
1595631873.3994143,66.05417051385038,0.2169536903208159,0
1595631873.4094102,67.85343923638456,0.2169536903208159,0
1595631873.419415,69.65429582665556,0.2169536903208159,0
1595631873.4294183,71.45489492486112,0.2169536903208159,0
1595631873.439415,73.25429239342802,0.2169536903208159,0
1595631873.4494061,75.05270280907743,0.2169536903208159,0
1595631873.459401,76.85175695489042,0.2169536903208159,0
1595631873.469416,78.65445890496366,0.2169536903208159,0
1595631873.4794097,80.4533413893997,0.2169536903208159,0
1595631873.489407,82.2528676039993,0.2169536903208159,0
1595631873.4994032,84.05217924187772,0.2169536903208159,0
1595631873.509416,85.85449495385282,0.2169536903208159,0
1595631873.5194142,87.65414991448515,0.2169536903208159,0
1595631873.529405,89.45251741479032,0.2169536903208159,0
1595631873.5394151,91.25431814263456,0.2169536903208159,0
1595631873.5494106,93.05350103448026,0.2169536903208159,0
1595631873.559407,94.85285558770292,0.2169536903208159,0
1595631873.5694017,96.65190973351591,0.2169536903208159,0
1595631873.5794096,98.453324223262,0.2169536903208159,0
1595631873.5894165,100.25456705163114,0.2169536903208159,0
1595631873.5994184,102.05490865777128,0.2169536903208159,0
1595631873.609418,103.85482111046903,0.2169536903208159,0
1595631873.6194177,105.65477647851102,0.2169536903208159,0
1595631873.6294186,107.45494642327421,0.2169536903208159,0
1595631873.6394143,109.25417223046415,0.2169536903208159,0
1595631873.649409,111.05322637627714,0.2169536903208159,0
1595631873.6594098,112.85335340569608,0.2169536903208159,0
1595631873.6694043,114.65236463616483,0.2169536903208159,0
1595631873.6794107,116.4535216338455,0.2169536903208159,0
1595631873.6894057,118.25261869500272,0.2169536903208159,0
1595631873.699419,120.0550202376663,0.2169536903208159,0
1595631873.709413,121.85394563744657,0.2169536903208159,0
1595631873.7194002,123.65162649224393,0.2169536903208159,0
1595631873.7294137,125.45407095025175,0.2169536903208159,0
1595631873.7394097,127.25333967278593,0.2169536903208159,0
1595631873.7494082,129.05308046410673,0.2169536903208159,0
1595631873.7594104,130.8534649855911,0.2169536903208159,0
1595631873.769403,132.65213289330595,0.2169536903208159,0
1595631873.7794003,134.45165910790556,0.2169536903208159,0
1595631873.7894118,136.25371732781522,0.2169536903208159,0
1595631873.799417,138.0546597487747,0.2169536903208159,0
1595631873.8094068,139.85281267235868,0.2169536903208159,0
1595631873.8194144,141.65418424676054,0.2169536903208159,0
1595631873.8294046,143.452423001033,0.2169536903208159,0
1595631873.8394163,145.2545241362869,0.2169536903208159,0
1595631873.8494055,147.0525912291824,0.2169536903208159,0
1595631873.8594158,148.8544348723709,0.2169536903208159,0
1595631873.8694105,150.65348901818388,0.2169536903208159,0
1595631873.879411,152.45357313225858,0.2169536903208159,0
1595631873.8894157,154.25442972252958,0.2169536903208159,0
1595631873.8994133,156.05399885247343,0.2169536903208159,0
1595631873.9094126,157.85386838982694,0.2169536903208159,0
1595631873.919409,159.6532229430496,0.2169536903208159,0
1595631873.929414,161.45412244866483,0.2169536903208159,0
1595631873.939403,163.2521466262161,0.2169536903208159,0
1595631873.9494112,165.05360403130643,0.2169536903208159,0
1595631873.959402,166.8519715316116,0.2169536903208159,0
1595631873.969411,168.65355768273466,0.2169536903208159,0
1595631873.979418,170.45484342644804,0.2169536903208159,0
1595631873.9894133,172.2539834029495,0.2169536903208159,0
1595631873.9994066,174.05278005669706,0.2169536903208159,0
1595631874.0094078,175.85299291680448,0.2169536903208159,0
1595631874.0194106,177.65350618432157,0.2169536903208159,0
1595631874.0294178,179.45479192803495,0.2169536903208159,0
1595631874.0394142,181.25414648125758,0.2169536903208159,0
1595631874.0494113,183.05362978051295,0.2169536903208159,0
1595631874.0594077,184.8529843337356,0.2169536903208159,0
1595631874.0694015,186.65186681817164,0.2169536903208159,0
1595631874.0794108,188.45353879998316,0.2169536903208159,0
1595631874.0894175,190.25473871300807,0.2169536903208159,0
1595631874.0994163,192.0545224196731,0.2169536903208159,0
1595631874.1094112,193.85361948083033,0.2169536903208159,0
1595631874.1194048,195.65245904992213,0.2169536903208159,0
1595631874.1294022,197.45198526452174,0.2169536903208159,0
1595631874.139403,199.25215520928492,0.2169536903208159,0
1595631874.1494021,201.0519818312942,0.2169536903208159,0
1595631874.1594174,202.85472669671168,0.2169536903208159,0
1595631874.1694038,204.65227880547633,0.2169536903208159,0
1595631874.1794186,206.45493784020533,0.2169536903208159,0
1595631874.189408,208.25304784844508,0.2169536903208159,0
1595631874.1994057,210.05261697838893,0.2169536903208159,0
1595631874.2094057,211.85261526177516,0.2169536903208159,0
1595631874.2194128,213.65390100548854,0.2169536903208159,0
1595631874.2294183,215.45488634179225,0.2169536903208159,0
1595631874.2394063,217.25273885796656,0.2169536903208159,0
1595631874.249406,219.05269422600855,0.2169536903208159,0
1595631874.2594109,220.85355081627955,0.2169536903208159,0
1595631874.2694037,222.65226163933863,0.2169536903208159,0
1595631874.2794163,224.4545344359695,0.2169536903208159,0
1595631874.289409,226.25320234368434,0.2169536903208159,0
1595631874.2994099,228.05337228844752,0.2169536903208159,0
1595631874.309417,229.8546580321609,0.2169536903208159,0
1595631874.3193994,231.6514805800735,0.2169536903208159,0
1595631874.3294044,233.45238008568873,0.2169536903208159,0
1595631874.339409,235.25323667595973,0.2169536903208159,0
1595631874.3494086,237.05314912865748,0.2169536903208159,0
1595631874.3594081,238.85306158135523,0.2169536903208159,0
1595631874.3694108,240.6535319335281,0.2169536903208159,0
1595631874.3794043,242.45237150261988,0.2169536903208159,0
1595631874.3894107,244.25352850030055,0.2169536903208159,0
1595631874.3994083,246.0530976302444,0.2169536903208159,0
1595631874.4094143,247.85416879723658,0.2169536903208159,0
1595631874.4194164,249.65455331872096,0.2169536903208159,0
1595631874.4294066,251.45279207299342,0.2169536903208159,0
1595631874.4394157,253.2544211394607,0.2169536903208159,0
1595631874.449408,255.0530461318313,0.2169536903208159,0
1595631874.4594138,256.85407438347926,0.2169536903208159,0
1595631874.469418,258.6548451430618,0.2169536903208159,0
1595631874.4794002,260.45162477563014,0.2169536903208159,0
1595631874.489407,262.2528676039993,0.2169536903208159,0
1595631874.4994137,264.0540675170242,0.2169536903208159,0
1595631874.5094023,265.852005863887,0.2169536903208159,0
1595631874.5194004,267.6516608245193,0.2169536903208159,0
1595631874.529408,269.45303239892115,0.2169536903208159,0
1595631874.5393999,271.2515715606033,0.2169536903208159,0
1595631874.5494168,273.05461683343043,0.2169536903208159,0
1595631874.5594065,274.8527697570144,0.2169536903208159,0
1595631874.569413,276.6539267546951,0.2169536903208159,0
1595631874.5794067,278.4528092391311,0.2169536903208159,0
1595631874.5894077,280.2529791838943,0.2169536903208159,0
1595631874.5994105,282.0534924514114,0.2169536903208159,0
1595631874.6093993,283.8514737136184,0.2169536903208159,0
1595631874.6194088,285.6531886107742,0.2169536903208159,0
1595631874.629416,287.45447435448756,0.2169536903208159,0
1595631874.6394,289.2515973098098,0.2169536903208159,0
1595631874.6494076,291.0529688842117,0.2169536903208159,0
1595631874.6594164,292.8545550353347,0.2169536903208159,0
1595631874.6694062,294.6527079589187,0.2169536903208159,0
1595631874.6793997,296.4515475280105,0.2169536903208159,0
1595631874.6894162,298.2545069701492,0.2169536903208159,0
1595631874.6994097,300.053346539241,0.2169536903208159,0
1595631874.7094126,301.85385980675807,0.2169536903208159,0
1595631874.7193995,303.6514977462112,0.2169536903208159,0
1595631874.7294052,305.45252599785914,0.2169536903208159,0
1595631874.7393992,307.2514513976394,0.2169536903208159,0
