Timestamp,Phase,Heading,Ping?
1595996574.7057903,303.3679164922452,303.3679164922452,0
1595996574.7158089,305.16963138940093,303.3679164922452,0
1595996574.7258348,306.97430744530914,303.3679164922452,0
1595996574.7358353,308.77439155938384,303.3679164922452,0
1595996574.745831,310.5736173665738,303.3679164922452,0
1595996574.7558029,312.3685516393399,303.3679164922452,0
1595996574.7658176,314.1712106740689,303.3679164922452,0
1595996574.7758245,315.97245350243804,303.3679164922452,0
1595996574.7858021,317.7684177434659,303.3679164922452,0
1595996574.795809,319.569660571835,303.3679164922452,0
1595996574.8057997,321.36798515679595,303.3679164922452,0
1595996574.815819,323.1714595830655,303.3679164922452,0
1595996574.8258016,324.9683250463223,303.3679164922452,0
1595996574.8358114,326.7700828588223,303.3679164922452,0
1595996574.845803,328.5685791051602,303.3679164922452,0
1595996574.8558023,330.3684486425137,303.3679164922452,0
1595996574.8658166,332.17102184655425,303.3679164922452,0
1595996574.875808,333.9694751775479,303.3679164922452,0
1595996574.8858085,335.7695592916226,303.3679164922452,0
1595996574.8958192,337.57148876549957,303.3679164922452,0
1595996574.905809,339.36964168908355,303.3679164922452,0
1595996574.9158185,341.1713565862393,303.3679164922452,0
1595996574.9258018,342.96835079552886,303.3679164922452,0
1595996574.9358034,344.76864948632476,303.3679164922452,0
1595996574.94581,346.56984939934966,303.3679164922452,0
1595996574.955818,348.37126388909576,303.3679164922452,0
1595996574.965811,350.1700176274991,303.3679164922452,0
1595996574.975802,351.96838512780425,303.3679164922452,0
1595996574.9858086,353.76958504082916,303.3679164922452,0
1595996574.9958124,355.5702699697232,303.3679164922452,0
1595996575.005814,357.3705686605191,303.3679164922452,0
1595996575.0158021,359.1684211766934,303.3679164922452,0
1595996575.020429,360,303.3679164922452,1
1595996575.0258121,360.97022190453765,303.3679164922452,0
1595996575.0358057,362.76906147362945,303.3679164922452,0
1595996575.0458066,364.56923141839263,303.3679164922452,0
1595996575.0557997,366.36798515679595,303.3679164922452,0
1595996575.0658178,368.1712450063443,303.3679164922452,0
1595996575.0758045,369.9688400304532,303.3679164922452,0
1595996575.085806,371.76909580590484,303.3679164922452,0
1595996575.0958192,373.5714973485684,303.3679164922452,0
1595996575.105806,375.36913528802154,303.3679164922452,0
1595996575.115815,377.1707214391446,303.3679164922452,0
1595996575.1258128,378.9703334844327,303.3679164922452,0
1595996575.1358154,380.7708038366055,303.3679164922452,0
1595996575.1458051,382.5689567601895,303.3679164922452,0
1595996575.1558042,384.3687833821988,303.3679164922452,0
1595996575.165805,386.16895332696197,303.3679164922452,0
1595996575.1758182,387.9713119542813,303.3679164922452,0
1595996575.1858103,389.7698940313077,303.3679164922452,0
1595996575.1958094,391.56972065331695,303.3679164922452,0
1595996575.2058182,393.37130680444,303.3679164922452,0
1595996575.2158067,395.1692451513028,303.3679164922452,0
1595996575.2258146,396.9706596410489,303.3679164922452,0
1595996575.2358155,398.77082958581207,303.3679164922452,0
1595996575.2458,400.5680383718228,303.3679164922452,0
1595996575.2558193,402.37151279809234,303.3679164922452,0
1595996575.2658048,404.16889324548004,303.3679164922452,0
1595996575.2758176,405.97120895745513,303.3679164922452,0
1595996575.2858102,407.76987686517,303.3679164922452,0
1595996575.2958152,409.5707763707852,303.3679164922452,0
1595996575.3057992,411.3678993261075,303.3679164922452,0
1595996575.3158154,413.1708158529019,303.3679164922452,0
1595996575.320028,413.9290870702481,303.3679164922452,0
1595996575.320028,376.1787261210744,265.6175555430715,0
1595996575.325805,377.218564911968,265.6175555430715,0
1595996575.3358176,379.02083770859883,265.6175555430715,0
1595996575.3458135,380.820106431133,265.6175555430715,0
1595996575.3558078,382.6190747462575,265.6175555430715,0
1595996575.3658063,384.4188155375783,265.6175555430715,0
1595996575.3758173,386.2207879267995,265.6175555430715,0
1595996575.385808,388.01911251176045,265.6175555430715,0
1595996575.3958046,389.81850998032735,265.6175555430715,0
1595996575.4058099,391.6194524012868,265.6175555430715,0
1595996575.4158032,393.4182490550344,265.6175555430715,0
1595996575.4258184,395.22099392045186,265.6175555430715,0
1595996575.4358048,397.0185460292165,265.6175555430715,0
1595996575.4458017,398.81798641312764,265.6175555430715,0
1595996575.4558043,400.6184567653005,265.6175555430715,0
1595996575.465818,402.4209012233083,265.6175555430715,0
1595996575.4758196,404.2211999141042,265.6175555430715,0
1595996575.4858086,406.0192240916555,265.6175555430715,0
1595996575.4958065,407.81883613694356,265.6175555430715,0
1595996575.5058186,409.62102310288594,265.6175555430715,0
1595996575.5158055,411.41866104233907,265.6175555430715,0
1595996575.5258124,413.2199038707082,265.6175555430715,0
1595996575.5358195,415.0211896144216,265.6175555430715,0
1595996575.5458133,416.8200720988576,265.6175555430715,0
1595996575.5558052,418.61861126053975,265.6175555430715,0
1595996575.5658188,420.42105571854756,265.6175555430715,0
1595996575.5758002,422.2177066050832,265.6175555430715,0
1595996575.585817,424.02075187791036,265.6175555430715,0
1595996575.5958073,425.8189906321828,265.6175555430715,0
1595996575.6058192,427.62113468278096,265.6175555430715,0
1595996575.6158035,429.41830055344747,265.6175555430715,0
1595996575.625819,431.2210883342092,265.6175555430715,0
1595996575.6358013,433.0179108821218,265.6175555430715,0
1595996575.6458087,434.8192395411794,265.6175555430715,0
1595996575.6558053,436.6186370097463,265.6175555430715,0
1595996575.6657996,438.4176053248708,265.6175555430715,0
1595996575.6758049,440.2185477458303,265.6175555430715,0
1595996575.6858015,442.0179452143972,265.6175555430715,0
1595996575.6958,443.817686005718,265.6175555430715,0
1595996575.7058053,445.61862842667745,265.6175555430715,0
1595996575.7158158,447.42051498521016,265.6175555430715,0
1595996575.7258103,449.2195262156789,265.6175555430715,0
1595996575.735806,451.01875202286885,265.6175555430715,0
1595996575.745816,452.8205527507131,265.6175555430715,0
1595996575.7558112,454.61969272721456,265.6175555430715,0
1595996575.7658179,456.42089264023946,265.6175555430715,0
1595996575.7758002,458.21771518815206,265.6175555430715,0
1595996575.7858143,460.02024547684834,265.6175555430715,0
1595996575.795815,461.8203725062673,265.6175555430715,0
1595996575.805814,463.62019912827657,265.6175555430715,0
1595996575.815816,465.4205407344167,265.6175555430715,0
1595996575.8257992,467.21753494370626,265.6175555430715,0
1595996575.8358078,469.01907817948506,265.6175555430715,0
1595996575.8458126,470.81993476975606,265.6175555430715,0
1595996575.8558025,472.6181306086843,265.6175555430715,0
1595996575.8658125,474.4199313365285,265.6175555430715,0
1595996575.8758147,476.2203158580129,265.6175555430715,0
1595996575.8857994,478.0175675593679,265.6175555430715,0
1595996575.8958108,479.81962577927754,265.6175555430715,0
1595996575.9058115,481.6197528086965,265.6175555430715,0
1595996575.9158194,483.4211672984426,265.6175555430715,0
1595996575.9258065,485.21884815323995,265.6175555430715,0
1595996575.9358187,487.02103511918233,265.6175555430715,0
1595996575.945799,488.817514344341,265.6175555430715,0
1595996575.9558036,490.6183280192678,265.6175555430715,0
1595996575.9658024,492.4181117259328,265.6175555430715,0
1595996575.975811,494.2196549617116,265.6175555430715,0
1595996575.9858196,496.02119819749043,265.6175555430715,0
1595996575.9958153,497.8204240046804,265.6175555430715,0
1595996576.0058107,499.6196068965261,265.6175555430715,0
1595996576.0157993,501.4175452433889,265.6175555430715,0
1595996576.0258057,503.21870224106954,265.6175555430715,0
1595996576.0358155,505.02046005356954,265.6175555430715,0
1595996576.045818,506.8209304057424,265.6175555430715,0
1595996576.055806,508.61874000657247,265.6175555430715,0
1595996576.0658126,510.41993991959737,265.6175555430715,0
1595996576.0758066,512.2188653193776,265.6175555430715,0
1595996576.0858126,514.0199364863698,265.6175555430715,0
1595996576.0958092,515.8193339549367,265.6175555430715,0
1595996576.1057992,517.617529793865,265.6175555430715,0
1595996576.1158082,519.4191588603322,265.6175555430715,0
1595996576.1257985,521.2173976146047,265.6175555430715,0
1595996576.1358175,523.02082912553,265.6175555430715,0
1595996576.14581,524.8194541179006,265.6175555430715,0
1595996576.1558018,526.6179932795827,265.6175555430715,0
1595996576.1658132,528.4200514994924,265.6175555430715,0
1595996576.1758192,530.2211226664846,265.6175555430715,0
1595996576.185798,532.0173014842336,265.6175555430715,0
1595996576.1958153,533.8204325877492,265.6175555430715,0
1595996576.2058167,535.6206883632009,265.6175555430715,0
1595996576.2158082,537.4191416941945,265.6175555430715,0
1595996576.225809,539.2193116389577,265.6175555430715,0
1595996576.2358072,541.01896659959,265.6175555430715,0
1595996576.245805,542.8185786448781,265.6175555430715,0
1595996576.2558162,544.6205939494436,265.6175555430715,0
1595996576.265817,546.4207209788625,265.6175555430715,0
1595996576.2758117,548.2197751246755,265.6175555430715,0
1595996576.2858062,550.0187863551442,265.6175555430715,0
1595996576.2958057,551.818698807842,265.6175555430715,0
1595996576.3058147,553.6203278743093,265.6175555430715,0
1595996576.3158028,555.4181803904836,265.6175555430715,0
1595996576.3257978,557.2172774516408,265.6175555430715,0
1595996576.3357987,559.017447396404,265.6175555430715,0
1595996576.3458111,560.8196772776906,265.6175555430715,0
1595996576.355799,562.6174868785207,265.6175555430715,0
1595996576.365808,564.419115944988,265.6175555430715,0
1595996576.3758142,566.2202300273244,265.6175555430715,0
1595996576.385808,568.0191125117605,265.6175555430715,0
1595996576.395809,569.8192824565236,265.6175555430715,0
1595996576.4058142,571.6202248774831,265.6175555430715,0
1595996576.4158037,573.4183348857229,265.6175555430715,0
1595996576.4258053,575.2186335765188,265.6175555430715,0
1595996576.4358084,577.0191897593801,265.6175555430715,0
1595996576.445798,578.8172997676198,265.6175555430715,0
1595996576.4557998,580.61764137376,265.6175555430715,0
1595996576.465819,582.4210728846853,265.6175555430715,0
1595996576.4758005,584.2177666865651,265.6175555430715,0
1595996576.485812,586.0198249064748,265.6175555430715,0
1595996576.4958136,587.8201235972707,265.6175555430715,0
1595996576.5058186,589.6210231028859,265.6175555430715,0
1595996576.5158021,591.4180602275197,265.6175555430715,0
1595996576.5258076,593.2190455638234,265.6175555430715,0
1595996576.5358067,595.0188721858327,265.6175555430715,0
1595996576.545812,596.8198146067922,265.6175555430715,0
1595996576.5558133,598.6200703822439,265.6175555430715,0
1595996576.5658007,600.4177941523855,265.6175555430715,0
1595996576.575809,602.21929447282,265.6175555430715,0
1595996576.585799,604.0174903117482,265.6175555430715,0
1595996576.595806,605.8187331401174,265.6175555430715,0
1595996576.6058078,607.6190747462575,265.6175555430715,0
1595996576.6158152,609.4204034053151,265.6175555430715,0
1595996576.6258166,611.2206591807668,265.6175555430715,0
1595996576.6358106,613.0195845805471,265.6175555430715,0
1595996576.6458032,614.8182524882619,265.6175555430715,0
1595996576.655818,616.6209115229909,265.6175555430715,0
1595996576.6658053,618.4186352931325,265.6175555430715,0
1595996576.675815,620.2203931056325,265.6175555430715,0
1595996576.6858158,622.0205201350515,265.6175555430715,0
1595996576.6958168,623.8206900798147,265.6175555430715,0
1595996576.7058187,625.6210316859548,265.6175555430715,0
1595996576.7058187,0,265.6175555430715,0
1595996576.7158203,267.4178542338674,265.6175555430715,0
1595996576.72582,269.2178096019094,265.6175555430715,0
1595996576.7358308,271.01973907578633,265.6175555430715,0
1595996576.745837,272.82085315812276,265.6175555430715,0
1595996576.7558303,274.6196498118703,265.6175555430715,0
1595996576.7658253,276.41874687302754,265.6175555430715,0
1595996576.7758203,278.21784393418477,265.6175555430715,0
1595996576.7858343,280.02037422288106,265.6175555430715,0
1595996576.7958217,281.81809799302266,265.6175555430715,0
1595996576.8058236,283.6184395991628,265.6175555430715,0
1595996576.8158221,285.4181803904836,265.6175555430715,0
1595996576.8258207,287.2179211818044,265.6175555430715,0
1595996576.8358364,289.02075187791036,265.6175555430715,0
1595996576.845838,290.82105056870626,265.6175555430715,0
1595996576.855819,292.6176156245534,265.6175555430715,0
1595996576.8658323,294.420017167217,265.6175555430715,0
1595996576.8758268,296.21902839768575,265.6175555430715,0
1595996576.8858294,298.0194987498586,265.6175555430715,0
1595996576.8958259,299.81885330308126,265.6175555430715,0
1595996576.9058352,301.6205252848928,265.6175555430715,0
1595996576.9158208,303.4179486476247,265.6175555430715,0
1595996576.925838,305.2210368357961,265.6175555430715,0
1595996576.9358268,307.01901809800313,265.6175555430715,0
1595996576.9458246,308.8186301432912,265.6175555430715,0
1595996576.955834,310.62030212510274,265.6175555430715,0
1595996576.9658356,312.42060081589864,265.6175555430715,0
1595996576.9758391,314.22124282944844,265.6175555430715,0
1595996576.985822,316.0181512080495,265.6175555430715,0
1595996576.9958332,317.82016651261495,265.6175555430715,0
1595996577.0058186,319.61754696000264,265.6175555430715,0
1595996577.015837,321.4208497248952,265.6175555430715,0
1595996577.0258348,323.2204617701833,265.6175555430715,0
1595996577.0358334,325.0202025615041,265.6175555430715,0
1595996577.0458255,326.8187846385305,265.6175555430715,0
1595996577.0558364,328.62075702775167,265.6175555430715,0
1595996577.065839,330.4212273799245,265.6175555430715,0
1595996577.0758355,332.2205819331472,265.6175555430715,0
1595996577.085831,334.0197648249929,265.6175555430715,0
1595996577.09582,335.81778900254415,265.6175555430715,0
1595996577.1058285,337.61933223832295,265.6175555430715,0
1595996577.115834,339.42031757462667,265.6175555430715,0
1595996577.1258366,341.2207879267995,265.6175555430715,0
1595996577.1358376,343.0209578715627,265.6175555430715,0
1595996577.1458218,344.8181237422292,265.6175555430715,0
1595996577.1558347,346.6204394542043,265.6175555430715,0
1595996577.1658232,348.4183778010671,265.6175555430715,0
1595996577.1758296,350.21953479874776,265.6175555430715,0
1595996577.1858346,352.020434304363,265.6175555430715,0
1595996577.1958373,353.82090465653584,265.6175555430715,0
1595996577.2058184,355.61751262772725,265.6175555430715,0
1595996577.2158203,357.4178542338674,265.6175555430715,0
1595996577.2258334,359.2202128611867,265.6175555430715,0
1595996577.230168,360,265.6175555430715,1
1595996577.2358396,361.02132694352315,265.6175555430715,0
1595996577.245836,362.8206814967458,265.6175555430715,0
1595996577.2558382,364.6210660182302,265.6175555430715,0
1595996577.2658248,366.41866104233907,265.6175555430715,0
1595996577.2676194,366.7416848384206,265.6175555430715,0
1595996577.2676194,362.0225054515262,260.89837615617705,0
1595996577.2758281,363.5000807536502,260.89837615617705,0
1595996577.2858193,365.2984911692996,260.89837615617705,0
1595996577.2958338,367.1011072886844,260.89837615617705,0
1595996577.305824,368.89934604295684,260.89837615617705,0
1595996577.3158321,370.70080344804717,260.89837615617705,0
1595996577.3189888,371.269002605762,260.89837615617705,0
1595996577.3189888,363.3807007817286,253.01007433214363,0
1595996577.3258245,364.61112661638435,253.01007433214363,0
1595996577.3358266,366.41151113786873,253.01007433214363,0
1595996577.3458192,368.2101790455836,253.01007433214363,0
1595996577.3558235,370.0109498051661,253.01007433214363,0
1595996577.3658292,371.81197805681404,253.01007433214363,0
1595996577.3758347,373.61296339311775,253.01007433214363,0
1595996577.385827,375.41158838548836,253.01007433214363,0
1595996577.3958237,377.21098585405525,253.01007433214363,0
1595996577.4058366,379.01330156603035,253.01007433214363,0
1595996577.4158342,380.8128706959742,253.01007433214363,0
1595996577.425833,382.61265440263924,253.01007433214363,0
1595996577.43582,384.4103352574366,253.01007433214363,0
1595996577.445837,386.21338053026375,253.01007433214363,0
1595996577.4558387,388.01367922105965,253.01007433214363,0
1595996577.465837,389.8133770970362,253.01007433214363,0
1595996577.475829,391.61191625871834,253.01007433214363,0
1595996577.4858186,393.4100691823023,253.01007433214363,0
1595996577.495838,395.21354360857185,253.01007433214363,0
1595996577.505835,397.0130269078272,253.01007433214363,0
1595996577.5158267,398.8115231541651,253.01007433214363,0
1595996577.52583,400.6121222523707,253.01007433214363,0
1595996577.5358338,402.4128071812647,253.01007433214363,0
1595996577.5458338,404.21280546465096,253.01007433214363,0
1595996577.5558288,406.0119025258082,253.01007433214363,0
1595996577.5658307,407.8122441319483,253.01007433214363,0
1595996577.5758204,409.6103970555323,253.01007433214363,0
1595996577.585837,411.413356497671,253.01007433214363,0
1595996577.595834,413.21283979692635,253.01007433214363,0
1595996577.6058314,415.01236601152596,253.01007433214363,0
1595996577.615837,416.8133942631739,253.01007433214363,0
1595996577.6258261,418.6114184407252,253.01007433214363,0
1595996577.635823,420.4108588246363,253.01007433214363,0
1595996577.6458235,422.210942938711,253.01007433214363,0
1595996577.6558352,424.0130440739649,253.01007433214363,0
1595996577.6658335,425.8127419499415,253.01007433214363,0
1595996577.6758196,427.6102511433619,253.01007433214363,0
1595996577.6858296,429.41205187120613,253.01007433214363,0
1595996577.6958382,431.21359510698494,253.01007433214363,0
1595996577.7058349,433.01299257555183,253.01007433214363,0
1595996577.7158356,434.8131196049708,253.01007433214363,0
1595996577.7258325,436.6125599888819,253.01007433214363,0
1595996577.7358234,438.4109274891871,253.01007433214363,0
1595996577.7458286,440.21186991014656,253.01007433214363,0
1595996577.7558324,442.0125548390406,253.01007433214363,0
1595996577.765838,443.8135401753443,253.01007433214363,0
1595996577.7758343,445.61289472856697,253.01007433214363,0
1595996577.7858279,447.41173429765877,253.01007433214363,0
1595996577.7958388,449.21370668687996,253.01007433214363,0
1595996577.8058362,451.01323290147957,253.01007433214363,0
1595996577.815822,452.8106562642115,253.01007433214363,0
1595996577.8258314,454.61237116136726,253.01007433214363,0
1595996577.8358305,456.41219778337654,253.01007433214363,0
1595996577.8458278,458.21172399797615,253.01007433214363,0
1595996577.855832,460.01249475755867,253.01007433214363,0
1595996577.8658264,461.8114630726832,253.01007433214363,0
1595996577.8758178,463.60991640367683,253.01007433214363,0
1595996577.8858337,465.41279001512703,253.01007433214363,0
1595996577.895826,467.21141500749764,253.01007433214363,0
1595996577.9058304,469.01218576708015,253.01007433214363,0
1595996577.9158368,470.8133427647608,253.01007433214363,0
1595996577.9258323,472.6125256566065,253.01007433214363,0
1595996577.9358292,474.41196604051765,253.01007433214363,0
1595996577.9458222,476.210719778921,253.01007433214363,0
1595996577.9558337,478.01277799883064,253.01007433214363,0
1595996577.9658334,479.81273336687264,253.01007433214363,0
1595996577.9758294,481.6120020894068,253.01007433214363,0
1595996577.9858236,483.4109704045313,253.01007433214363,0
1595996577.995834,485.21285696306404,253.01007433214363,0
1595996578.0058193,487.0101944951075,253.01007433214363,0
1595996578.0158267,488.8115231541651,253.01007433214363,0
1595996578.0258315,490.6123797444361,253.01007433214363,0
1595996578.0358295,492.41203470506844,253.01007433214363,0
1595996578.045818,494.20997305193123,253.01007433214363,0
1595996578.0558252,496.0112587956446,253.01007433214363,0
1595996578.06582,497.8103129414576,253.01007433214363,0
1595996578.0758336,499.6127573994654,253.01007433214363,0
1595996578.0858352,501.4130560902613,253.01007433214363,0
1595996578.095828,503.2117669133204,253.01007433214363,0
1595996578.1058283,505.01180811205086,253.01007433214363,0
1595996578.1158226,506.81077642717537,253.01007433214363,0
1595996578.1258194,508.6102168110865,253.01007433214363,0
1595996578.1358266,510.4115025547999,253.01007433214363,0
1595996578.1458244,512.211114600088,253.01007433214363,0
1595996578.1558263,514.0114562062281,253.01007433214363,0
1595996578.1658325,515.8125702885645,253.01007433214363,0
1595996578.1758184,517.6100365666407,253.01007433214363,0
1595996578.185827,519.4115798024195,253.01007433214363,0
1595996578.1958246,521.2111489323634,253.01007433214363,0
1595996578.2058396,523.0138508824366,253.01007433214363,0
1595996578.215837,524.8133770970362,253.01007433214363,0
1595996578.2258215,526.610585883047,253.01007433214363,0
1595996578.2358398,528.4138886479395,253.01007433214363,0
1595996578.2458274,530.2116553334254,253.01007433214363,0
1595996578.255831,532.0122973469752,253.01007433214363,0
1595996578.265832,533.8124672917384,253.01007433214363,0
1595996578.2758298,535.6120793370264,253.01007433214363,0
1595996578.285828,537.411777213003,253.01007433214363,0
1595996578.2958257,539.2113463429469,253.01007433214363,0
1595996578.3058243,541.0110871342677,253.01007433214363,0
1595996578.3158276,542.8116862324732,253.01007433214363,0
1595996578.3258393,544.6137873677271,253.01007433214363,0
1595996578.3358185,546.4100520161646,253.01007433214363,0
1595996578.345827,548.2115952519434,253.01007433214363,0
1595996578.3558192,550.0101773289698,253.01007433214363,0
1595996578.3658383,551.8136088398951,253.01007433214363,0
1595996578.3758347,553.6129633931178,253.01007433214363,0
1595996578.3858368,555.4133479146021,253.01007433214363,0
1595996578.3958323,557.2125308064478,253.01007433214363,0
1595996578.4058177,559.0099112538355,253.01007433214363,0
1595996578.4158256,560.8113257435816,253.01007433214363,0
1595996578.4258237,562.610980704214,253.01007433214363,0
1595996578.4358337,564.4127814320582,253.01007433214363,0
1595996578.4458282,566.2117926625269,253.01007433214363,0
1595996578.4558332,568.0126921681422,253.01007433214363,0
1595996578.465826,569.8114029912012,253.01007433214363,0
1595996578.475831,571.6123024968165,253.01007433214363,0
1595996578.4858396,573.4138457325953,253.01007433214363,0
1595996578.4958208,575.2104537037867,253.01007433214363,0
1595996578.5058172,577.0098082570094,253.01007433214363,0
1595996578.5158386,578.813668921377,253.01007433214363,0
1595996578.5258188,580.6101052311915,253.01007433214363,0
1595996578.535822,582.4106614140528,253.01007433214363,0
1595996578.5458248,584.2111746815699,253.01007433214363,0
1595996578.5558178,586.0099284199732,253.01007433214363,0
1595996578.5658374,587.813445761587,253.01007433214363,0
1595996578.5758314,589.6123711613673,253.01007433214363,0
1595996578.5858312,591.4123265294093,253.01007433214363,0
1595996578.5958183,593.2100073842066,253.01007433214363,0
1595996578.605824,595.0110356358546,253.01007433214363,0
1595996578.6158292,596.811978056814,253.01007433214363,0
1595996578.625817,598.6097876576441,253.01007433214363,0
1595996578.635826,600.4114167241114,253.01007433214363,0
1595996578.6458318,602.2124449757594,253.01007433214363,0
1595996578.6558394,604.0138165501612,253.01007433214363,0
1595996578.6658185,605.8100382832545,253.01007433214363,0
1595996578.6758192,607.6101653126734,253.01007433214363,0
1595996578.6858215,609.410592749502,253.01007433214363,0
1595996578.6958215,611.2105910328883,253.01007433214363,0
1595996578.7058363,613.0132500676173,253.01007433214363,0
1595996578.7058363,0,253.01007433214363,0
1595996578.7158556,254.81354875841316,253.01007433214363,0
1595996578.725853,256.6130749730128,253.01007433214363,0
1595996578.73585,258.41255827226814,253.01007433214363,0
1595996578.7458365,260.2101103810328,253.01007433214363,0
1595996578.7558472,262.01203985490974,253.01007433214363,0
1595996578.7658496,263.81246729173836,253.01007433214363,0
1595996578.7758508,265.6126801518458,253.01007433214363,0
1595996578.7858417,267.41104765215096,253.01007433214363,0
1595996578.7958426,269.21121759691414,253.01007433214363,0
1595996578.8058505,271.01263208666023,253.01007433214363,0
1595996578.815853,272.8131024388331,253.01007433214363,0
1595996578.825844,274.61146993913826,253.01007433214363,0
1595996578.8358364,276.41009493150887,253.01007433214363,0
1595996578.8458574,278.21386976518806,253.01007433214363,0
1595996578.8558452,280.01167936601814,253.01007433214363,0
1595996578.865837,281.8102185277003,253.01007433214363,0
1595996578.8758488,283.6123196629542,253.01007433214363,0
1595996578.885839,285.41055841722664,253.01007433214363,0
1595996578.8958538,287.21321745195564,253.01007433214363,0
1595996578.9058444,289.0115420369166,253.01007433214363,0
1595996578.9158423,290.81115408220467,253.01007433214363,0
1595996578.9258516,292.6128260640162,253.01007433214363,0
1595996578.9358447,294.4115798024195,253.01007433214363,0
1595996578.9458504,296.21260805406746,253.01007433214363,0
1595996578.9558551,298.01346464433846,253.01007433214363,0
1595996578.965842,299.8111025837916,253.01007433214363,0
1595996578.9758384,301.61045713701424,253.01007433214363,0
1595996578.9858365,303.41011209764656,253.01007433214363,0
1595996578.9958372,305.2102391270655,253.01007433214363,0
1595996579.0058472,307.01203985490974,253.01007433214363,0
1595996579.0158496,308.81246729173836,253.01007433214363,0
1595996579.0258496,310.6124655751246,253.01007433214363,0
1595996579.0358536,312.41319341936287,253.01007433214363,0
1595996579.0458484,314.21224756517586,253.01007433214363,0
1595996579.0558562,316.01366205492195,253.01007433214363,0
1595996579.065839,317.810570433523,253.01007433214363,0
1595996579.0758567,319.6137444523829,253.01007433214363,0
1595996579.0858538,321.41322775163826,253.01007433214363,0
1595996579.0958543,323.21331186571297,253.01007433214363,0
1595996579.105837,325.01022024431404,253.01007433214363,0
1595996579.1158373,326.8102614430445,253.01007433214363,0
1595996579.1258552,328.6134783772486,253.01007433214363,0
1595996579.1358423,330.411159232046,253.01007433214363,0
1595996579.145848,332.2121874836939,253.01007433214363,0
1595996579.1558568,334.01377363481697,253.01007433214363,0
1595996579.1658452,335.8116690663355,253.01007433214363,0
1595996579.1758401,337.61076612749275,253.01007433214363,0
1595996579.1858542,339.41329641618904,253.01007433214363,0
1595996579.195841,341.21093435564217,253.01007433214363,0
1595996579.205851,343.0127350834864,253.01007433214363,0
1595996579.2158384,344.810458853628,253.01007433214363,0
1595996579.2258446,346.61157293596443,253.01007433214363,0
1595996579.2358437,348.4113995579737,253.01007433214363,0
1595996579.2458444,350.21152658739265,253.01007433214363,0
1595996579.2558362,352.0100657490748,253.01007433214363,0
1595996579.2658455,353.8117377308863,253.01007433214363,0
1595996579.2758439,355.61143560686287,253.01007433214363,0
1595996579.2858505,357.4126355198878,253.01007433214363,0
1595996579.2958357,359.20997305193123,253.01007433214363,0
1595996579.300241,360,253.01007433214363,1
1595996579.3058515,361.0128037480372,253.01007433214363,0
1595996579.309099,361.5973536519068,253.01007433214363,0
1595996579.309099,360.47920609557207,251.89192677580886,0
1595996579.31585,361.69439698302324,251.89192677580886,0
1595996579.316717,361.85043717467363,251.89192677580886,0
1595996579.316717,360.5551311524021,250.5966207535373,0
1595996579.3258426,362.1977588684665,250.5966207535373,0
1595996579.335855,363.99998874975313,250.5966207535373,0
1595996579.345836,365.7965538056003,250.5966207535373,0
1595996579.3558574,367.600414469968,250.5966207535373,0
1595996579.3658507,369.39921112371553,250.5966207535373,0
1595996579.3758361,371.1965915711032,250.5966207535373,0
1595996579.3858573,373.00040932012666,250.5966207535373,0
1595996579.3958383,374.79697437597383,250.5966207535373,0
1595996579.4058356,376.59650059057344,250.5966207535373,0
1595996579.4158485,378.39881630254854,250.5966207535373,0
1595996579.4258416,380.19757004095186,250.5966207535373,0
1595996579.4358377,381.9968816788303,250.5966207535373,0
1595996579.445837,383.7967512161838,250.5966207535373,0
1595996579.455849,385.59889526678194,250.5966207535373,0
1595996579.4658513,387.39932270361055,250.5966207535373,0
1595996579.4758508,389.1992351563083,250.5966207535373,0
1595996579.485845,390.9982034714328,250.5966207535373,0
1595996579.4958572,392.8003904373752,250.5966207535373,0
1595996579.5058506,394.59918709112276,250.5966207535373,0
1595996579.5158358,396.3965246231662,250.5966207535373,0
1595996579.5258384,398.19699497533907,250.5966207535373,0
1595996579.5358493,399.99896736456026,250.5966207535373,0
1595996579.545851,401.79926605535616,250.5966207535373,0
1595996579.5558357,403.59651775671114,250.5966207535373,0
1595996579.565856,405.4001638443576,250.5966207535373,0
1595996579.5758495,407.1990034134494,250.5966207535373,0
1595996579.5858495,408.99900169683565,250.5966207535373,0
1595996579.5958457,410.79831333471407,250.5966207535373,0
1595996579.6058438,412.5979682953464,250.5966207535373,0
1595996579.615854,414.39981193853487,250.5966207535373,0
1595996579.6258433,416.1978790314304,250.5966207535373,0
1595996579.6358495,417.9989931137668,250.5966207535373,0
1595996579.645837,419.79675979925264,250.5966207535373,0
1595996579.6558533,421.5996763260471,250.5966207535373,0
1595996579.6658444,423.3980867416965,250.5966207535373,0
1595996579.6758566,425.20027370763887,250.5966207535373,0
1595996579.6858387,426.99705334020723,250.5966207535373,0
1595996579.6958375,428.79683704687227,250.5966207535373,0
1595996579.705856,430.6001827271091,250.5966207535373,0
1595996579.7158475,432.39863605810274,250.5966207535373,0
1595996579.7258403,434.1973468811618,250.5966207535373,0
1595996579.7358468,435.9985038788425,250.5966207535373,0
1595996579.7458498,437.7990600617038,250.5966207535373,0
1595996579.7558374,439.59682674718965,250.5966207535373,0
1595996579.765853,441.39961452795137,250.5966207535373,0
1595996579.7758446,443.19811077428926,250.5966207535373,0
1595996579.7858374,444.99682159734834,250.5966207535373,0
1595996579.7958527,446.7995664627658,250.5966207535373,0
1595996579.8058515,448.59935016943086,250.5966207535373,0
1595996579.815848,450.39874763799776,250.5966207535373,0
1595996579.825856,452.20016212774385,250.5966207535373,0
1595996579.8358488,453.99887295080293,250.5966207535373,0
1595996579.845845,455.79818458868135,250.5966207535373,0
1595996579.8558507,457.5992128403293,250.5966207535373,0
1595996579.8658562,459.400198176633,250.5966207535373,0
1595996579.8758373,461.1968061478244,250.5966207535373,0
1595996579.885851,462.99925060583223,250.5966207535373,0
1595996579.8958552,464.80002136541475,250.5966207535373,0
1595996579.905839,466.5971014053928,250.5966207535373,0
1595996579.9158523,468.39950294805635,250.5966207535373,0
1595996579.9258542,470.1998445541965,250.5966207535373,0
1595996579.9358451,471.99821205450166,250.5966207535373,0
1595996579.9458454,473.79825325323213,250.5966207535373,0
1595996579.9558532,475.5996677429782,250.5966207535373,0
1595996579.9658515,477.3993656189548,250.5966207535373,0
1595996579.9758415,479.197561457883,250.5966207535373,0
1595996579.9858422,480.99768848730196,250.5966207535373,0
1595996579.9958549,482.7999612839328,250.5966207535373,0
1595996580.0058515,484.5993587524997,250.5966207535373,0
1595996580.0158534,486.39970035863985,250.5966207535373,0
1595996580.0258493,488.198969081174,250.5966207535373,0
1595996580.0358539,489.9997827561008,250.5966207535373,0
1595996580.0458353,491.79643364263643,250.5966207535373,0
1595996580.055849,493.5989210159885,250.5966207535373,0
1595996580.0658512,495.39930553747286,250.5966207535373,0
1595996580.0758524,497.1995183975803,250.5966207535373,0
1595996580.085853,498.9996454269992,250.5966207535373,0
1595996580.0958421,500.7976696045505,250.5966207535373,0
1595996580.1058517,502.59938450170625,250.5966207535373,0
1595996580.1158407,504.3974086792575,250.5966207535373,0
1595996580.1258357,506.19650574041475,250.5966207535373,0
1595996580.1358502,507.9991218597995,250.5966207535373,0
1595996580.1458457,509.7983047516452,250.5966207535373,0
1595996580.1558383,511.59697265936006,250.5966207535373,0
1595996580.1658378,513.3968851120578,250.5966207535373,0
1595996580.1758525,515.1995441467868,250.5966207535373,0
1595996580.1858404,516.9973537476169,250.5966207535373,0
1595996580.1958516,518.7993690521823,250.5966207535373,0
1595996580.2058542,520.5998394043552,250.5966207535373,0
1595996580.2158368,522.396704867612,250.5966207535373,0
1595996580.2258382,524.1969606430637,250.5966207535373,0
1595996580.235844,525.9979888947116,250.5966207535373,0
1595996580.2458541,527.7998325379001,250.5966207535373,0
1595996580.2558413,529.5975133926975,250.5966207535373,0
1595996580.2658494,531.3989707977878,250.5966207535373,0
1595996580.2758482,533.1987545044528,250.5966207535373,0
1595996580.285846,534.9983665497409,250.5966207535373,0
1595996580.2958355,536.7964765579807,250.5966207535373,0
1595996580.3058417,538.5975906403171,250.5966207535373,0
1595996580.3158443,540.39806099249,250.5966207535373,0
1595996580.3258357,542.1965143234836,250.5966207535373,0
1595996580.3358548,543.9999458344089,250.5966207535373,0
1595996580.3458483,545.7987854035007,250.5966207535373,0
1595996580.3558383,547.5969812424289,250.5966207535373,0
1595996580.3658347,549.3963357956516,250.5966207535373,0
1595996580.3758454,551.1982652695285,250.5966207535373,0
1595996580.3858378,552.9968902618991,250.5966207535373,0
1595996580.3958504,554.79916305853,250.5966207535373,0
1595996580.4058397,556.5972301514255,250.5966207535373,0
1595996580.4158466,558.3984729797946,250.5966207535373,0
1595996580.4258404,560.1973554642307,250.5966207535373,0
1595996580.4358351,561.9964096100437,250.5966207535373,0
1595996580.4458447,563.7981245071994,250.5966207535373,0
1595996580.4558418,565.5976078064548,250.5966207535373,0
1595996580.4658384,567.3970052750217,250.5966207535373,0
1595996580.4758458,569.1983339340793,250.5966207535373,0
1595996580.4858453,570.998246386777,250.5966207535373,0
1595996580.4958453,572.7982446701633,250.5966207535373,0
1595996580.505844,574.5980283768283,250.5966207535373,0
1595996580.5158453,576.3982412369357,250.5966207535373,0
1595996580.5258422,578.1976816208469,250.5966207535373,0
1595996580.5358365,579.9966499359714,250.5966207535373,0
1595996580.5458415,581.7975494415866,250.5966207535373,0
1595996580.5558562,583.6002084763156,250.5966207535373,0
1595996580.5658433,585.397889331113,250.5966207535373,0
1595996580.5758557,587.2001192123996,250.5966207535373,0
1595996580.5858538,588.9997741730319,250.5966207535373,0
1595996580.5958557,590.8001157791721,250.5966207535373,0
1595996580.6058345,592.5962945969211,250.5966207535373,0
1595996580.615852,594.399468615781,250.5966207535373,0
1595996580.6258502,596.1991235764133,250.5966207535373,0
1595996580.635837,597.9967615158664,250.5966207535373,0
1595996580.645841,599.7974464447605,250.5966207535373,0
1595996580.6558528,601.5995904953586,250.5966207535373,0
1595996580.6658554,603.4000608475314,250.5966207535373,0
1595996580.6758416,605.1975700409519,250.5966207535373,0
1595996580.6858382,606.9969675095188,250.5966207535373,0
1595996580.695845,608.7981674225437,250.5966207535373,0
1595996580.7058408,610.5974361450778,250.5966207535373,0
1595996580.7058408,0,250.5966207535373,0
1595996580.7158434,252.39709110571016,250.5966207535373,0
1595996580.7258615,254.2003509552585,250.5966207535373,0
1595996580.735846,255.99755974126924,250.5966207535373,0
1595996580.745857,257.79953213049043,250.5966207535373,0
1595996580.7558434,259.5970842392551,250.5966207535373,0
1595996580.7658434,261.3970825226413,250.5966207535373,0
1595996580.7758496,263.19819660497774,250.5966207535373,0
1595996580.785845,264.99737949682344,250.5966207535373,0
1595996580.7958534,266.798879817258,250.5966207535373,0
1595996580.805847,268.5977193863498,250.5966207535373,0
1595996580.8158593,270.39994926763643,250.5966207535373,0
1595996580.8258421,272.1968576462375,250.5966207535373,0
1595996580.835862,274.0004179031955,250.5966207535373,0
1595996580.8458478,275.7978841812717,250.5966207535373,0
1595996580.8558545,277.5990840942966,250.5966207535373,0
1595996580.8658469,279.3977090866672,250.5966207535373,0
1595996580.875859,281.1998960526096,250.5966207535373,0
1595996580.885846,282.9975339920627,250.5966207535373,0
1595996580.8958447,284.79731769872774,250.5966207535373,0
1595996580.9058473,286.5977880509006,250.5966207535373,0
1595996580.915859,288.3998891861545,250.5966207535373,0
1595996580.9258604,290.20014496160616,250.5966207535373,0
1595996580.9358423,291.9968816788303,250.5966207535373,0
1595996580.945842,293.79683704687227,250.5966207535373,0
1595996580.9558523,295.59868069006075,250.5966207535373,0
1595996580.965854,297.39897938085664,250.5966207535373,0
1595996580.9758494,299.19816227270235,250.5966207535373,0
1595996580.9858568,300.99949093175996,250.5966207535373,0
1595996580.9958453,302.79742927862276,250.5966207535373,0
1595996581.005842,304.59682674718965,250.5966207535373,0
1595996581.0158584,306.3997861893283,250.5966207535373,0
1595996581.0258532,308.1988403351413,250.5966207535373,0
1595996581.0358443,309.9972507507907,250.5966207535373,0
1595996581.0458524,311.79870815588106,250.5966207535373,0
1595996581.0558612,313.6002943070041,250.5966207535373,0
1595996581.0658572,315.3995630295383,250.5966207535373,0
1595996581.0758507,317.1984025986301,250.5966207535373,0
1595996581.0858417,318.99677009893526,250.5966207535373,0
1595996581.0958543,320.7990428955661,250.5966207535373,0
1595996581.1058416,322.5967666657077,250.5966207535373,0
1595996581.1158464,324.3976232559787,250.5966207535373,0
1595996581.1258416,326.1967632324802,250.5966207535373,0
1595996581.1358569,327.99950809789766,250.5966207535373,0
1595996581.1458576,329.7996351273166,250.5966207535373,0
1595996581.1558537,331.598946765195,250.5966207535373,0
1595996581.1658592,333.39993210149873,250.5966207535373,0
1595996581.1758416,335.19675464941133,250.5966207535373,0
1595996581.1858463,336.9976112396823,250.5966207535373,0
1595996581.195842,338.79683704687227,250.5966207535373,0
1595996581.2058494,340.5981657059299,250.5966207535373,0
1595996581.2158434,342.39709110571016,250.5966207535373,0
1595996581.2258577,344.1996643097507,250.5966207535373,0
1595996581.2358608,346.000220492612,250.5966207535373,0
1595996581.245847,347.7977296860324,250.5966207535373,0
1595996581.2558444,349.59725590063204,250.5966207535373,0
1595996581.2658458,351.3975116760837,250.5966207535373,0
1595996581.27585,353.1982824356662,250.5966207535373,0
1595996581.2858508,354.99840946508516,250.5966207535373,0
1595996581.29586,356.8000814468967,250.5966207535373,0
1595996581.3058434,358.59707565618623,250.5966207535373,0
1595996581.3136394,360,250.5966207535373,1
1595996581.3155708,360.3480217011081,250.5966207535373,0
1595996581.3155708,360.1044065103324,250.35300556276164,0
1595996581.3158581,360.15611950013954,250.35300556276164,0
1595996581.3206913,361.026099358538,250.35300556276164,0
1595996581.3206913,360.3078298075614,249.63473601178507,0
1595996581.3258545,361.2372045023857,249.63473601178507,0
1595996581.3358612,363.0384044154106,249.63473601178507,0
1595996581.3458498,364.8363427622734,249.63473601178507,0
1595996581.3558576,366.63775725201947,249.63473601178507,0
1595996581.3658495,368.4362964137016,249.63473601178507,0
1595996581.3758528,370.23689551190716,249.63473601178507,0
1595996581.3858538,372.03706545667035,249.63473601178507,0
1595996581.3958538,373.8370637400566,249.63473601178507,0
1595996581.4058514,375.6366328700004,249.63473601178507,0
1595996581.4158483,377.43607325391156,249.63473601178507,0
1595996581.4258494,379.236286114019,249.63473601178507,0
1595996581.4358444,381.0353831751762,249.63473601178507,0
1595996581.4458618,382.83851427869183,249.63473601178507,0
1595996581.4558518,384.63671011762005,249.63473601178507,0
1595996581.4658604,386.43825335339886,249.63473601178507,0
1595996581.4758594,388.23807997540814,249.63473601178507,0
1595996581.485842,390.034945438665,249.63473601178507,0
1595996581.4958448,391.83545870618207,249.63473601178507,0
1595996581.5058515,393.63665861920697,249.63473601178507,0
1595996581.5158584,395.4379014475761,249.63473601178507,0
1595996581.5258482,397.2360543711601,249.63473601178507,0
1595996581.535855,399.03729719952923,249.63473601178507,0
1595996581.5458603,400.8382396204887,249.63473601178507,0
1595996581.555859,402.63802332715375,249.63473601178507,0
1595996581.5658543,404.4371633036552,249.63473601178507,0
1595996581.5758603,406.2382344706474,249.63473601178507,0
1595996581.5858507,408.0365161402641,249.63473601178507,0
1595996581.5958495,409.83629984692914,249.63473601178507,0
1595996581.6058438,411.63526816205365,249.63473601178507,0
1595996581.6158528,413.43689722852093,249.63473601178507,0
1595996581.625855,415.2372817500053,249.63473601178507,0
1595996581.635857,417.0376662714897,249.63473601178507,0
1595996581.6458502,418.836420009893,249.63473601178507,0
1595996581.6558404,420.63465876416547,249.63473601178507,0
1595996581.665851,422.4365882380424,249.63473601178507,0
1595996581.6758606,424.2383031351982,249.63473601178507,0
1595996581.6858587,426.0379580958305,249.63473601178507,0
1595996581.6958525,427.83684058026654,249.63473601178507,0
1595996581.7058473,429.6358947260795,249.63473601178507,0
1595996581.715858,431.4378241999565,249.63473601178507,0
1595996581.7258415,433.23486132459027,249.63473601178507,0
1595996581.7358432,435.03516001538617,249.63473601178507,0
1595996581.7458615,436.83846278027875,249.63473601178507,0
1595996581.7558467,438.6358003123222,249.63473601178507,0
1595996581.7658482,440.43605608777386,249.63473601178507,0
1595996581.7758596,442.23811430768353,249.63473601178507,0
1595996581.7858493,444.0362672312675,249.63473601178507,0
1595996581.7958567,445.83759589032513,249.63473601178507,0
1595996581.8058615,447.63845248059613,249.63473601178507,0
1595996581.8158555,449.4373778803764,249.63473601178507,0
1595996581.825855,451.23729033307416,249.63473601178507,0
1595996581.8358564,453.0375461085258,249.63473601178507,0
1595996581.845842,454.8349265559135,249.63473601178507,0
1595996581.855842,456.634967754644,249.63473601178507,0
1595996581.8658597,458.43814177350384,249.63473601178507,0
1595996581.8758454,460.2355651362358,249.63473601178507,0
1595996581.8858447,462.0354346735893,249.63473601178507,0
1595996581.8958423,463.83500380353314,249.63473601178507,0
1595996581.9058537,465.6370620234428,249.63473601178507,0
1595996581.9158523,467.4368028147636,249.63473601178507,0
1595996581.9258468,469.23581404523236,249.63473601178507,0
1595996581.9358597,471.03812975720746,249.63473601178507,0
1595996581.9458473,472.8358964426933,249.63473601178507,0
1595996581.9558594,474.6380834086357,249.63473601178507,0
1595996581.965843,476.43512053326947,249.63473601178507,0
1595996581.9758413,478.23481840924603,249.63473601178507,0
1595996581.9858556,480.03739161328656,249.63473601178507,0
1595996581.9958465,481.83575911359173,249.63473601178507,0
1595996582.0058424,483.6350278361259,249.63473601178507,0
1595996582.015841,485.4347686274467,249.63473601178507,0
1595996582.0258608,487.2383288844047,249.63473601178507,0
1595996582.035853,489.0369109614311,249.63473601178507,0
1595996582.0458531,490.83695216016156,249.63473601178507,0
1595996582.055857,492.6376370890556,249.63473601178507,0
1595996582.0658605,494.4382791026054,249.63473601178507,0
1595996582.0758562,496.23750490979535,249.63473601178507,0
1595996582.085861,498.03836150006634,249.63473601178507,0
1595996582.0958428,499.83509821729047,249.63473601178507,0
1595996582.1058414,501.63483900861127,249.63473601178507,0
1595996582.1158597,503.43814177350384,249.63473601178507,0
1595996582.1258585,505.2379254801689,249.63473601178507,0
1595996582.1358523,507.0368079646049,249.63473601178507,0
1595996582.14584,508.83457465009076,249.63473601178507,0
1595996582.155842,510.63495917157513,249.63473601178507,0
1595996582.165852,512.4367598994194,249.63473601178507,0
1595996582.1758502,514.2364148600517,249.63473601178507,0
1595996582.1858587,516.0379580958305,249.63473601178507,0
1595996582.195853,517.836926410955,249.63473601178507,0
1595996582.2058434,519.6352080805717,249.63473601178507,0
1595996582.2158442,521.4353351099907,249.63473601178507,0
1595996582.22586,523.2382087214409,249.63473601178507,0
1595996582.2358413,525.0348166926323,249.63473601178507,0
1595996582.245842,526.8349437220512,249.63473601178507,0
1595996582.2558398,528.6345557673393,249.63473601178507,0
1595996582.2658432,530.4351548655449,249.63473601178507,0
1595996582.275858,532.2378139002739,249.63473601178507,0
1595996582.2858505,534.0364818079887,249.63473601178507,0
1595996582.295853,535.8369092448173,249.63473601178507,0
1595996582.305848,537.6360063059745,249.63473601178507,0
1595996582.3158612,539.4384078486381,249.63473601178507,0
1595996582.325853,541.2369470103203,249.63473601178507,0
1595996582.3358514,543.0366448862968,249.63473601178507,0
1595996582.3458424,544.835012386602,249.63473601178507,0
1595996582.3558452,546.6355256541191,249.63473601178507,0
1595996582.3658438,548.4352664454399,249.63473601178507,0
1595996582.3758473,550.2359084589897,249.63473601178507,0
1595996582.3858464,552.035735080999,249.63473601178507,0
1595996582.3958416,553.8348750575004,249.63473601178507,0
1595996582.4058514,555.6366328700004,249.63473601178507,0
1595996582.4158497,557.436330745977,249.63473601178507,0
1595996582.4258451,559.2355136378227,249.63473601178507,0
1595996582.4358559,561.0374431116996,249.63473601178507,0
1595996582.445857,562.8376559718071,249.63473601178507,0
1595996582.4558551,564.6373109324394,249.63473601178507,0
1595996582.4658513,566.4366225703178,249.63473601178507,0
1595996582.4758532,568.236964176458,249.63473601178507,0
1595996582.4858475,570.0359324915825,249.63473601178507,0
1595996582.4958422,571.8349866373954,249.63473601178507,0
1595996582.5058398,573.6345557673393,249.63473601178507,0
1595996582.515848,575.4360131724296,249.63473601178507,0
1595996582.5258608,577.2383288844047,249.63473601178507,0
1595996582.5358539,579.037082622808,249.63473601178507,0
1595996582.5458555,580.8373813136039,249.63473601178507,0
1595996582.5558486,582.6361350520073,249.63473601178507,0
1595996582.5658467,584.4357900126396,249.63473601178507,0
1595996582.5758429,586.235101650518,249.63473601178507,0
1595996582.5858488,588.0361728175102,249.63473601178507,0
1595996582.5958533,589.836986492437,249.63473601178507,0
1595996582.6058512,591.636598537725,249.63473601178507,0
1595996582.6158473,593.4359101756035,249.63473601178507,0
1595996582.625855,595.2372817500053,249.63473601178507,0
1595996582.6358538,597.0370654566703,249.63473601178507,0
1595996582.645853,598.8369349940239,249.63473601178507,0
1595996582.6558554,600.6373624308525,249.63473601178507,0
1595996582.6658475,602.4359445078788,249.63473601178507,0
1595996582.6758587,604.2379598124443,249.63473601178507,0
1595996582.6858525,606.0368422968803,249.63473601178507,0
1595996582.6958432,607.8351668818412,249.63473601178507,0
1595996582.7058406,609.6346930964409,249.63473601178507,0
1595996582.705865,609.6390704615532,249.63473601178507,0
1595996582.705865,0,249.63473601178507,0
1595996582.7158816,251.43773836926798,249.63473601178507,0
1595996582.7258773,253.23696417645792,249.63473601178507,0
1595996582.7358792,255.03730578259805,249.63473601178507,0
1595996582.7458668,256.8350724680839,249.63473601178507,0
1595996582.755872,258.6360148890434,249.63473601178507,0
1595996582.7658696,260.43558401898724,249.63473601178507,0
1595996582.7758815,262.2377280695854,249.63473601178507,0
1595996582.7858791,264.03729719952923,249.63473601178507,0
1595996582.79587,265.8356646998344,249.63473601178507,0
1595996582.8058739,267.63634962872845,249.63473601178507,0
1595996582.8158855,269.43845076398236,249.63473601178507,0
1595996582.8258786,271.2372045023857,249.63473601178507,0
1595996582.8358843,273.03823275403363,249.63473601178507,0
1595996582.8458703,274.8356990321098,249.63473601178507,0
1595996582.855866,276.63492483929974,249.63473601178507,0
1595996582.8658743,278.4364251597343,249.63473601178507,0
1595996582.8758678,280.2352647288261,249.63473601178507,0
1595996582.885869,282.03547758893353,249.63473601178507,0
1595996582.8958735,283.8362912638603,249.63473601178507,0
1595996582.9058688,285.63543124036175,249.63473601178507,0
1595996582.9158754,287.43663115338666,249.63473601178507,0
1595996582.9258826,289.23791689710004,249.63473601178507,0
1595996582.935866,291.0349540217338,249.63473601178507,0
1595996582.9458766,292.83684058026654,249.63473601178507,0
1595996582.9558818,294.637783001226,249.63473601178507,0
1595996582.9658837,296.43812460736615,249.63473601178507,0
1595996582.975879,298.2372645838676,249.63473601178507,0
1595996582.985876,300.036747883123,249.63473601178507,0
1595996582.9958687,301.8354157908378,249.63473601178507,0
1595996583.0058796,303.637388180059,249.63473601178507,0
1595996583.015869,305.4354552729545,249.63473601178507,0
1595996583.0258718,307.2359685404716,249.63473601178507,0
1595996583.0358713,309.03588099316937,249.63473601178507,0
1595996583.0458832,310.8380250437675,249.63473601178507,0
1595996583.0558794,312.63733668164593,249.63473601178507,0
1595996583.0658677,314.4352321131645,249.63473601178507,0
1595996583.0758793,316.2373332484184,249.63473601178507,0
1595996583.085875,318.03655905560834,249.63473601178507,0
1595996583.0958686,319.83539862470013,249.63473601178507,0
1595996583.1058795,321.6373710139213,249.63473601178507,0
1595996583.1158824,323.4378842814384,249.63473601178507,0
1595996583.1258805,325.23753924207074,249.63473601178507,0
1595996583.1358798,327.03740877942425,249.63473601178507,0
1595996583.145867,328.83513254956586,249.63473601178507,0
1595996583.1558712,330.63586039380414,249.63473601178507,0
1595996583.1658773,332.43697447614056,249.63473601178507,0
1595996583.1758668,334.2350844843803,249.63473601178507,0
1595996583.1858852,336.0383872492729,249.63473601178507,0
1595996583.1958845,337.8382567866264,249.63473601178507,0
1595996583.205872,339.63602347211224,249.63473601178507,0
1595996583.215873,341.4361934168754,249.63473601178507,0
1595996583.2258832,343.2380370600639,249.63473601178507,0
1595996583.2358758,345.03670496777875,249.63473601178507,0
1595996583.2458847,346.8382911189018,249.63473601178507,0
1595996583.2558682,348.6353282435356,249.63473601178507,0
1595996583.2658722,350.43605608777386,249.63473601178507,0
1595996583.2758837,352.23811430768353,249.63473601178507,0
1595996583.2858644,354.03463644818646,249.63473601178507,0
1595996583.295868,355.83527846173627,249.63473601178507,0
1595996583.305884,357.63815207318646,249.63473601178507,0
1595996583.3158762,359.43677706555707,249.63473601178507,0
1595996583.3190267,360,249.63473601178507,1
1595996583.3258703,361.23570246533734,249.63473601178507,0
1595996583.333306,362.57414622144086,249.63473601178507,0
1595996583.333306,360.77224386643223,247.83283365677647,0
1595996583.3358767,361.2349571080094,247.83283365677647,0
1595996583.335915,361.24186647843175,247.83283365677647,0
1595996583.335915,360.3725599435295,246.96352712187425,0
1595996583.3458793,362.16612092528,246.96352712187425,0
1595996583.3558838,363.96693460020674,246.96352712187425,0
1595996583.3658712,365.76465837034834,246.96352712187425,0
1595996583.3758755,367.56542912993086,246.96352712187425,0
1595996583.3858702,369.36448327574385,246.96352712187425,0
1595996583.3958826,371.1667131570305,246.96352712187425,0
1595996583.4058797,372.96619645628584,246.96352712187425,0
1595996583.4158654,374.7636198190178,246.96352712187425,0
1595996583.425876,376.5655063775505,246.96352712187425,0
1595996583.4358692,378.36430303129805,246.96352712187425,0
1595996583.4458783,380.16593209776534,246.96352712187425,0
1595996583.4558835,381.9668745187248,246.96352712187425,0
1595996583.4658828,383.7667440560783,246.96352712187425,0
1595996583.4758747,385.56528321776045,246.96352712187425,0
1595996583.48587,387.3644231942619,246.96352712187425,0
1595996583.4958735,389.1650652078117,246.96352712187425,0
1595996583.505882,390.96660844359053,246.96352712187425,0
1595996583.5158653,392.7636026528801,246.96352712187425,0
1595996583.525878,394.56587544951094,246.96352712187425,0
1595996583.53588,396.3662599709953,246.96352712187425,0
1595996583.5458717,398.1647562173332,246.96352712187425,0
1595996583.555879,399.9660848763908,246.96352712187425,0
1595996583.5658789,401.7660402444328,246.96352712187425,0
1595996583.5758753,403.5653947976555,246.96352712187425,0
1595996583.585882,405.3665947106804,246.96352712187425,0
1595996583.5958843,407.167022147509,246.96352712187425,0
1595996583.6058683,408.96414510283125,246.96352712187425,0
1595996583.6158698,410.7644008782829,246.96352712187425,0
1595996583.6258702,412.5644849923576,246.96352712187425,0
1595996583.6358666,414.3638395455803,246.96352712187425,0
1595996583.6458752,416.1653827813591,246.96352712187425,0
1595996583.6558642,417.96340695891035,246.96352712187425,0
1595996583.665869,419.76426354918135,246.96352712187425,0
1595996583.6758788,421.56602136168135,246.96352712187425,0
1595996583.6858823,423.36666337523116,246.96352712187425,0
1595996583.6958728,425.16494504484785,246.96352712187425,0
1595996583.7058668,426.9638704446281,246.96352712187425,0
1595996583.7158825,428.7667011407341,246.96352712187425,0
1595996583.7258782,430.565926947924,246.96352712187425,0
1595996583.735865,432.36356488737715,246.96352712187425,0
1595996583.7458766,434.1656231072868,246.96352712187425,0
1595996583.7558706,435.9645485070671,246.96352712187425,0
1595996583.7658703,437.7645038751091,246.96352712187425,0
1595996583.775874,439.5651458886589,246.96352712187425,0
1595996583.7858722,441.36484376463545,246.96352712187425,0
1595996583.7958853,443.1672023919548,246.96352712187425,0
1595996583.8058786,444.96599904570235,246.96352712187425,0
1595996583.8158715,446.76470986876143,246.96352712187425,0
1595996583.8258827,448.56672517332686,246.96352712187425,0
1595996583.8358805,450.36633721861494,246.96352712187425,0
1595996583.8458827,452.1667217400993,246.96352712187425,0
1595996583.855875,453.9653467324699,246.96352712187425,0
1595996583.8658729,455.764958777758,246.96352712187425,0
1595996583.8758643,457.56341210875166,246.96352712187425,0
1595996583.8858812,459.3664573815788,246.96352712187425,0
1595996583.8958733,461.1650394586052,246.96352712187425,0
1595996583.90588,462.9662393716301,246.96352712187425,0
1595996583.9158747,464.76529351744307,246.96352712187425,0
1595996583.9258835,466.5668796685661,246.96352712187425,0
1595996583.9358702,468.364474692675,246.96352712187425,0
1595996583.9458756,470.1654600289787,246.96352712187425,0
1595996583.9558766,471.9656299737419,246.96352712187425,0
1595996583.9658644,473.763439574572,246.96352712187425,0
1595996583.9758797,475.56618443998946,246.96352712187425,0
1595996583.9858787,477.36601106199873,246.96352712187425,0
1595996583.9958782,479.1659235146965,246.96352712187425,0
1595996584.005879,480.96605054411543,246.96352712187425,0
1595996584.0158682,482.76411763701094,246.96352712187425,0
1595996584.0258691,484.5642875817741,246.96352712187425,0
1595996584.0358694,486.3643287805046,246.96352712187425,0
1595996584.0458694,488.1643270638908,246.96352712187425,0
1595996584.0558693,489.96432534727705,246.96352712187425,0
1595996584.0658813,491.7664693978752,246.96352712187425,0
1595996584.0758657,493.56367818388594,246.96352712187425,0
1595996584.0858817,495.36655179533614,246.96352712187425,0
1595996584.0958643,497.163417258593,246.96352712187425,0
1595996584.1058714,498.96470300230635,246.96352712187425,0
1595996584.1158824,500.76667539152754,246.96352712187425,0
1595996584.1258798,502.56620160612715,246.96352712187425,0
1595996584.1358802,504.36628572020186,246.96352712187425,0
1595996584.1458797,506.1661981728996,246.96352712187425,0
1595996584.1558666,507.96383611235274,246.96352712187425,0
1595996584.165866,509.76370564970625,246.96352712187425,0
1595996584.1758814,511.566493430468,246.96352712187425,0
1595996584.1858785,513.3659767297233,246.96352712187425,0
1595996584.1958802,515.1662754205192,246.96352712187425,0
1595996584.2058806,516.966359534594,246.96352712187425,0
1595996584.21588,518.7662290719475,246.96352712187425,0
1595996584.225882,520.5666135934318,246.96352712187425,0
1595996584.235867,522.3639082101311,246.96352712187425,0
1595996584.2458675,524.1639923242058,246.96352712187425,0
1595996584.2558815,525.966522612902,246.96352712187425,0
1595996584.2658725,527.7648901132072,246.96352712187425,0
1595996584.2758849,529.5671199944939,246.96352712187425,0
1595996584.285873,531.3649725106682,246.96352712187425,0
1595996584.295878,533.1658720162834,246.96352712187425,0
1595996584.3058844,534.9670290139641,246.96352712187425,0
1595996584.3158648,536.7635082391228,246.96352712187425,0
1595996584.3258703,538.5644935754265,246.96352712187425,0
1595996584.3358705,540.3645347741569,246.96352712187425,0
1595996584.345874,542.1651767877067,246.96352712187425,0
1595996584.3558807,543.9663767007316,246.96352712187425,0
1595996584.3658779,545.765859999987,246.96352712187425,0
1595996584.375874,547.5651716378654,246.96352712187425,0
1595996584.3858778,549.3658565667595,246.96352712187425,0
1595996584.3958786,551.1659835961784,246.96352712187425,0
1595996584.405878,552.9658960488762,246.96352712187425,0
1595996584.415869,554.7642635491814,246.96352712187425,0
1595996584.4258826,556.5667080071892,246.96352712187425,0
1595996584.4358718,558.3647751000847,246.96352712187425,0
1595996584.4458787,560.1660179284538,246.96352712187425,0
1595996584.455867,561.9639133599724,246.96352712187425,0
1595996584.4658828,563.7667440560783,246.96352712187425,0
1595996584.4758644,565.5634378579582,246.96352712187425,0
1595996584.4858644,567.3634361413444,246.96352712187425,0
1595996584.495883,569.1667818215813,246.96352712187425,0
1595996584.5058725,570.964891829821,246.96352712187425,0
1595996584.5158637,572.7633022454704,246.96352712187425,0
1595996584.5258758,574.5654892114128,246.96352712187425,0
1595996584.535881,576.3664316323723,246.96352712187425,0
1595996584.5458844,578.1670307305778,246.96352712187425,0
1595996584.555872,579.9647974160637,246.96352712187425,0
1595996584.5658717,581.7647527841057,246.96352712187425,0
1595996584.5758803,583.5662960198845,246.96352712187425,0
1595996584.5858722,585.3648351815666,246.96352712187425,0
1595996584.5958724,587.1648763802971,246.96352712187425,0
1595996584.605879,588.966076293322,246.96352712187425,0
1595996584.6158767,590.7656454232658,246.96352712187425,0
1595996584.625879,592.5660728600944,246.96352712187425,0
1595996584.6358664,594.363796630236,246.96352712187425,0
1595996584.645883,596.166798987719,246.96352712187425,0
1595996584.6558855,597.9672264245476,246.96352712187425,0
1595996584.6658714,599.7646927026237,246.96352712187425,0
1595996584.6758761,601.5655492928947,246.96352712187425,0
1595996584.6858656,603.3636593011345,246.96352712187425,0
1595996584.6958697,605.1643871453728,246.96352712187425,0
1595996584.705881,606.9664453652824,246.96352712187425,0
1595996584.705881,0,246.96352712187425,0
1595996584.715888,248.7647699502434,246.96352712187425,0
1595996584.725887,250.56459657225267,246.96352712187425,0
1595996584.7359035,252.36755601439134,246.96352712187425,0
1595996584.7459009,254.16708222899095,246.96352712187425,0
1595996584.7558858,255.96437684569017,246.96352712187425,0
1595996584.7658865,257.7645038751091,246.96352712187425,0
1595996584.7759023,259.56733457121504,246.96352712187425,0
1595996584.7858908,261.36527291807784,246.96352712187425,0
1595996584.7958922,263.1655286935295,246.96352712187425,0
1595996584.8059018,264.96724359068526,246.96352712187425,0
1595996584.8158836,266.7639803079094,246.96352712187425,0
1595996584.825903,268.5674547341789,246.96352712187425,0
1595996584.8358908,270.365264335009,246.96352712187425,0
1595996584.8458989,272.1667217400993,246.96352712187425,0
1595996584.855885,273.96423093351973,246.96352712187425,0
1595996584.8658893,275.76500169310225,246.96352712187425,0
1595996584.8758879,277.56474248442305,246.96352712187425,0
1595996584.885896,279.3661998895134,246.96352712187425,0
1595996584.8959012,281.16714231047285,246.96352712187425,0
1595996584.9058888,282.9649089959587,246.96352712187425,0
1595996584.9158988,284.76670972380293,246.96352712187425,0
1595996584.9258828,286.5638326791252,246.96352712187425,0
1595996584.935888,288.36477510008467,246.96352712187425,0
1595996584.9459033,290.16751996550215,246.96352712187425,0
1595996584.9558809,291.96348420653,246.96352712187425,0
1595996584.9658816,293.76361123594893,246.96352712187425,0
1595996584.9758825,295.5637811807121,246.96352712187425,0
1595996584.9859014,297.36716977629317,246.96352712187425,0
1595996584.9958882,299.1648077157463,246.96352712187425,0
1595996585.0058987,300.966694274279,246.96352712187425,0
1595996585.0159006,302.76703588041914,246.96352712187425,0
1595996585.0258887,304.56488839659346,246.96352712187425,0
1595996585.035901,306.3671182778801,246.96352712187425,0
1595996585.0458863,308.16445580992354,246.96352712187425,0
1595996585.055897,309.9663852838005,246.96352712187425,0
1595996585.0659015,311.76719895872725,246.96352712187425,0
1595996585.0759037,313.5675834802116,246.96352712187425,0
1595996585.0859015,315.3671955254997,246.96352712187425,0
1595996585.0958908,317.1652626183952,246.96352712187425,0
1595996585.1059027,318.96740666899336,246.96352712187425,0
1595996585.115927,320.7717823174919,246.96352712187425,0
1595996585.125896,322.56620160612715,246.96352712187425,0
1595996585.1359134,324.3693327096428,246.96352712187425,0
1595996585.145901,326.1670993951286,246.96352712187425,0
1595996585.1559012,327.9671405938591,246.96352712187425,0
1595996585.165893,329.7656797555412,246.96352712187425,0
1595996585.1758974,331.56645051512373,246.96352712187425,0
1595996585.1859016,333.36722127470625,246.96352712187425,0
1595996585.1958914,335.16537419829024,246.96352712187425,0
1595996585.2059052,336.9678615716423,246.96352712187425,0
1595996585.215891,338.7652849343742,246.96352712187425,0
1595996585.225894,340.56584111723555,246.96352712187425,0
1595996585.2358956,342.36613980803145,246.96352712187425,0
1595996585.245888,344.16476480040205,246.96352712187425,0
1595996585.2559066,345.96811048063887,246.96352712187425,0
1595996585.2659035,347.76755086455,246.96352712187425,0
1595996585.2759073,349.56823579344405,246.96352712187425,0
1595996585.2859023,351.3673328546013,246.96352712187425,0
1595996585.2959044,353.16771737608565,246.96352712187425,0
1595996585.3058932,354.9656986382927,246.96352712187425,0
1595996585.315905,356.7678426888908,246.96352712187425,0
1595996585.325889,358.5649656442131,246.96352712187425,0
1595996585.333883,360,246.96352712187425,1
1595996585.3358908,360.365264335009,246.96352712187425,0
1595996585.3397512,361.06014958891524,246.96352712187425,0
1595996585.3397512,360.31804487667455,246.2214224096336,0
1595996585.3458836,361.42187044582744,246.2214224096336,0
1595996585.3558946,363.22384283504863,246.2214224096336,0
1595996585.3659163,365.02774641476054,246.2214224096336,0
1595996585.369865,365.73851034603496,246.2214224096336,0
1595996585.369865,361.7215531038105,242.20446516740913,0
1595996585.3759003,362.80791212785834,242.20446516740913,0
1595996585.3858902,364.60610796678657,242.20446516740913,0
1595996585.3958933,366.4066641496479,242.20446516740913,0
1595996585.405893,368.2066195176899,242.20446516740913,0
1595996585.4158974,370.0073902772724,242.20446516740913,0
1595996585.4258971,371.8073456453144,242.20446516740913,0
1595996585.435889,373.6058848069965,242.20446516740913,0
1595996585.4458866,375.4054539369404,242.20446516740913,0
1595996585.4559019,377.20819880235786,242.20446516740913,0
1595996585.4658966,379.00725294817084,242.20446516740913,0
1595996585.4758966,380.8072512315571,242.20446516740913,0
1595996585.4859018,382.60819365251655,242.20446516740913,0
1595996585.4958928,384.4065611528217,242.20446516740913,0
1595996585.5058832,386.2048428224384,242.20446516740913,0
1595996585.5158951,388.00698687303657,242.20446516740913,0
1595996585.5258915,389.8063414262592,242.20446516740913,0
1595996585.535897,391.60732676256293,242.20446516740913,0
1595996585.545895,393.40698172319526,242.20446516740913,0
1595996585.555892,395.2064221071064,242.20446516740913,0
1595996585.5658896,397.00599123705024,242.20446516740913,0
1595996585.575889,398.805903689748,242.20446516740913,0
1595996585.585895,400.6069748567402,242.20446516740913,0
1595996585.595895,402.4069731401264,242.20446516740913,0
1595996585.6059,404.20787264574165,242.20446516740913,0
1595996585.6159017,406.00817133653754,242.20446516740913,0
1595996585.6258824,407.8046934770405,242.20446516740913,0
1595996585.6359022,409.6082537339985,242.20446516740913,0
1595996585.6458914,411.406320826894,242.20446516740913,0
1595996585.6559014,413.2081215547382,242.20446516740913,0
1595996585.665888,415.0057165788471,242.20446516740913,0
1595996585.6758857,416.80528570879096,242.20446516740913,0
1595996585.6858864,418.6054127382099,242.20446516740913,0
1595996585.6958954,420.4070418046772,242.20446516740913,0
1595996585.7058887,422.20583845842475,242.20446516740913,0
1595996585.7158828,424.004763858205,242.20446516740913,0
1595996585.7258818,425.8045904802143,242.20446516740913,0
1595996585.7358832,427.60484625566596,242.20446516740913,0
1595996585.7458904,429.40613199937934,242.20446516740913,0
1595996585.7558815,431.20454241502875,242.20446516740913,0
1595996585.7659004,433.0079310106098,242.20446516740913,0
1595996585.7758956,434.8070709871113,242.20446516740913,0
1595996585.7858992,436.6077130006611,242.20446516740913,0
1595996585.795884,438.40496470201606,242.20446516740913,0
1595996585.8058803,440.2043192552387,242.20446516740913,0
1595996585.8158877,442.00564791429633,242.20446516740913,0
1595996585.8258808,443.80440165269965,242.20446516740913,0
1595996585.835886,445.6053440736591,242.20446516740913,0
1595996585.8458905,447.4061577485859,242.20446516740913,0
1595996585.8558986,449.2076151536762,242.20446516740913,0
1595996585.8658905,451.00615431535834,242.20446516740913,0
1595996585.875881,452.80443598497504,242.20446516740913,0
1595996585.8858917,454.606365458852,242.20446516740913,0
1595996585.8958817,456.4045612977802,242.20446516740913,0
1595996585.905889,458.20588995683784,242.20446516740913,0
1595996585.9158888,460.00584532487983,242.20446516740913,0
1595996585.925895,461.80695940721625,242.20446516740913,0
1595996585.9359012,463.6080734895527,242.20446516740913,0
1595996585.9458895,465.40596892107123,242.20446516740913,0
1595996585.9558926,467.20652510393256,242.20446516740913,0
1595996585.965888,469.00570799577827,242.20446516740913,0
1595996585.9758818,470.8045904802143,242.20446516740913,0
1595996585.9858952,472.6069920228779,242.20446516740913,0
1595996585.9958873,474.40557409990424,242.20446516740913,0
1595996586.0058963,476.2072031663715,242.20446516740913,0
1595996586.0158863,478.00539900529975,242.20446516740913,0
1595996586.025891,479.80625559557075,242.20446516740913,0
1595996586.0358882,481.6057388948261,242.20446516740913,0
1595996586.0458918,483.4063809083759,242.20446516740913,0
1595996586.0559003,485.20792414415473,242.20446516740913,0
1595996586.0658865,487.00543333757514,242.20446516740913,0
1595996586.0758927,488.80654741991157,242.20446516740913,0
1595996586.0859013,490.6080906556904,242.20446516740913,0
1595996586.09588,492.4042694734394,242.20446516740913,0
1595996586.1058943,494.2068426774799,242.20446516740913,0
1595996586.1158948,496.00692679155463,242.20446516740913,0
1595996586.1258872,497.80555178392524,242.20446516740913,0
1595996586.1358886,499.6058075593769,242.20446516740913,0
1595996586.1458943,501.40683581102485,242.20446516740913,0
1595996586.1558897,503.20601870287055,242.20446516740913,0
1595996586.16588,505.004257457143,242.20446516740913,0
1595996586.1758814,506.8045132325947,242.20446516740913,0
1595996586.1858995,508.607773082143,242.20446516740913,0
1595996586.1958916,510.4063551591694,242.20446516740913,0
1595996586.2058933,512.2066538499653,242.20446516740913,0
1595996586.215886,514.0053646730244,242.20446516740913,0
1595996586.2258813,515.8045046495258,242.20446516740913,0
1595996586.2358966,517.6072495149433,242.20446516740913,0
1595996586.2458944,519.4068615602314,242.20446516740913,0
1595996586.2558963,521.2072031663715,242.20446516740913,0
1595996586.2658932,523.0066435502827,242.20446516740913,0
1595996586.275892,524.8064272569477,242.20446516740913,0
1595996586.28589,526.60608221758,242.20446516740913,0
1595996586.2958827,528.4047501252949,242.20446516740913,0
1595996586.30588,530.2042763398945,242.20446516740913,0
1595996586.315896,532.0071499513447,242.20446516740913,0
1595996586.325894,533.806804911977,242.20446516740913,0
1595996586.3358963,535.6071894334614,242.20446516740913,0
1595996586.345885,537.4051706956684,242.20446516740913,0
1595996586.3558981,539.2075293229877,242.20446516740913,0
1595996586.3658874,541.0055964158832,242.20446516740913,0
1595996586.3758981,542.8075258897602,242.20446516740913,0
1595996586.3858824,544.6046917604267,242.20446516740913,0
1595996586.3959007,546.4079945253193,242.20446516740913,0
1595996586.4058948,548.2069199250996,242.20446516740913,0
1595996586.4158795,550.0041716264545,242.20446516740913,0
1595996586.4258986,551.8076031373798,242.20446516740913,0
1595996586.4358919,553.6063997911274,242.20446516740913,0
1595996586.4458961,555.4071705507099,242.20446516740913,0
1595996586.4558926,557.2065251039326,242.20446516740913,0
1595996586.4658837,559.004935519582,242.20446516740913,0
1595996586.4758866,560.8054487870991,242.20446516740913,0
1595996586.485891,562.6062624620258,242.20446516740913,0
1595996586.495894,564.4067757295429,242.20446516740913,0
1595996586.5059006,566.2079756425678,242.20446516740913,0
1595996586.5158834,568.0048840211689,242.20446516740913,0
1595996586.5258915,569.8063414262592,242.20446516740913,0
1595996586.5358946,571.6068976091206,242.20446516740913,0
1595996586.545884,573.4049647020161,242.20446516740913,0
1595996586.555891,575.2062504457294,242.20446516740913,0
1595996586.5658903,577.006119983083,242.20446516740913,0
1595996586.5758853,578.8052170442402,242.20446516740913,0
1595996586.5858946,580.6068890260517,242.20446516740913,0
1595996586.595886,582.4053423570454,242.20446516740913,0
1595996586.605882,584.2046110795795,242.20446516740913,0
1595996586.6158895,586.0059826539814,242.20446516740913,0
1595996586.6258805,587.8043501542866,242.20446516740913,0
1595996586.6358855,589.6052496599018,242.20446516740913,0
1595996586.6458986,591.4076082872211,242.20446516740913,0
1595996586.6558871,593.2055466340839,242.20446516740913,0
1595996586.66588,595.004257457143,242.20446516740913,0
1595996586.6758978,596.8074743913471,242.20446516740913,0
1595996586.685888,598.6057131456196,242.20446516740913,0
1595996586.6958888,600.4058401750385,242.20446516740913,0
1595996586.705896,602.2071259187519,242.20446516740913,0
1595996586.705896,0,242.20446516740913,0
1595996586.7159142,244.0077679323017,242.20446516740913,0
1595996586.7259095,245.80690790880317,242.20446516740913,0
1595996586.735913,247.60754992235297,242.20446516740913,0
1595996586.7459042,249.4059603380024,242.20446516740913,0
1595996586.7559094,251.20690275896186,242.20446516740913,0
1595996586.765898,253.00484110582465,242.20446516740913,0
1595996586.7759156,254.80801512468452,242.20446516740913,0
1595996586.7858996,256.6051380800068,242.20446516740913,0
1595996586.7959049,258.40608050096625,242.20446516740913,0
1595996586.805909,260.20680834520454,242.20446516740913,0
1595996586.8159149,262.0078795121967,242.20446516740913,0
1595996586.8259065,263.8063757585346,242.20446516740913,0
1595996586.8359013,265.6054299043476,242.20446516740913,0
1595996586.845904,267.4059431718647,242.20446516740913,0
1595996586.855913,269.20752932298774,242.20446516740913,0
1595996586.8659039,271.0058968232929,242.20446516740913,0
1595996586.8759012,272.8054230378925,242.20446516740913,0
1595996586.8859,274.60520674455756,242.20446516740913,0
1595996586.8958995,276.4051191972553,242.20446516740913,0
1595996586.905907,278.20644785631293,242.20446516740913,0
1595996586.915916,280.0080769227802,242.20446516740913,0
1595996586.925913,281.8075602220356,242.20446516740913,0
1595996586.9359012,283.6054127382099,242.20446516740913,0
1595996586.9459054,285.4061834977924,242.20446516740913,0
1595996586.9559019,287.2055380510151,242.20446516740913,0
1595996586.9659052,289.00613714922065,242.20446516740913,0
1595996586.9759028,290.8057062791645,242.20446516740913,0
1595996586.9858997,292.60514666307563,242.20446516740913,0
1595996586.9959118,294.407333629018,242.20446516740913,0
1595996587.0059013,296.20544363725776,242.20446516740913,0
1595996587.0159037,298.0058710740864,242.20446516740913,0
1595996587.0258994,299.8050968812763,242.20446516740913,0
1595996587.035917,301.6082709001362,242.20446516740913,0
1595996587.0459116,303.4072821306049,242.20446516740913,0
1595996587.0559034,305.20582129228706,242.20446516740913,0
1595996587.0659037,307.0058624910175,242.20446516740913,0
1595996587.0759053,308.8061611818134,242.20446516740913,0
1595996587.0859108,310.60714651811713,242.20446516740913,0
1595996587.0959046,312.40602900255317,242.20446516740913,0
1595996587.10591,314.2070143388569,242.20446516740913,0
1595996587.1159048,316.00606848466987,242.20446516740913,0
1595996587.1259153,317.8079550432026,242.20446516740913,0
1595996587.1359055,319.60619379747504,242.20446516740913,0
1595996587.1459033,321.40580584276313,242.20446516740913,0
1595996587.1559112,323.2072203325092,242.20446516740913,0
1595996587.1658978,325.0048153566181,242.20446516740913,0
1595996587.1759164,326.8081610368549,242.20446516740913,0
1595996587.1858954,328.6043827699482,242.20446516740913,0
1595996587.195911,330.4071705507099,242.20446516740913,0
1595996587.205901,332.20536638963813,242.20446516740913,0
1595996587.215908,334.0066521333515,242.20446516740913,0
1595996587.225915,335.80789496172065,242.20446516740913,0
1595996587.2359164,337.6081507371723,242.20446516740913,0
1595996587.245903,339.4057457612812,242.20446516740913,0
1595996587.255901,341.2054007219135,242.20446516740913,0
1595996587.2659125,343.0074589418232,242.20446516740913,0
1595996587.2759147,344.80784346330756,242.20446516740913,0
1595996587.2859132,346.60758425462836,242.20446516740913,0
1595996587.2959168,348.40822626817817,242.20446516740913,0
1595996587.3059015,350.20547796953315,242.20446516740913,0
1595996587.315902,352.00556208360786,242.20446516740913,0
1595996587.3259041,353.80594660509223,242.20446516740913,0
1595996587.3358965,355.60457159746284,242.20446516740913,0
1595996587.345903,357.4057285951435,242.20446516740913,0
1595996587.347517,357.69626547563666,242.20446516740913,0
1595996587.347517,359.308879642691,243.81707933446347,0
1595996587.35137,360,243.81707933446347,1
1595996587.3558958,360.81705358525693,243.81707933446347,0
1595996587.3576267,361.12861898442685,243.81707933446347,0
1595996587.3576267,360.33858569532805,243.02704604536467,0
1595996587.3659093,361.82946475416594,243.02704604536467,0
1595996587.3759115,363.6298492756503,243.02704604536467,0
1595996587.3859138,365.4302767124789,243.02704604536467,0
1595996587.395914,367.2303179112094,243.02704604536467,0
1595996587.4059138,369.0302732792514,243.02704604536467,0
1595996587.415911,370.82975657850676,243.02704604536467,0
1595996587.4258952,372.62692244917326,243.02704604536467,0
1595996587.4358995,374.4276932087558,243.02704604536467,0
1595996587.445913,376.2301376667636,243.02704604536467,0
1595996587.4559004,378.0278614369052,243.02704604536467,0
1595996587.4659092,379.82944758802824,243.02704604536467,0
1595996587.4759104,381.62966044813567,243.02704604536467,0
1595996587.4859161,383.4306886997836,243.02704604536467,0
1595996587.4959073,385.22909911543303,243.02704604536467,0
1595996587.5059052,387.0287111607211,243.02704604536467,0
1595996587.5159047,388.82862361341887,243.02704604536467,0
1595996587.5259087,390.62935145765715,243.02704604536467,0
1595996587.5358992,392.42763312727385,243.02704604536467,0
1595996587.545899,394.22758849531584,243.02704604536467,0
1595996587.5559075,396.02913173109465,243.02704604536467,0
1595996587.5659006,397.82788546949797,243.02704604536467,0
1595996587.5759053,399.62874205976897,243.02704604536467,0
1595996587.585899,401.427624544205,243.02704604536467,0
1595996587.5959156,403.2305839863437,243.02704604536467,0
1595996587.6059067,405.0289944019931,243.02704604536467,0
1595996587.6159034,406.82839187056,243.02704604536467,0
1595996587.6259024,408.62821849256926,243.02704604536467,0
1595996587.6359155,410.4305771198886,243.02704604536467,0
1595996587.645914,412.2303179112094,243.02704604536467,0
1595996587.6558971,414.0272692051547,243.02704604536467,0
1595996587.6659064,415.82894118696623,243.02704604536467,0
1595996587.6759048,417.6286390629428,243.02704604536467,0
1595996587.6859062,419.42889483839446,243.02704604536467,0
1595996587.695913,421.2301376667636,243.02704604536467,0
1595996587.705916,423.0306509342807,243.02704604536467,0
1595996587.7159142,424.83034881025725,243.02704604536467,0
1595996587.7259111,426.6297891941684,243.02704604536467,0
1595996587.735902,428.42815669447356,243.02704604536467,0
1595996587.745897,430.2272537556308,243.02704604536467,0
1595996587.7559,432.0277670231479,243.02704604536467,0
1595996587.7658956,433.8269928303378,243.02704604536467,0
1595996587.7759092,435.6294372883456,243.02704604536467,0
1595996587.7859058,437.4288347569125,243.02704604536467,0
1595996587.7959127,439.23007758528166,243.02704604536467,0
1595996587.8059125,441.03003295332365,243.02704604536467,0
1595996587.815899,442.8275850620883,243.02704604536467,0
1595996587.8259141,444.6303299275058,243.02704604536467,0
1595996587.835908,446.4292124119418,243.02704604536467,0
1595996587.8459098,448.22955401808196,243.02704604536467,0
1595996587.8559058,450.02882274061614,243.02704604536467,0
1595996587.8658953,451.8269327488559,243.02704604536467,0
1595996587.8759015,453.6280468311923,243.02704604536467,0
1595996587.885909,455.42941840559416,243.02704604536467,0
1595996587.8959002,457.2278288212436,243.02704604536467,0
1595996587.9059038,459.0284708347934,243.02704604536467,0
1595996587.9159014,460.82803996473723,243.02704604536467,0
1595996587.9259102,462.6296261158603,243.02704604536467,0
1595996587.9358976,464.4273498860019,243.02704604536467,0
1595996587.9458995,466.227691492142,243.02704604536467,0
1595996587.9559064,468.02893432051115,243.02704604536467,0
1595996587.9658973,469.82730182081633,243.02704604536467,0
1595996587.975905,471.6286733952182,243.02704604536467,0
1595996587.9859152,473.43051703840666,243.02704604536467,0
1595996587.9958963,475.22712500959807,243.02704604536467,0
1595996588.0059032,477.0283678379672,243.02704604536467,0
1595996588.0159109,478.82973941236907,243.02704604536467,0
1595996588.025898,480.6274202671664,243.02704604536467,0
1595996588.0359035,482.42840560347014,243.02704604536467,0
1595996588.0459116,484.22986300856047,243.02704604536467,0
1595996588.0559032,486.02835925489836,243.02704604536467,0
1595996588.0658996,487.827713808121,243.02704604536467,0
1595996588.0759,489.6277979221957,243.02704604536467,0
1595996588.0858948,491.4268520680087,243.02704604536467,0
1595996588.0958977,493.2273653355258,243.02704604536467,0
1595996588.1059046,495.02860816389494,243.02704604536467,0
1595996588.1159048,496.8286493626254,243.02704604536467,0
1595996588.1258974,498.62731727034026,243.02704604536467,0
1595996588.1359158,500.43062003523283,243.02704604536467,0
1595996588.1459098,502.2295454350131,243.02704604536467,0
1595996588.1559088,504.0293720570224,243.02704604536467,0
1595996588.1659007,505.8279112187045,243.02704604536467,0
1595996588.175897,507.62722285658293,243.02704604536467,0
1595996588.1859045,509.4285944309848,243.02704604536467,0
1595996588.195895,511.2268761006015,243.02704604536467,0
1595996588.2059152,513.0305221882479,243.02704604536467,0
1595996588.2159076,514.8291471806185,243.02704604536467,0
1595996588.225904,516.6285017338412,243.02704604536467,0
1595996588.2359152,518.4305170384066,243.02704604536467,0
1595996588.2459092,520.2294424381869,243.02704604536467,0
1595996588.2559009,522.0279386845248,243.02704604536467,0
1595996588.265906,523.8288811054842,243.02704604536467,0
1595996588.2759137,525.6302526798861,243.02704604536467,0
1595996588.285899,527.4275902119296,243.02704604536467,0
1595996588.2958999,529.2277601566927,243.02704604536467,0
1595996588.3059056,531.0287884083407,243.02704604536467,0
1595996588.315898,532.8274134007113,243.02704604536467,0
1595996588.3259077,534.6291712132113,243.02704604536467,0
1595996588.3359094,536.4294699040072,243.02704604536467,0
1595996588.3459013,538.2280090656893,243.02704604536467,0
1595996588.3558996,540.0277069416659,243.02704604536467,0
1595996588.36591,541.8295935001986,243.02704604536467,0
1595996588.3759036,543.6284330692904,243.02704604536467,0
1595996588.3858943,545.4267576542513,243.02704604536467,0
1595996588.3958945,547.2267988529818,243.02704604536467,0
1595996588.4059148,549.0304449406283,243.02704604536467,0
1595996588.4158988,550.8275678959506,243.02704604536467,0
1595996588.4258945,552.6267937031405,243.02704604536467,0
1595996588.4358945,554.4267919865267,243.02704604536467,0
1595996588.445906,556.2288502064364,243.02704604536467,0
1595996588.455907,558.0290630665438,243.02704604536467,0
1595996588.4659019,559.8281172123568,243.02704604536467,0
1595996588.4758987,561.6275575962679,243.02704604536467,0
1595996588.4858987,563.4275558796542,243.02704604536467,0
1595996588.49591,565.2295711842196,243.02704604536467,0
1595996588.5058947,567.0268228855746,243.02704604536467,0
1595996588.5159063,568.8289240208285,243.02704604536467,0
1595996588.5258975,570.6273344364779,243.02704604536467,0
1595996588.5358984,572.4275043812411,243.02704604536467,0
1595996588.5458968,574.2272022572176,243.02704604536467,0
1595996588.555899,576.027586778702,243.02704604536467,0
1595996588.5659046,577.82861503035,243.02704604536467,0
1595996588.575904,579.6284845677035,243.02704604536467,0
1595996588.5859106,581.4296844807284,243.02704604536467,0
1595996588.5959072,583.2290819492953,243.02704604536467,0
1595996588.605904,585.0285223332064,243.02704604536467,0
1595996588.6159022,586.8281772938387,243.02704604536467,0
1595996588.6258957,588.6270168629305,243.02704604536467,0
1595996588.6359084,590.4292896595614,243.02704604536467,0
1595996588.6459122,592.2299745884554,243.02704604536467,0
1595996588.6559033,594.0283850041048,243.02704604536467,0
1595996588.6659155,595.8305719700472,243.02704604536467,0
1595996588.675899,597.627609094681,243.02704604536467,0
1595996588.685912,599.4299248066561,243.02704604536467,0
1595996588.6959085,601.229322275223,243.02704604536467,0
1595996588.7059014,603.0280330982821,243.02704604536467,0
1595996588.7059014,0,243.02704604536467,0
1595996588.7159154,244.82957633406096,243.02704604536467,0
1595996588.725905,246.6276863423007,243.02704604536467,0
1595996588.7359164,248.42974456221037,243.02704604536467,0
1595996588.7459197,250.23034366041594,243.02704604536467,0
1595996588.7559073,252.02811034590178,243.02704604536467,0
1595996588.7659163,253.82973941236907,243.02704604536467,0
1595996588.7759104,255.62866481214934,243.02704604536467,0
1595996588.7859178,257.42999347120696,243.02704604536467,0
1595996588.7959013,259.22703059584074,243.02704604536467,0
1595996588.8059227,261.0308912602084,243.02704604536467,0
1595996588.815904,262.8274992313998,243.02704604536467,0
1595996588.825906,264.6278837528842,243.02704604536467,0
1595996588.8359115,266.4288690891879,243.02704604536467,0
1595996588.845908,268.22822364241057,243.02704604536467,0
1595996588.8559117,270.0289085713046,243.02704604536467,0
1595996588.865919,271.83023723036223,243.02704604536467,0
1595996588.8759074,273.6281326618808,243.02704604536467,0
1595996588.885922,275.43074878126555,243.02704604536467,0
1595996588.8959022,277.22718509108,243.02704604536467,0
1595996588.905922,279.030745348038,243.02704604536467,0
1595996588.915906,280.8278683033603,243.02704604536467,0
1595996588.9259217,282.63069899946623,243.02704604536467,0
1595996588.935906,284.42786487013274,243.02704604536467,0
1595996588.9459124,286.2290218678134,243.02704604536467,0
1595996588.9559052,288.0277326908725,243.02704604536467,0
1595996588.9659142,289.82936175733977,243.02704604536467,0
1595996588.9759119,291.6289308872836,243.02704604536467,0
1595996588.9859085,293.4283283558505,243.02704604536467,0
1595996588.9959166,295.22978576094084,243.02704604536467,0
1595996589.005915,297.0294836369174,243.02704604536467,0
1595996589.0159106,298.82870944410735,243.02704604536467,0
1595996589.0259013,300.6270340290683,243.02704604536467,0
1595996589.035914,302.42930682569914,243.02704604536467,0
1595996589.0459058,304.2278459873813,243.02704604536467,0
1595996589.0559022,306.0272005406039,243.02704604536467,0
1595996589.0659034,307.82741340071135,243.02704604536467,0
1595996589.0759108,309.62874205976897,243.02704604536467,0
1595996589.0859025,311.42723830610686,243.02704604536467,0
1595996589.095919,313.23019774824553,243.02704604536467,0
1595996589.105906,315.0278786030429,243.02704604536467,0
1595996589.1159058,316.8278339710849,243.02704604536467,0
1595996589.1259012,318.6270168629306,243.02704604536467,0
1595996589.1359162,320.42971881300383,243.02704604536467,0
1595996589.1459217,322.23070414930754,243.02704604536467,0
1595996589.1559124,324.0290287342685,243.02704604536467,0
1595996589.1659217,325.83070071608,243.02704604536467,0
1595996589.1759136,327.62923987776213,243.02704604536467,0
1595996589.1859052,329.4277361241,243.02704604536467,0
1595996589.1959114,331.22885020643645,243.02704604536467,0
1595996589.2059093,333.02846225172453,243.02704604536467,0
1595996589.2159019,334.8271301594394,243.02704604536467,0
1595996589.2259052,336.62772925764494,243.02704604536467,0
1595996589.235902,338.4271696415561,243.02704604536467,0
1595996589.2459033,340.2273825016635,243.02704604536467,0
1595996589.2559044,342.0275953617709,243.02704604536467,0
1595996589.2659216,343.8306835499423,243.02704604536467,0
1595996589.275921,345.63059600264006,243.02704604536467,0
1595996589.285916,347.4296930637973,243.02704604536467,0
1595996589.2959085,349.2283180561679,243.02704604536467,0
1595996589.3059049,351.02767260939055,243.02704604536467,0
1595996589.3159115,352.82887252241545,243.02704604536467,0
1595996589.3259203,354.6304586735385,243.02704604536467,0
1595996589.3359165,356.4297703114169,243.02704604536467,0
1595996589.3459136,358.2292536106723,243.02704604536467,0
1595996589.3557556,360,243.02704604536467,1
1595996589.3561022,360.063197931351,243.02704604536467,0
1595996589.365916,361.82967933088713,243.02704604536467,0
1595996589.3739893,363.2828787174838,243.02704604536467,0
1595996589.3739893,360.98486361524516,240.729030943126,0
1595996589.375912,361.3309329511826,240.729030943126,0
1595996589.3765774,361.45070967695165,240.729030943126,0
1595996589.3765774,360.43521290308547,239.71353416925984,0
1595996589.3859103,362.11513405329305,239.71353416925984,0
1595996589.3959126,363.91556149012166,239.71353416925984,0
1595996589.405922,365.7172334719332,239.71353416925984,0
1595996589.4159107,367.5152147341402,239.71353416925984,0
1595996589.4259195,369.31680088526326,239.71353416925984,0
1595996589.435916,371.1161554384859,239.71353416925984,0
1595996589.445919,372.91671162134725,239.71353416925984,0
1595996589.4559047,374.7141349840792,239.71353416925984,0
1595996589.4659033,376.5138757754,239.71353416925984,0
1595996589.475917,378.31636314875203,239.71353416925984,0
1595996589.485913,380.1156318712862,239.71353416925984,0
1595996589.495906,381.91438560968953,239.71353416925984,0
1595996589.505902,383.7136543322237,239.71353416925984,0
1595996589.5159056,385.5142963457735,239.71353416925984,0
1595996589.5259163,387.31622581965047,239.71353416925984,0
1595996589.535913,389.11562328821736,239.71353416925984,0
1595996589.545915,390.9159648943575,239.71353416925984,0
1595996589.5559144,392.71587734705525,239.71353416925984,0
1595996589.5659015,394.5135582018526,239.71353416925984,0
1595996589.5759208,396.31703262812215,239.71353416925984,0
1595996589.5859144,398.11587219721395,239.71353416925984,0
1595996589.5959191,399.91672878748494,239.71353416925984,0
1595996589.605904,401.71402340418416,239.71353416925984,0
1595996589.6159205,403.51698284632283,239.71353416925984,0
1595996589.6259048,405.31414871698934,239.71353416925984,0
1595996589.6359196,407.11680775171834,239.71353416925984,0
1595996589.64592,408.91689186579305,239.71353416925984,0
1595996589.655905,410.71418648249227,239.71353416925984,0
1595996589.6659145,412.515901379648,239.71353416925984,0
1595996589.6759145,414.31589966303426,239.71353416925984,0
1595996589.6859064,416.1144388247164,239.71353416925984,0
1595996589.695904,417.91400795466024,239.71353416925984,0
1595996589.705905,419.7141778994234,239.71353416925984,0
1595996589.7159114,421.5153348971041,239.71353416925984,0
1595996589.7259035,423.31391697413045,239.71353416925984,0
1595996589.7359066,425.1144731569918,239.71353416925984,0
1595996589.745912,426.9154584932955,239.71353416925984,0
1595996589.7559037,428.7139547396334,239.71353416925984,0
1595996589.765918,430.5165279436739,239.71353416925984,0
1595996589.7759206,432.31699829584676,239.71353416925984,0
1595996589.7859054,434.11424999720174,239.71353416925984,0
1595996589.7959104,435.915149502817,239.71353416925984,0
1595996589.8059094,437.71497612482625,239.71353416925984,0
1595996589.8159163,439.5162189531954,239.71353416925984,0
1595996589.8259187,441.316646390024,239.71353416925984,0
1595996589.8359048,443.1141555834444,239.71353416925984,0
1595996589.845902,444.9136388826998,239.71353416925984,0
1595996589.855907,446.714538388315,239.71353416925984,0
1595996589.8659186,448.5166395235689,239.71353416925984,0
1595996589.8759165,450.316251568857,239.71353416925984,0
1595996589.8859181,452.1165502596529,239.71353416925984,0
1595996589.8959033,453.91388779169637,239.71353416925984,0
1595996589.90592,455.7168901491793,239.71353416925984,0
1595996589.9159138,457.5157726336153,239.71353416925984,0
1595996589.9259198,459.3168438006075,239.71353416925984,0
1595996589.9359014,461.1135376024874,239.71353416925984,0
1595996589.9459095,462.9149950075777,239.71353416925984,0
1595996589.9559145,464.71589451319295,239.71353416925984,0
1595996589.9659016,466.5135753679903,239.71353416925984,0
1595996589.9759026,468.3137453127535,239.71353416925984,0
1595996589.9859154,470.1160610247286,239.71353416925984,0
1595996589.9959216,471.917175107065,239.71353416925984,0
1595996590.0059092,473.71494179255086,239.71353416925984,0
1595996590.0159216,475.5171716738375,239.71353416925984,0
1595996590.0259027,477.3137796450289,239.71353416925984,0
1595996590.035902,479.1136491823824,239.71353416925984,0
1595996590.0459056,480.9142911959322,239.71353416925984,0
1595996590.055915,482.71600609308797,239.71353416925984,0
1595996590.0659192,484.51673393732625,239.71353416925984,0
1595996590.0759091,486.3149297762545,239.71353416925984,0
1595996590.0859094,488.11497097498494,239.71353416925984,0
1595996590.0959015,489.9135530520113,239.71353416925984,0
1595996590.1059146,491.71591167933065,239.71353416925984,0
1595996590.1159115,493.5153520632418,239.71353416925984,0
1595996590.1259184,495.3165948916109,239.71353416925984,0
1595996590.1359115,497.11534863001424,239.71353416925984,0
1595996590.1459117,498.9153898287447,239.71353416925984,0
1595996590.1559117,500.71538811213094,239.71353416925984,0
1595996590.165913,502.5156438875826,239.71353416925984,0
1595996590.1759136,504.3157280016573,239.71353416925984,0
1595996590.185912,506.11542587763387,239.71353416925984,0
1595996590.1959138,507.915767483774,239.71353416925984,0
1595996590.2059093,509.7149503756197,239.71353416925984,0
1595996590.215913,511.51563530451375,239.71353416925984,0
1595996590.225906,513.3143461275729,239.71353416925984,0
1595996590.2359178,515.116490178171,239.71353416925984,0
1595996590.2459135,516.915715985361,239.71353416925984,0
1595996590.2559128,518.7155855227145,239.71353416925984,0
1595996590.2659178,520.5164850283297,239.71353416925984,0
1595996590.275902,522.3136508989962,239.71353416925984,0
1595996590.285905,524.1141641665133,239.71353416925984,0
1595996590.2959163,525.916222386423,239.71353416925984,0
1595996590.305912,527.7154481936129,239.71353416925984,0
1595996590.315917,529.5163476992282,239.71353416925984,0
1595996590.3259175,531.3164318133029,239.71353416925984,0
1595996590.3359168,533.1163013506564,239.71353416925984,0
1595996590.345913,534.9156129885348,239.71353416925984,0
1595996590.3559115,536.7153537798556,239.71353416925984,0
1595996590.3659136,538.51573830134,239.71353416925984,0
1595996590.375918,540.3165090609225,239.71353416925984,0
1595996590.3859138,542.1157777834567,239.71353416925984,0
1595996590.3959062,543.9144027758273,239.71353416925984,0
1595996590.4059134,545.7156885195407,239.71353416925984,0
1595996590.415909,547.5149143267306,239.71353416925984,0
1595996590.425907,549.3145263720187,239.71353416925984,0
1595996590.4359043,551.1140525866183,239.71353416925984,0
1595996590.4459052,552.9142225313815,239.71353416925984,0
1595996590.4559042,554.7140491533908,239.71353416925984,0
1595996590.4659173,556.5164077807101,239.71353416925984,0
1595996590.4759111,558.3152902651461,239.71353416925984,0
1595996590.4859085,560.1148164797457,239.71353416925984,0
1595996590.495916,561.9161451388034,239.71353416925984,0
1595996590.5059063,563.7144268084201,239.71353416925984,0
1595996590.5159166,565.5162704516085,239.71353416925984,0
1595996590.5259075,567.3146379519137,239.71353416925984,0
1595996590.5358996,569.1132200289401,239.71353416925984,0
1595996590.5459127,570.9155786562594,239.71353416925984,0
1595996590.5559165,572.7162635851535,239.71353416925984,0
1595996590.5659125,574.5155323076876,239.71353416925984,0
1595996590.5759048,576.3141573000582,239.71353416925984,0
1595996590.5859137,578.1157434511813,239.71353416925984,0
1595996590.5959191,579.916728787485,239.71353416925984,0
1595996590.605905,581.7141950655612,239.71353416925984,0
1595996590.6159167,583.5162962008151,239.71353416925984,0
1595996590.6259189,585.3166807222995,239.71353416925984,0
1595996590.6359046,587.1141040850314,239.71353416925984,0
1595996590.645914,588.9158189821871,239.71353416925984,0
1595996590.6559088,590.7148731280001,239.71353416925984,0
1595996590.6659138,592.5157726336154,239.71353416925984,0
1595996590.6759105,594.3151701021823,239.71353416925984,0
1595996590.6858997,596.1132371950778,239.71353416925984,0
1595996590.6959004,597.9133642244967,239.71353416925984,0
1595996590.7059195,599.716795735422,239.71353416925984,0
1595996590.7059195,0,239.71353416925984,0
1595996590.7159362,241.51653652674275,239.71353416925984,0
1595996590.7259226,243.3140886355074,239.71353416925984,0
1595996590.7359223,245.1140440035494,239.71353416925984,0
1595996590.7459214,246.91387062555867,239.71353416925984,0
1595996590.7559242,248.71438389307576,239.71353416925984,0
1595996590.7659357,250.51644211298543,239.71353416925984,0
1595996590.775931,252.3155820894869,239.71353416925984,0
1595996590.7859294,254.1153228808077,239.71353416925984,0
1595996590.7959366,255.91660862452107,239.71353416925984,0
1595996590.8059266,257.7148044634493,239.71353416925984,0
1595996590.8159273,259.51493149286824,239.71353416925984,0
1595996590.8259256,261.3146293688448,239.71353416925984,0
1595996590.835925,263.11454182154256,239.71353416925984,0
1595996590.845929,264.9152267504366,239.71353416925984,0
1595996590.855941,266.717413716379,239.71353416925984,0
1595996590.8659241,268.5143650103243,239.71353416925984,0
1595996590.8759322,270.31582241541463,239.71353416925984,0
1595996590.8859346,272.11624985224324,239.71353416925984,0
1595996590.89592,273.91363029963094,239.71353416925984,0
1595996590.9059207,275.7137573290499,239.71353416925984,0
1595996590.915922,277.5139701891573,239.71353416925984,0
1595996590.925928,279.31508427149373,239.71353416925984,0
1595996590.9359267,281.11482506281453,239.71353416925984,0
1595996590.9459388,282.9170120287569,239.71353416925984,0
1595996590.955921,284.7137916613253,239.71353416925984,0
1595996590.9659338,286.5161073733004,239.71353416925984,0
1595996590.9759285,288.31516151911336,239.71353416925984,0
1595996590.9859393,290.1170909929903,239.71353416925984,0
1595996590.9959385,291.91696053034383,239.71353416925984,0
1595996591.0059216,293.71391182428914,239.71353416925984,0
1595996591.0159266,295.5148113299044,239.71353416925984,0
1595996591.0259356,297.31644039637166,239.71353416925984,0
1595996591.0359273,299.11493664270955,239.71353416925984,0
1595996591.0459292,300.9152782488497,239.71353416925984,0
1595996591.0559285,302.7151477862032,239.71353416925984,0
1595996591.0659378,304.5168197680147,239.71353416925984,0
1595996591.0759346,306.31626015192586,239.71353416925984,0
1595996591.0859215,308.113898091379,239.71353416925984,0
1595996591.095931,309.91561298853475,239.71353416925984,0
1595996591.1059294,311.7153108645113,239.71353416925984,0
1595996591.1159241,313.5143650103243,239.71353416925984,0
1595996591.1259372,315.31672363764363,239.71353416925984,0
1595996591.1359212,317.1138465929659,239.71353416925984,0
1595996591.1459193,318.9135015535982,239.71353416925984,0
1595996591.1559258,320.7146585512789,239.71353416925984,0
1595996591.1659286,322.515171818796,239.71353416925984,0
1595996591.1759279,324.3150413561495,239.71353416925984,0
1595996591.185936,326.1164987612398,239.71353416925984,0
1595996591.1959214,327.9138792086275,239.71353416925984,0
1595996591.205921,329.7137916613253,239.71353416925984,0
1595996591.2159398,331.51718025690633,239.71353416925984,0
1595996591.2259352,333.31636314875203,239.71353416925984,0
1595996591.2359264,335.11477356440145,239.71353416925984,0
1595996591.2459233,336.9142139483126,239.71353416925984,0
1595996591.2559397,338.71717339045125,239.71353416925984,0
1595996591.2659373,340.5167425203951,239.71353416925984,0
1595996591.275927,342.3148954439791,239.71353416925984,0
1595996591.2859225,344.1140783358248,239.71353416925984,0
