Timestamp,Phase,Heading,Ping?
1595994501.000077,70.0,70.0,0
1595994501.0000935,70.0020170211792,70.0,0
1595994501.0000935,273.00060510635376,272.99858808517456,0
1595994501.0100896,274.7999167442322,272.99858808517456,0
1595994501.0200913,276.6002154350281,272.99858808517456,0
1595994501.0301151,278.40450525283813,272.99858808517456,0
1595994501.0401063,280.20291566848755,272.99858808517456,0
1595994501.0500922,282.0003819465637,272.99858808517456,0
1595994501.0600889,283.7997794151306,272.99858808517456,0
1595994501.070096,285.601065158844,272.99858808517456,0
1595994501.0800936,287.40063428878784,272.99858808517456,0
1595994501.0900881,289.1996455192566,272.99858808517456,0
1595994501.1001036,291.0024333000183,272.99858808517456,0
1595994501.110096,292.8010582923889,272.99858808517456,0
1595994501.1201124,294.6040177345276,272.99858808517456,0
1595994501.1300883,296.39968156814575,272.99858808517456,0
1595994501.1400828,298.1986927986145,272.99858808517456,0
1595994501.1501117,300.00388383865356,272.99858808517456,0
1595994501.1600838,301.7988610267639,272.99858808517456,0
1595994501.170091,303.6001467704773,272.99858808517456,0
1595994501.1800823,305.39860010147095,272.99858808517456,0
1595994501.1900914,307.20022916793823,272.99858808517456,0
1595994501.200083,308.9987254142761,272.99858808517456,0
1595994501.2101076,310.8031439781189,272.99858808517456,0
1595994501.2200925,312.6004385948181,272.99858808517456,0
1595994501.230085,314.3990635871887,272.99858808517456,0
1595994501.2401083,316.2032675743103,272.99858808517456,0
1595994501.2500837,317.99884557724,272.99858808517456,0
1595994501.2601078,319.8031783103943,272.99858808517456,0
1595994501.2701082,321.603262424469,272.99858808517456,0
1595994501.2800937,323.4006428718567,272.99858808517456,0
1595994501.2901056,325.20278692245483,272.99858808517456,0
1595994501.3001072,327.00308561325073,272.99858808517456,0
1595994501.3101065,328.80295515060425,272.99858808517456,0
1595994501.320083,330.5987048149109,272.99858808517456,0
1595994501.3300867,332.39938974380493,272.99858808517456,0
1595994501.3401105,334.203679561615,272.99858808517456,0
1595994501.3501127,336.00406408309937,272.99858808517456,0
1595994501.3601084,337.8032898902893,272.99858808517456,0
1595994501.370109,339.60341691970825,272.99858808517456,0
1595994501.3800898,341.3999390602112,272.99858808517456,0
1595994501.3901067,343.20298433303833,272.99858808517456,0
1595994501.400092,345.0003218650818,272.99858808517456,0
1595994501.4100854,346.7991614341736,272.99858808517456,0
1595994501.420109,348.6034083366394,272.99858808517456,0
1595994501.4300876,350.3995442390442,272.99858808517456,0
1595994501.4401,352.2017741203308,272.99858808517456,0
1595994501.4501088,354.00336027145386,272.99858808517456,0
1595994501.46009,355.79996824264526,272.99858808517456,0
1595994501.4701335,357.6078200340271,272.99858808517456,0
1595994501.4800916,359.4002652168274,272.99858808517456,0
1595994501.4834447,360,272.99858808517456,1
1595994501.4901083,361.2032675743103,272.99858808517456,0
1595994501.5001013,363.0020213127136,272.99858808517456,0
1595994501.510103,364.8023200035095,272.99858808517456,0
1595994501.5200884,366.5997004508972,272.99858808517456,0
1595994501.5300822,368.39858293533325,272.99858808517456,0
1595994501.5400825,370.1986241340637,272.99858808517456,0
1595994501.5500882,371.99965238571167,272.99858808517456,0
1595994501.5600848,373.79904985427856,272.99858808517456,0
1595994501.5700836,375.5988335609436,272.99858808517456,0
1595994501.5800984,377.4014925956726,272.99858808517456,0
1595994501.59009,379.1999888420105,272.99858808517456,0
1595994501.6001024,381.0022187232971,272.99858808517456,0
1595994501.6100903,382.8000283241272,272.99858808517456,0
1595994501.620102,384.6021294593811,272.99858808517456,0
1595994501.6300855,386.3991665840149,272.99858808517456,0
1595994501.6401103,388.2036280632019,272.99858808517456,0
1595994501.6500864,389.9993348121643,272.99858808517456,0
1595994501.6601055,391.8027663230896,272.99858808517456,0
1595994501.670103,393.60233545303345,272.99858808517456,0
1595994501.6801016,395.40207624435425,272.99858808517456,0
1595994501.6900816,397.19846963882446,272.99858808517456,0
1595994501.7001045,399.00258779525757,272.99858808517456,0
1595994501.710083,400.79872369766235,272.99858808517456,0
1595994501.7200997,402.60172605514526,272.99858808517456,0
1595994501.7301095,404.40348386764526,272.99858808517456,0
1595994501.740085,406.19906187057495,272.99858808517456,0
1595994501.7402093,406.22146368026733,272.99858808517456,0
1595994501.7402093,625.8664391040802,492.6435635089874,0
1595994501.7501025,627.6472113132477,492.6435635089874,0
1595994501.7601016,629.447037935257,492.6435635089874,0
1595994501.7603366,629.4893524646759,492.6435635089874,0
1595994501.7603366,692.8468057394027,556.0010167837142,0
1595994501.7701018,694.6045324087142,556.0010167837142,0
1595994501.7801032,696.4047881841659,556.0010167837142,0
1595994501.7901022,698.2046148061752,556.0010167837142,0
1595994501.8000855,700.0016090154647,556.0010167837142,0
1595994501.810098,701.8038388967514,556.0010167837142,0
1595994501.8200865,703.6017772436142,556.0010167837142,0
1595994501.830084,705.401346373558,556.0010167837142,0
1595994501.840087,707.2018596410751,556.0010167837142,0
1595994501.850083,709.0011712789535,556.0010167837142,0
1595994501.8600953,710.8033582448959,556.0010167837142,0
1595994501.870096,712.6034852743148,556.0010167837142,0
1595994501.880098,714.4038697957992,556.0010167837142,0
1595994501.890094,716.2031385183334,556.0010167837142,0
1595994501.9001005,718.004295516014,556.0010167837142,0
1595994501.9100957,719.8034354925155,556.0010167837142,0
1595994501.9200919,721.6027471303939,556.0010167837142,0
1595994501.9301019,723.4045478582382,556.0010167837142,0
1595994501.9401007,725.2043315649032,556.0010167837142,0
1595994501.950111,727.0061752080917,556.0010167837142,0
1595994501.9600902,728.8024398565292,556.0010167837142,0
1595994501.970094,730.6031247854232,556.0010167837142,0
1595994501.9801004,732.4042817831039,556.0010167837142,0
1595994501.9901168,734.2072412252426,556.0010167837142,0
1595994502.0000858,736.0016605138778,556.0010167837142,0
1595994502.0100827,737.801100897789,556.0010167837142,0
1595994502.0201006,739.6043178319931,556.0010167837142,0
1595994502.030096,741.4035007238388,556.0010167837142,0
1595994502.0401022,743.2046148061752,556.0010167837142,0
1595994502.0500894,745.0022956609725,556.0010167837142,0
1595994502.060098,746.8038388967514,556.0010167837142,0
1595994502.0701098,748.6059829473495,556.0010167837142,0
1595994502.0801015,750.4044791936874,556.0010167837142,0
1595994502.090092,752.2027608633041,556.0010167837142,0
1595994502.1000812,754.0008279561996,556.0010167837142,0
1595994502.1101038,755.8049031972885,556.0010167837142,0
1595994502.120089,757.6022407293319,556.0010167837142,0
1595994502.1300945,759.4032260656356,556.0010167837142,0
1595994502.1400843,761.2013789892196,556.0010167837142,0
1595994502.1501074,763.005540060997,556.0010167837142,0
1595994502.1600943,764.8031780004501,556.0010167837142,0
1595994502.1700904,766.6024896383285,556.0010167837142,0
1595994502.1800852,768.4015437841415,556.0010167837142,0
1595994502.190103,770.2047607183456,556.0010167837142,0
1595994502.2001033,772.0048019170761,556.0010167837142,0
1595994502.2100976,773.8037702322006,556.0010167837142,0
1595994502.2200856,775.6016227483749,556.0010167837142,0
1595994502.2301095,777.405912566185,556.0010167837142,0
1595994502.240087,779.2018768072128,556.0010167837142,0
1595994502.2500825,781.0010596990585,556.0010167837142,0
1595994502.2601035,782.8048345327377,556.0010167837142,0
1595994502.2701113,784.6062490224838,556.0010167837142,0
1595994502.2801013,786.404444861412,556.0010167837142,0
1595994502.2901034,788.2048293828964,556.0010167837142,0
1595994502.3000965,790.0035831212997,556.0010167837142,0
1595994502.3100822,791.8010064840316,556.0010167837142,0
1595994502.3200963,793.6035367727279,556.0010167837142,0
1595994502.3300817,795.4009172201156,556.0010167837142,0
1595994502.3400917,797.2027179479599,556.0010167837142,0
1595994502.3501077,799.00559155941,556.0010167837142,0
1595994502.3600914,800.8026715993881,556.0010167837142,0
1595994502.3700986,802.6039573431015,556.0010167837142,0
1595994502.380091,804.4025823354721,556.0010167837142,0
1595994502.3900905,806.2024947881698,556.0010167837142,0
1595994502.4001026,808.0046817541122,556.0010167837142,0
1595994502.4100995,809.8041221380233,556.0010167837142,0
1595994502.4200892,811.6022750616073,556.0010167837142,0
1595994502.4301012,813.4044191122055,556.0010167837142,0
1595994502.4400961,815.2035161733627,556.0010167837142,0
1595994502.450093,817.0029565572738,556.0010167837142,0
1595994502.4600933,818.8029977560043,556.0010167837142,0
1595994502.4701085,820.6057426214218,556.0010167837142,0
1595994502.4800847,822.4014493703842,556.0010167837142,0
1595994502.490082,824.2009755849838,556.0010167837142,0
1595994502.500089,826.0022184133529,556.0010167837142,0
1595994502.5100963,827.8035470724105,556.0010167837142,0
1595994502.5200815,829.600884604454,556.0010167837142,0
1595994502.5300956,831.4034148931503,556.0010167837142,0
1595994502.540095,833.203327345848,556.0010167837142,0
1595994502.5501025,835.0046560049057,556.0010167837142,0
1595994502.560085,836.8015214681625,556.0010167837142,0
1595994502.5700812,838.6008331060409,556.0010167837142,0
1595994502.580093,840.4029342412948,556.0010167837142,0
1595994502.5900912,842.2026321172714,556.0010167837142,0
1595994502.6000848,844.0014716863632,556.0010167837142,0
1595994502.6100821,845.8009979009628,556.0010167837142,0
1595994502.620091,847.6025840520858,556.0010167837142,0
1595994502.6301033,849.4048139333725,556.0010167837142,0
1595994502.6400878,851.2020227193832,556.0010167837142,0
1595994502.650095,853.0033084630966,556.0010167837142,0
1595994502.6600845,854.8014184713363,556.0010167837142,0
1595994502.6701035,856.6048499822616,556.0010167837142,0
1595994502.680099,858.4040328741073,556.0010167837142,0
1595994502.6901007,860.2043315649032,556.0010167837142,0
1595994502.700087,862.0018836736679,556.0010167837142,0
1595994502.7101007,863.8043281316757,556.0010167837142,0
1595994502.7200947,865.603253531456,556.0010167837142,0
1595994502.73009,867.4023935079574,556.0010167837142,0
1595994502.7400942,869.2031642675399,556.0010167837142,0
1595994502.750097,871.003677535057,556.0010167837142,0
1595994502.7600865,872.8017875432968,556.0010167837142,0
1595994502.77009,874.6024295568466,556.0010167837142,0
1595994502.7800982,876.4038869619369,556.0010167837142,0
1595994502.7901073,878.2055160284042,556.0010167837142,0
1595994502.8000822,880.0010082006454,556.0010167837142,0
1595994502.8101013,881.8044397115707,556.0010167837142,0
1595994502.820081,883.6007901906967,556.0010167837142,0
1595994502.8300948,885.4032775640487,556.0010167837142,0
1595994502.8400981,887.2038766622543,556.0010167837142,0
1595994502.8500955,889.0034028768539,556.0010167837142,0
1595994502.860099,890.8040448904037,556.0010167837142,0
1595994502.8701031,892.604772734642,556.0010167837142,0
1595994502.880098,894.4038697957992,556.0010167837142,0
1595994502.890081,896.2007781744003,556.0010167837142,0
1595994502.900081,898.0007764577865,556.0010167837142,0
1595994502.9100919,899.8027488470077,556.0010167837142,0
1595994502.9200928,901.6029187917709,556.0010167837142,0
1595994502.9300985,903.4039470434188,556.0010167837142,0
1595994502.9400816,905.2008983373642,556.0010167837142,0
1595994502.9501035,907.0048448324203,556.0010167837142,0
1595994502.9600837,908.8012811422348,556.0010167837142,0
1595994502.9700856,910.6016227483749,556.0010167837142,0
1595994502.9800942,912.4031659841537,556.0010167837142,0
1595994502.990093,914.2029496908187,556.0010167837142,0
1595994503.000096,916.0035058736801,556.0010167837142,0
1595994503.000096,0,556.0010167837142,0
1595994503.0101042,197.80247418880458,196.00101678371425,0
1595994503.0201159,199.6045753240585,196.00101678371425,0
1595994503.0301163,201.4046594381332,196.00101678371425,0
1595994503.0401163,203.20465772151942,196.00101678371425,0
1595994503.0501032,205.00229566097255,196.00101678371425,0
1595994503.0601122,206.80392472743983,196.00101678371425,0
1595994503.0701108,208.60366551876064,196.00101678371425,0
1595994503.0801077,210.40310590267177,196.00101678371425,0
1595994503.0901084,212.2032329320907,196.00101678371425,0
1595994503.1001043,214.0025016546249,196.00101678371425,0
1595994503.1100993,215.80159871578212,196.00101678371425,0
1595994503.120101,217.60189740657802,196.00101678371425,0
1595994503.1301043,219.40249650478358,196.00101678371425,0
1595994503.1401103,221.20356767177577,196.00101678371425,0
1595994503.1500998,223.00167768001552,196.00101678371425,0
1595994503.1600964,224.8010751485824,196.00101678371425,0
1595994503.1701164,226.60467832088466,196.00101678371425,0
1595994503.1800995,228.40162961482997,196.00101678371425,0
1595994503.1901047,230.20257203578944,196.00101678371425,0
1595994503.2001,232.0017120122909,196.00101678371425,0
1595994503.2101045,233.80252568721767,196.00101678371425,0
1595994503.2201135,235.60415475368495,196.00101678371425,0
1595994503.230098,237.4013635396957,196.00101678371425,0
1595994503.2400975,239.20127599239345,196.00101678371425,0
1595994503.2501082,241.0032054662704,196.00101678371425,0
1595994503.2601051,242.80264585018153,196.00101678371425,0
1595994503.2701063,244.60285871028896,196.00101678371425,0
1595994503.280103,246.40225617885585,196.00101678371425,0
1595994503.2900996,248.20165364742275,196.00101678371425,0
1595994503.3001158,250.00457017421718,196.00101678371425,0
1595994503.310107,251.8029805898666,196.00101678371425,0
1595994503.320116,253.60460965633388,196.00101678371425,0
1595994503.3301132,255.40409295558925,196.00101678371425,0
1595994503.340111,257.20370500087733,196.00101678371425,0
1595994503.3500981,259.0013858556747,196.00101678371425,0
1595994503.3601036,260.8023711919784,196.00101678371425,0
1595994503.3701122,262.6039144277572,196.00101678371425,0
1595994503.3800979,264.40133779048915,196.00101678371425,0
1595994503.3901029,266.2022372961044,196.00101678371425,0
1595994503.400096,268.0009910345077,196.00101678371425,0
1595994503.4101014,269.8019763708114,196.00101678371425,0
1595994503.4201047,271.602575469017,196.00101678371425,0
1595994503.430107,273.4030029058456,196.00101678371425,0
1595994503.440102,275.2020999670028,196.00101678371425,0
1595994503.4501035,277.0023557424545,196.00101678371425,0
1595994503.460099,278.8015386343002,196.00101678371425,0
1595994503.4701114,280.6037685155868,196.00101678371425,0
1595994503.480109,282.40333764553066,196.00101678371425,0
1595994503.490113,284.20406548976894,196.00101678371425,0
1595994503.5001047,286.0025617361068,196.00101678371425,0
1595994503.5101156,287.804534125328,196.00101678371425,0
1595994503.5201066,289.6029016256332,196.00101678371425,0
1595994503.5301049,291.40259950160976,196.00101678371425,0
1595994503.540117,293.20478646755214,196.00101678371425,0
1595994503.5501063,295.00285356044765,196.00101678371425,0
1595994503.5601082,296.8031951665878,196.00101678371425,0
1595994503.5701022,298.60212056636806,196.00101678371425,0
1595994503.580104,300.4024621725082,196.00101678371425,0
1595994503.5901082,302.2031900167465,196.00101678371425,0
1595994503.6000981,304.0013858556747,196.00101678371425,0
1595994503.6100993,305.8015987157821,196.00101678371425,0
1595994503.6201148,307.60438649654384,196.00101678371425,0
1595994503.630109,309.40335481166835,196.00101678371425,0
1595994503.6400976,311.20129315853114,196.00101678371425,0
1595994503.6501155,313.00451009273525,196.00101678371425,0
1595994503.660107,314.8029634237289,196.00101678371425,0
1595994503.6701083,316.60321919918056,196.00101678371425,0
1595994503.6800954,318.4009000539779,196.00101678371425,0
1595994503.6901135,320.20415990352626,196.00101678371425,0
1595994503.7001164,322.00467317104335,196.00101678371425,0
1595994503.7100983,323.8014098882675,196.00101678371425,0
1595994503.7201004,325.60179440975185,196.00101678371425,0
1595994503.7301154,327.4044963598251,196.00101678371425,0
1595994503.7400968,329.20114724636073,196.00101678371425,0
1595994503.750115,331.0044070959091,196.00101678371425,0
1595994503.759193,332.63845174312587,196.00101678371425,0
1595994503.759193,351.79153552293775,215.15410056352613,0
1595994503.7601004,351.95487132310865,215.15410056352613,0
1595994503.7701156,353.75761618852613,215.15410056352613,0
1595994503.7801127,355.5570994877815,215.15410056352613,0
1595994503.7900956,357.3540078663826,215.15410056352613,0
1595994503.8001003,359.15486445665357,215.15410056352613,0
1595994503.8047967,360,215.15410056352613,1
1595994503.8101163,360.95773806810377,215.15410056352613,0
1595994503.8201113,362.756835129261,215.15410056352613,0
1595994503.8301067,364.5560180211067,215.15410056352613,0
1595994503.8401108,366.356745865345,215.15410056352613,0
1595994503.8500996,368.154727127552,215.15410056352613,0
1595994503.8568466,369.36918845415113,215.15410056352613,0
1595994503.8568466,614.8107565362453,460.5956686456203,0
1595994503.860115,615.3990829904079,460.5956686456203,0
1595994503.8701158,617.1992100198269,460.5956686456203,0
1595994503.8801143,618.9989508111477,460.5956686456203,0
1595994503.8901093,620.7980478723049,460.5956686456203,0
1595994503.900099,622.5962007958889,460.5956686456203,0
1595994503.9101145,624.3989885766506,460.5956686456203,0
1595994503.9201093,626.1980427224636,460.5956686456203,0
1595994503.9300969,627.9958094079494,460.5956686456203,0
1595994503.9401152,629.799112172842,460.5956686456203,0
1595994503.9501154,631.5991533715725,460.5956686456203,0
1595994503.9601076,633.3977354485988,460.5956686456203,0
1595994503.97011,635.1981628854275,460.5956686456203,0
1595994503.9801154,636.9991482217312,460.5956686456203,0
1595994503.9900966,638.7957561929226,460.5956686456203,0
1595994504.0001006,640.5964840371608,460.5956686456203,0
1595994504.0100975,642.395924421072,460.5956686456203,0
1595994504.0201058,644.1974247415066,460.5956686456203,0
1595994504.030097,645.995835157156,460.5956686456203,0
1595994504.0401034,647.7969921548366,460.5956686456203,0
1595994504.050097,649.5958317239284,460.5956686456203,0
1595994504.060101,651.3965595681667,460.5956686456203,0
1595994504.0701096,653.1981028039455,460.5956686456203,0
1595994504.0800993,654.9962557275295,460.5956686456203,0
1595994504.0900972,656.7958677728176,460.5956686456203,0
1595994504.1000962,658.5956943948269,460.5956686456203,0
1595994504.1101139,660.3988684136867,460.5956686456203,0
1595994504.1200964,662.1957338769436,460.5956686456203,0
1595994504.1301043,663.9971483666897,460.5956686456203,0
1595994504.1401103,665.7982195336818,460.5956686456203,0
1595994504.1501,667.5963724572658,460.5956686456203,0
1595994504.1601005,669.3964565713405,460.5956686456203,0
1595994504.1701055,671.1973560769558,460.5956686456203,0
1595994504.1800995,672.996281476736,460.5956686456203,0
1595994504.1901014,674.7966230828762,460.5956686456203,0
1595994504.2001045,676.5971792657375,460.5956686456203,0
1595994504.210104,678.3970917184353,460.5956686456203,0
1595994504.2201104,680.1982487161159,460.5956686456203,0
1595994504.2301126,681.9986332376003,460.5956686456203,0
1595994504.240099,683.796185346365,460.5956686456203,0
1595994504.2501166,685.5993593652248,460.5956686456203,0
1595994504.2600958,687.3956240136623,460.5956686456203,0
1595994504.2701037,689.1970385034084,460.5956686456203,0
1595994504.2801108,690.9983242471218,460.5956686456203,0
1595994504.2901127,692.7986658532619,460.5956686456203,0
1595994504.3001068,694.5975912530422,460.5956686456203,0
1595994504.310096,696.3956583459377,460.5956686456203,0
1595994504.3201091,698.198016973257,460.5956686456203,0
1595994504.3301117,699.9984873254299,460.5956686456203,0
1595994504.3401103,701.7982281167507,460.5956686456203,0
1595994504.3501,703.5963810403347,460.5956686456203,0
1595994504.3601072,705.397666784048,460.5956686456203,0
1595994504.3701003,707.1964205224514,460.5956686456203,0
1595994504.3801107,708.9983070809841,460.5956686456203,0
1595994504.3901007,710.7965029199123,460.5956686456203,0
1595994504.4001017,712.5966728646755,460.5956686456203,0
1595994504.4100976,714.3959415872097,460.5956686456203,0
1595994504.4200969,716.1958111245632,460.5956686456203,0
1595994504.4301143,717.9989422280788,460.5956686456203,0
1595994504.4400983,719.7960651834011,460.5956686456203,0
1595994504.450099,721.59619221282,460.5956686456203,0
1595994504.4601038,723.397048803091,460.5956686456203,0
1595994504.470116,725.1992357690334,460.5956686456203,0
1595994504.4801142,726.99893364501,460.5956686456203,0
1595994504.490102,728.79674324584,460.5956686456203,0
1595994504.5001006,730.5964840371608,460.5956686456203,0
1595994504.5101087,732.3979414422512,460.5956686456203,0
1595994504.5201142,734.1989267785549,460.5956686456203,0
1595994504.5301154,735.9991396386623,460.5956686456203,0
1595994504.5401165,737.7993524987697,460.5956686456203,0
1595994504.5501027,739.5968616921901,460.5956686456203,0
1595994504.5601113,741.398404927969,460.5956686456203,0
1595994504.5701127,743.1986607034206,460.5956686456203,0
1595994504.580104,744.9971140344143,460.5956686456203,0
1595994504.5901146,746.799000592947,460.5956686456203,0
1595994504.6001132,748.5987413842678,460.5956686456203,0
1595994504.6101136,750.3988254983425,460.5956686456203,0
1595994504.6201158,752.1992100198269,460.5956686456203,0
1595994504.6301086,753.997920842886,460.5956686456203,0
1595994504.640103,755.7969320733547,460.5956686456203,0
1595994504.6500945,757.5953854043483,460.5956686456203,0
1595994504.6601155,759.3991602380275,460.5956686456203,0
1595994504.6701071,761.1976564843654,460.5956686456203,0
1595994504.6800966,762.9957664926052,460.5956686456203,0
1595994504.6901042,764.797138067007,460.5956686456203,0
1595994504.7001042,766.5971363503933,460.5956686456203,0
1595994504.7101088,768.39795002532,460.5956686456203,0
1595994504.7201102,770.1982058007717,460.5956686456203,0
1595994504.7301145,771.9989765603542,460.5956686456203,0
1595994504.7401135,773.7988031823635,460.5956686456203,0
1595994504.7500997,775.5963123757839,460.5956686456203,0
1595994504.7601013,777.3966110665798,460.5956686456203,0
1595994504.7700996,779.1963089425564,460.5956686456203,0
1595994504.780104,780.9970797021389,460.5956686456203,0
1595994504.7901008,782.79652008605,460.5956686456203,0
1595994504.8001006,784.596475454092,460.5956686456203,0
1595994504.810112,786.3985336740017,460.5956686456203,0
1595994504.8201122,788.1985748727321,460.5956686456203,0
1595994504.830101,789.9965561349392,460.5956686456203,0
1595994504.8401031,791.7969406564235,460.5956686456203,0
1595994504.8501048,793.5972393472194,460.5956686456203,0
1595994504.8601139,795.3988684136867,460.5956686456203,0
1595994504.8701148,797.1990383584499,460.5956686456203,0
1595994504.880099,798.9962042291164,460.5956686456203,0
1595994504.8900998,800.7963312585354,460.5956686456203,0
1595994504.900095,802.5954712350368,460.5956686456203,0
1595994504.9101112,804.3983877618313,460.5956686456203,0
1595994504.9201152,806.1991156060695,460.5956686456203,0
1595994504.9301045,807.997182698965,460.5956686456203,0
1595994504.940108,809.7978247125149,460.5956686456203,0
1595994504.9501007,811.5964926202297,460.5956686456203,0
1595994504.9600966,813.3957613427639,460.5956686456203,0
1595994504.970102,815.1967466790676,460.5956686456203,0
1595994504.9801095,816.9980753381252,460.5956686456203,0
1595994504.9901063,818.7975157220363,460.5956686456203,0
1595994505.0001009,820.5965269525051,460.5956686456203,0
1595994505.0001009,0,460.5956686456203,0
1595994505.0101218,102.39944347929952,100.59566864562032,0
1595994505.0201027,104.19600853514669,100.59566864562032,0
1595994505.0301187,105.99888214659688,100.59566864562032,0
1595994505.0401063,107.79664883208272,100.59566864562032,0
1595994505.0501213,109.59935078215597,100.59566864562032,0
1595994505.06012,111.399134488821,100.59566864562032,0
1595994505.070109,113.19711575102804,100.59566864562032,0
1595994505.080112,114.99767193388936,100.59566864562032,0
1595994505.0901008,116.7956531960964,100.59566864562032,0
1595994505.1001017,118.59582314085958,100.59566864562032,0
1595994505.1101182,120.39878258299825,100.59566864562032,0
1595994505.1201103,122.19736466002462,100.59566864562032,0
1595994505.1301122,123.99770626616476,100.59566864562032,0
1595994505.1401157,125.79834827971456,100.59566864562032,0
1595994505.150119,127.59894737792013,100.59566864562032,0
1595994505.160122,129.39946064543722,100.59566864562032,0
1595994505.170104,131.19624027800558,100.59566864562032,0
1595994505.180121,132.99928555083272,100.59566864562032,0
1595994505.1901157,134.7983396966457,100.59566864562032,0
1595994505.2001064,136.59666428160665,100.59566864562032,0
1595994505.210109,138.3971346337795,100.59566864562032,0
1595994505.2201135,140.19794830870626,100.59566864562032,0
1595994505.2301013,141.99575790953634,100.59566864562032,0
1595994505.2401114,143.79755863738058,100.59566864562032,0
1595994505.2501063,145.5966556985378,100.59566864562032,0
1595994505.2601144,147.39811310362813,100.59566864562032,0
1595994505.2701163,149.19845470976827,100.59566864562032,0
1595994505.2801147,150.99815258574483,100.59566864562032,0
1595994505.2901196,152.79905209136007,100.59566864562032,0
1595994505.3001215,154.5993936975002,100.59566864562032,0
1595994505.310116,156.39840492796895,100.59566864562032,0
1595994505.3201027,158.19599995207784,100.59566864562032,0
1595994505.3301046,159.99634155821798,100.59566864562032,0
1595994505.3401198,161.79908642363546,100.59566864562032,0
1595994505.3501146,163.59814056944845,100.59566864562032,0
1595994505.3601036,165.39616474699972,100.59566864562032,0
1595994505.370112,167.1976650674343,100.59566864562032,0
1595994505.3801188,168.99890789580343,100.59566864562032,0
1595994505.390102,170.79585918974874,100.59566864562032,0
1595994505.4001088,172.59710201811788,100.59566864562032,0
1595994505.4101188,174.39890274596212,100.59566864562032,0
1595994505.4201045,176.19632610869405,100.59566864562032,0
1595994505.4301057,177.99653896880147,100.59566864562032,0
1595994505.440107,179.79679474425313,100.59566864562032,0
1595994505.450117,181.59859547209737,100.59566864562032,0
1595994505.460119,183.3989370782375,100.59566864562032,0
1595994505.4701166,185.19850620818136,100.59566864562032,0
1595994505.4801214,186.99936279845235,100.59566864562032,0
1595994505.4901068,188.79674324584005,100.59566864562032,0
1595994505.500119,190.59893021178243,100.59566864562032,0
1595994505.510101,192.3957098443508,100.59566864562032,0
1595994505.5201006,194.19562229704854,100.59566864562032,0
1595994505.530114,195.99802383971212,100.59566864562032,0
1595994505.5401049,197.7963913400173,100.59566864562032,0
1595994505.5501177,199.5987070519924,100.59566864562032,0
1595994505.5601141,201.39806160521505,100.59566864562032,0
1595994505.5701106,203.1974161584377,100.59566864562032,0
1595994505.5801065,204.99668488097188,100.59566864562032,0
1595994505.59012,206.7991293389797,100.59566864562032,0
1595994505.6001039,208.59620937895772,100.59566864562032,0
1595994505.610116,210.3983963449001,100.59566864562032,0
1595994505.6201062,212.19663509917257,100.59566864562032,0
1595994505.630115,213.99822125029561,100.59566864562032,0
1595994505.6401043,215.79628834319112,100.59566864562032,0
1595994505.6501112,217.59753117156026,100.59566864562032,0
1595994505.6601174,219.3986452538967,100.59566864562032,0
1595994505.6701005,221.195596547842,100.59566864562032,0
1595994505.6801205,222.99919972014425,100.59566864562032,0
1595994505.6901076,224.7968805749416,100.59566864562032,0
1595994505.7001207,226.59923920226095,100.59566864562032,0
1595994505.7101018,228.39584717345235,100.59566864562032,0
1595994505.720111,230.19747623991964,100.59566864562032,0
1595994505.730101,231.9957149941921,100.59566864562032,0
1595994505.7401102,233.79734406065938,100.59566864562032,0
1595994505.7501166,235.59850105834005,100.59566864562032,0
1595994505.7601004,237.39558109831808,100.59566864562032,0
1595994505.770101,239.19570812773702,100.59566864562032,0
1595994505.7801137,240.99798092436788,100.59566864562032,0
1595994505.79012,242.7990950067043,100.59566864562032,0
1595994505.800104,244.59621796202657,100.59566864562032,0
1595994505.8101096,246.39724621367452,100.59566864562032,0
1595994505.8201194,248.19900402617452,100.59566864562032,0
1595994505.830113,249.99784359526632,100.59566864562032,0
1595994505.8401103,251.79736980986593,100.59566864562032,0
1595994505.850117,253.59856972289083,100.59566864562032,0
1595994505.856967,254.8315704782009,100.59566864562032,0
1595994505.856967,328.44947114346024,174.21356931087968,0
1595994505.8601213,329.0172411477327,174.21356931087968,0
1595994505.8701074,330.8147503411531,174.21356931087968,0
1595994505.8801012,332.61363282558915,174.21356931087968,0
1595994505.8901095,334.4151331460237,174.21356931087968,0
1595994505.9001098,336.2151743447542,174.21356931087968,0
1595994505.9101205,338.01710381863114,174.21356931087968,0
1595994505.9133093,338.59109654781815,174.21356931087968,0
1595994505.9133093,353.57732896434544,189.19980172740696,0
1595994505.920101,354.7998154603171,189.19980172740696,0
1595994505.9301195,356.60316114055394,189.19980172740696,0
1595994505.940113,358.40200070964573,189.19980172740696,0
1595994505.9490058,360,189.19980172740696,1
1595994505.9501097,360.2013981782126,189.19980172740696,0
1595994505.960106,362.00070981609105,189.19980172740696,0
1595994505.9701085,363.8011801682639,189.19980172740696,0
1595994505.9801073,365.60096387492894,189.19980172740696,0
1595994505.990117,367.40272168742894,189.19980172740696,0
1595994506.00012,369.203234954946,189.19980172740696,0
1595994506.0101001,370.9996712647605,189.19980172740696,0
1595994506.0200999,372.7996266328025,189.19980172740696,0
1595994506.0301049,374.6005261384177,189.19980172740696,0
1595994506.0401099,376.40142564403294,189.19980172740696,0
1595994506.0501018,378.19996480571507,189.19980172740696,0
1595994506.0601041,380.0003922425437,189.19980172740696,0
1595994506.070114,381.8021500550437,189.19980172740696,0
1595994506.080105,383.6005604706931,189.19980172740696,0
1595994506.0901055,385.4006445847678,189.19980172740696,0
1595994506.1001067,387.2008574448752,189.19980172740696,0
1595994506.110119,389.00308732616185,189.19980172740696,0
1595994506.1201098,390.8014119111228,189.19980172740696,0
1595994506.13012,392.60325555431126,189.19980172740696,0
1595994506.1401043,394.40042142497776,189.19980172740696,0
1595994506.1501122,396.20183591472386,189.19980172740696,0
1595994506.1601062,398.00076131450413,189.19980172740696,0
1595994506.1701014,399.7999012910056,189.19980172740696,0
1595994506.1801026,401.600114151113,189.19980172740696,0
1595994506.190109,403.4012711487937,189.19980172740696,0
1595994506.2001042,405.20041112529515,189.19980172740696,0
1595994506.2101216,407.0035422288108,189.19980172740696,0
1595994506.2201061,408.8007510148215,189.19980172740696,0
1595994506.2301207,410.6033671342063,189.19980172740696,0
1595994506.2401068,412.4008763276267,189.19980172740696,0
1595994506.2501116,414.2017329178977,189.19980172740696,0
1595994506.2601137,416.00211743938206,189.19980172740696,0
1595994506.2701025,417.8000987015891,189.19980172740696,0
1595994506.2801065,419.6008265458274,189.19980172740696,0
1595994506.2901063,421.40078191386937,189.19980172740696,0
1595994506.300118,423.2028830491233,189.19980172740696,0
1595994506.3101025,425.000091835134,189.19980172740696,0
1595994506.320102,426.80000428783177,189.19980172740696,0
1595994506.330116,428.60253457652806,189.19980172740696,0
1595994506.340104,430.4003870927024,189.19980172740696,0
1595994506.350114,432.2021878205466,189.19980172740696,0
1595994506.360103,434.00016908275364,189.19980172740696,0
1595994506.3701074,435.8009827576804,189.19980172740696,0
1595994506.3801012,437.59986524211644,189.19980172740696,0
1595994506.3901134,439.4020522080588,189.19980172740696,0
1595994506.4001086,441.2011921845603,189.19980172740696,0
1595994506.410121,443.0034220658469,189.19980172740696,0
1595994506.4201121,444.8018324814963,189.19980172740696,0
1595994506.4301028,446.60015706645726,189.19980172740696,0
1595994506.4401095,448.40135697948216,189.19980172740696,0
1595994506.450115,450.20234231578587,189.19980172740696,0
1595994506.4601145,452.0022547684836,189.19980172740696,0
1595994506.4701092,453.8013089142966,189.19980172740696,0
1595994506.4801116,455.6017363511252,189.19980172740696,0
1595994506.4901161,457.402550026052,189.19980172740696,0
1595994506.500114,459.20216207134007,189.19980172740696,0
1595994506.5101073,461.0009587250876,189.19980172740696,0
1595994506.5201063,462.8007853470969,189.19980172740696,0
1595994506.5301144,464.60224275218724,189.19980172740696,0
1595994506.540108,466.40108232127903,189.19980172740696,0
1595994506.5501015,468.19992189037083,189.19980172740696,0
1595994506.560114,470.00215177165745,189.19980172740696,0
1595994506.5701215,471.8035233460593,189.19980172740696,0
1595994506.5801036,473.60030297862767,189.19980172740696,0
1595994506.5901048,475.4005158387351,189.19980172740696,0
1595994506.6001108,477.2015870057273,189.19980172740696,0
1595994506.6101155,479.0024435959983,189.19980172740696,0
1595994506.6201022,480.80003862010716,189.19980172740696,0
1595994506.630103,482.60020856487034,189.19980172740696,0
1595994506.6401038,484.4003355942893,189.19980172740696,0
1595994506.6501162,486.2025654755759,189.19980172740696,0
1595994506.6601162,488.00256375896214,189.19980172740696,0
1595994506.670105,489.80054502116917,189.19980172740696,0
1595994506.680111,491.60161618816136,189.19980172740696,0
1595994506.6901193,493.40311650859593,189.19980172740696,0
1595994506.7001052,495.2005827866721,189.19980172740696,0
1595994506.7100992,496.9995081864524,189.19980172740696,0
1595994506.720113,498.8019955598044,189.19980172740696,0
1595994506.7301075,500.6010067902732,189.19980172740696,0
1595994506.7401042,502.40040425884007,189.19980172740696,0
1595994506.7501025,504.20010213481663,189.19980172740696,0
1595994506.7601137,506.00211743938206,189.19980172740696,0
1595994506.770115,507.8023302994895,189.19980172740696,0
1595994506.780101,509.5998394929099,189.19980172740696,0
1595994506.790117,511.4027131043601,189.19980172740696,0
1595994506.800104,513.2003510438133,189.19980172740696,0
1595994506.8101113,515.0016797028709,189.19980172740696,0
1595994506.8201,516.7996609650779,189.19980172740696,0
1595994506.830099,518.5994875870872,189.19980172740696,0
1595994506.84011,520.4014599763084,189.19980172740696,0
1595994506.8501048,522.2005141221214,189.19980172740696,0
1595994506.8601158,524.0024865113426,189.19980172740696,0
1595994506.8701134,525.8020556412864,189.19980172740696,0
1595994506.8801,527.5996506653953,189.19980172740696,0
1595994506.8901012,529.3998635255027,189.19980172740696,0
1595994506.9001114,531.2017071686912,189.19980172740696,0
1595994506.9101138,533.0021346055198,189.19980172740696,0
1595994506.920112,534.8017895661521,189.19980172740696,0
1595994506.9301112,536.6016591035057,189.19980172740696,0
1595994506.940117,538.4026873551536,189.19980172740696,0
1595994506.9501133,540.2020419083763,189.19980172740696,0
1595994506.9601176,542.0028126679588,189.19980172740696,0
1595994506.970111,543.8016093217063,189.19980172740696,0
1595994506.9801185,545.6029808961082,189.19980172740696,0
1595994506.9901161,547.402550026052,189.19980172740696,0
1595994507.0001123,549.2018616639305,189.19980172740696,0
1595994507.0001123,0,189.19980172740696,0
1595994507.0101185,191.0009158097434,189.19980172740696,0
1595994507.0201266,192.80237321483372,189.19980172740696,0
1595994507.0301275,194.6025431595969,189.19980172740696,0
1595994507.040127,196.40245561229466,189.19980172740696,0
1595994507.0501184,198.2009089432883,189.19980172740696,0
1595994507.0601149,200.00026349651097,189.19980172740696,0
1595994507.070114,201.80009011852025,189.19980172740696,0
1595994507.0801332,203.60356454478978,189.19980172740696,0
1595994507.0901322,205.40339116679905,189.19980172740696,0
1595994507.1001177,207.20077161418675,189.19980172740696,0
1595994507.110129,209.00282983409642,189.19980172740696,0
1595994507.1201313,210.8032143555808,189.19980172740696,0
1595994507.1301248,212.6020539246726,189.19980172740696,0
1595994507.1401231,214.40175180064915,189.19980172740696,0
1595994507.15012,216.20119218456028,189.19980172740696,0
1595994507.1601136,218.00003175365208,189.19980172740696,0
1595994507.1701221,219.8015749894309,189.19980172740696,0
1595994507.180121,221.60135869609593,189.19980172740696,0
1595994507.1901133,223.39998368846653,189.19980172740696,0
1595994507.2001278,225.2025998078513,189.19980172740696,0
1595994507.2101216,227.00148229228733,189.19980172740696,0
1595994507.220131,228.80315427409886,189.19980172740696,0
1595994507.230133,230.60353879558323,189.19980172740696,0
1595994507.240133,232.40353707896946,189.19980172740696,0
1595994507.250133,234.2035353623557,189.19980172740696,0
1595994507.260119,236.00100164043187,189.19980172740696,0
1595994507.2701244,237.80198697673558,189.19980172740696,0
1595994507.2801208,239.60134152995823,189.19980172740696,0
1595994507.290113,241.3999236069846,189.19980172740696,0
1595994507.3001277,243.2025826417136,189.19980172740696,0
1595994507.3101134,245.00000600444554,189.19980172740696,0
1595994507.3201215,246.80146340953587,189.19980172740696,0
1595994507.33013,248.60300664531468,189.19980172740696,0
1595994507.3401172,250.40068750011204,189.19980172740696,0
1595994507.3501246,252.20201615916966,189.19980172740696,0
1595994507.360113,253.9999115906882,189.19980172740696,0
1595994507.3701158,255.8004248582053,189.19980172740696,0
1595994507.380129,257.6028264008689,189.19980172740696,0
1595994507.3901238,259.40188054668187,189.19980172740696,0
1595994507.4001129,261.19990472423314,189.19980172740696,0
1595994507.4101336,263.0036366425681,189.19980172740696,0
1595994507.4201136,264.8000300370383,189.19980172740696,0
1595994507.4301238,266.6018736802268,189.19980172740696,0
1595994507.4401162,268.4004986725974,189.19980172740696,0
1595994507.4501262,270.20229940044163,189.19980172740696,0
1595994507.4601188,272.0009673081565,189.19980172740696,0
1595994507.4701238,273.8018668137717,189.19980172740696,0
1595994507.4801278,275.60259465801,189.19980172740696,0
1595994507.490121,277.4013483964133,189.19980172740696,0
1595994507.5001261,279.2022908173728,189.19980172740696,0
1595994507.510126,281.002289100759,189.19980172740696,0
1595994507.5201285,282.8027165375876,189.19980172740696,0
1595994507.53013,284.6029723130393,189.19980172740696,0
1595994507.5401316,286.4032710038352,189.19980172740696,0
1595994507.5501165,288.2005656205344,189.19980172740696,0
1595994507.5601323,290.00339631664036,189.19980172740696,0
1595994507.5701227,291.80167798625706,189.19980172740696,0
1595994507.5801294,293.60287789928196,189.19980172740696,0
1595994507.590122,295.4015458069968,189.19980172740696,0
1595994507.6001122,297.19978456126927,189.19980172740696,0
1595994507.6101215,299.0014565430808,189.19980172740696,0
1595994507.6201231,300.8017552338767,189.19980172740696,0
1595994507.6301255,302.6021826707053,189.19980172740696,0
1595994507.6401217,304.4014943085837,189.19980172740696,0
1595994507.6501129,306.19990472423314,189.19980172740696,0
1595994507.6601157,308.0004179917502,189.19980172740696,0
1595994507.6701117,309.7996867142844,189.19980172740696,0
1595994507.6801136,311.60002832042454,189.19980172740696,0
1595994507.6901157,313.4004128419089,189.19980172740696,0
1595994507.7001195,315.20109777080296,189.19980172740696,0
1595994507.7101145,317.0001948319602,189.19980172740696,0
1595994507.7201288,318.8027680360007,189.19980172740696,0
1595994507.7301214,320.60143594371556,189.19980172740696,0
1595994507.7401326,322.403451248281,189.19980172740696,0
1595994507.7501323,324.203406616323,189.19980172740696,0
1595994507.7601223,326.0016024552512,189.19980172740696,0
1595994507.7701275,327.8025448762107,189.19980172740696,0
1595994507.7801206,329.601298614614,189.19980172740696,0
1595994507.7901125,331.3998377762961,189.19980172740696,0
1595994507.8001127,333.1998789750266,189.19980172740696,0
1595994507.8101163,335.0005209885764,189.19980172740696,0
1595994507.820115,336.80030469524144,189.19980172740696,0
1595994507.8301315,338.6032641373801,189.19980172740696,0
1595994507.8401153,340.40034417735814,189.19980172740696,0
1595994507.8501186,342.2009432755637,189.19980172740696,0
1595994507.8601289,344.0027869187522,189.19980172740696,0
1595994507.8701284,345.80269937144993,189.19980172740696,0
1595994507.8801303,347.60304097759007,189.19980172740696,0
1595994507.8901217,349.4014943085837,189.19980172740696,0
1595994507.9001198,351.20114926921605,189.19980172740696,0
1595994507.910115,353.0002892457175,189.19980172740696,0
1595994507.9201207,354.80131749736546,189.19980172740696,0
1595994507.9301116,356.59968499767064,189.19980172740696,0
1595994507.9401176,358.4007561646628,189.19980172740696,0
1595994507.9490173,360,189.19980172740696,1
1595994507.9501302,360.2030289612937,189.19980172740696,0
1595994507.9601145,362.0001948319602,189.19980172740696,0
1595994507.9701278,363.80259637462376,189.19980172740696,0
1595994507.980118,365.6008351288962,189.19980172740696,0
1595994507.9901164,367.4005330048728,189.19980172740696,0
1595994508.0001314,369.203234954946,189.19980172740696,0
1595994508.0101273,371.0025036774802,189.19980172740696,0
1595994508.0109284,371.14669923412083,189.19980172740696,0
1595994508.0109284,615.3440097702362,433.39711226352233,0
1595994508.0201197,616.9984392059662,433.39711226352233,0
1595994508.0301218,618.7988237274506,433.39711226352233,0
1595994508.0401316,620.6005815399506,433.39711226352233,0
1595994508.0501113,622.3969320190765,433.39711226352233,0
1595994508.0547912,623.2393173111298,433.39711226352233,0
1595994508.0547912,690.971795193339,501.1295901457315,0
1595994508.0601285,691.9324980894571,501.1295901457315,0
1595994508.070121,693.731165997172,501.1295901457315,0
1595994508.0801153,695.5301343122965,501.1295901457315,0
1595994508.0901215,697.3312483946329,501.1295901457315,0
1595994508.1001277,699.1323624769693,501.1295901457315,0
1595994508.110124,700.931717030192,501.1295901457315,0
1595994508.1201136,702.7298270384317,501.1295901457315,0
1595994508.130118,704.5305977980142,501.1295901457315,0
1595994508.1401203,706.3310252348429,501.1295901457315,0
1595994508.1501284,708.1324826399332,501.1295901457315,0
1595994508.1601164,709.9303351561075,501.1295901457315,0
1595994508.170112,711.7295180479532,501.1295901457315,0
1595994508.180129,713.5326062361246,501.1295901457315,0
1595994508.1901228,715.3314887205606,501.1295901457315,0
1595994508.200125,717.131873242045,501.1295901457315,0
1595994508.2101316,718.9330731550699,501.1295901457315,0
1595994508.2201126,720.7296382109171,501.1295901457315,0
1595994508.2301316,722.5330697218424,501.1295901457315,0
1595994508.2401161,724.3302785078531,501.1295901457315,0
1595994508.2501242,726.1317359129434,501.1295901457315,0
1595994508.2601323,727.9331933180338,501.1295901457315,0
1595994508.2701285,729.7325049559122,501.1295901457315,0
1595994508.2801192,731.5308295408731,501.1295901457315,0
1595994508.2901309,733.332930676127,501.1295901457315,0
1595994508.3001134,735.1297961393839,501.1295901457315,0
1595994508.3101237,736.9316397825723,501.1295901457315,0
1595994508.320125,738.731895558024,501.1295901457315,0
1595994508.3301244,740.5317650953775,501.1295901457315,0
1595994508.340119,742.3307763258463,501.1295901457315,0
1595994508.3501258,744.1320191542154,501.1295901457315,0
1595994508.3601167,745.9303866545206,501.1295901457315,0
1595994508.3701315,747.7330456892496,501.1295901457315,0
1595994508.3801258,749.5320140043741,501.1295901457315,0
1595994508.3901303,751.3328276793009,501.1295901457315,0
1595994508.4001205,753.1310664335733,501.1295901457315,0
1595994508.410126,754.932051769877,501.1295901457315,0
1595994508.420126,756.7320500532633,501.1295901457315,0
1595994508.4301274,758.5323058287149,501.1295901457315,0
1595994508.4401271,760.3322611967569,501.1295901457315,0
1595994508.4501317,762.1330748716837,501.1295901457315,0
1595994508.4601128,763.9296828428751,501.1295901457315,0
1595994508.470131,765.7329426924234,501.1295901457315,0
1595994508.4801266,767.5321684996134,501.1295901457315,0
1595994508.490117,769.3304501692301,501.1295901457315,0
1595994508.500118,771.1306201139932,501.1295901457315,0
1595994508.5101259,772.9320346037393,501.1295901457315,0
1595994508.5201175,774.7305308500772,501.1295901457315,0
1595994508.5301275,776.5323315779215,501.1295901457315,0
1595994508.5401142,778.3299266020304,501.1295901457315,0
1595994508.5501184,780.1306973616129,501.1295901457315,0
1595994508.5601292,781.9326268354898,501.1295901457315,0
1595994508.5701246,783.7318097273355,501.1295901457315,0
1595994508.5801167,785.5303918043619,501.1295901457315,0
1595994508.590128,787.3324071089273,501.1295901457315,0
1595994508.6001244,789.13176166215,501.1295901457315,0
1595994508.6101305,790.9328757444864,501.1295901457315,0
1595994508.6201198,792.7309428373819,501.1295901457315,0
1595994508.6301239,794.5316706816202,501.1295901457315,0
1595994508.6401157,796.3302098433023,501.1295901457315,0
1595994508.6501281,798.132439724589,501.1295901457315,0
1595994508.6601307,799.9329100767618,501.1295901457315,0
1595994508.670114,801.7299042860514,501.1295901457315,0
1595994508.6801126,803.5296450773722,501.1295901457315,0
1595994508.6901288,805.3325616041666,501.1295901457315,0
1595994508.7001216,807.1312724272257,501.1295901457315,0
1595994508.710117,808.9304553190714,501.1295901457315,0
1595994508.7201228,810.7314835707193,501.1295901457315,0
1595994508.730118,812.5306235472208,501.1295901457315,0
1595994508.7401323,814.3331967512613,501.1295901457315,0
1595994508.7501197,816.1309205214029,501.1295901457315,0
1595994508.7601252,817.9319058577066,501.1295901457315,0
1595994508.7701294,819.7326766172891,501.1295901457315,0
1595994508.7801106,821.5292845884806,501.1295901457315,0
1595994508.7901297,823.3327160994058,501.1295901457315,0
1595994508.8001256,825.13198482194,501.1295901457315,0
1595994508.810116,826.9302664915567,501.1295901457315,0
1595994508.820124,828.7316809813028,501.1295901457315,0
1595994508.8301234,830.5315934340006,501.1295901457315,0
1595994508.8401299,832.3327504316812,501.1295901457315,0
1595994508.8501241,834.1317187468057,501.1295901457315,0
1595994508.8601248,835.9318457762247,501.1295901457315,0
1595994508.8701255,837.7319728056436,501.1295901457315,0
1595994508.880125,839.5318852583414,501.1295901457315,0
1595994508.8901289,841.3325701872354,501.1295901457315,0
1595994508.9001198,843.1309376875406,501.1295901457315,0
1595994508.9101143,844.9299489180094,501.1295901457315,0
1595994508.920129,846.7326079527384,501.1295901457315,0
1595994508.930125,848.5318766752725,501.1295901457315,0
1595994508.9401147,850.3300295988565,501.1295901457315,0
1595994508.9501295,852.1326886335855,501.1295901457315,0
1595994508.9601178,853.9305840651041,501.1295901457315,0
1595994508.9701118,855.7295094648844,501.1295901457315,0
1595994508.9801168,857.5304089704996,501.1295901457315,0
1595994508.9901161,859.3302785078531,501.1295901457315,0
1595994509.000131,861.1329375425821,501.1295901457315,0
1595994509.000131,0,501.1295901457315,0
1595994509.0101433,142.93182002701815,141.12959014573153,0
1595994509.020134,144.73014461197909,141.12959014573153,0
1595994509.0301452,146.53215991654451,141.12959014573153,0
1595994509.0401337,148.3300982634073,141.12959014573153,0
1595994509.0501423,150.13164149918612,141.12959014573153,0
1595994509.0601473,151.93254100480135,141.12959014573153,0
1595994509.070139,153.73103725113924,141.12959014573153,0
1595994509.0801344,155.53022014298494,141.12959014573153,0
1595994509.090133,157.32996093430575,141.12959014573153,0
1595994509.1001494,159.13292037644442,141.12959014573153,0
1595994509.1101358,160.93047248520907,141.12959014573153,0
1595994509.1201448,162.73210155167635,141.12959014573153,0
1595994509.1301367,164.53064071335848,141.12959014573153,0
1595994509.1401365,166.33059608140047,141.12959014573153,0
1595994509.1501412,168.13145267167147,141.12959014573153,0
1595994509.160144,169.93196593918856,141.12959014573153,0
1595994509.1701376,171.73080550828035,141.12959014573153,0
1595994509.1801426,173.5317050138956,141.12959014573153,0
1595994509.1901505,175.33311950364168,141.12959014573153,0
1595994509.2001312,177.1296416441446,141.12959014573153,0
1595994509.210134,178.9301549116617,141.12959014573153,0
1595994509.2201462,180.73234187760409,141.12959014573153,0
1595994509.230134,182.53015147843416,141.12959014573153,0
1595994509.240152,184.33336841263826,141.12959014573153,0
1595994509.2501347,186.13027679123934,141.12959014573153,0
1595994509.260145,187.93212043442782,141.12959014573153,0
1595994509.2701309,189.729586712504,141.12959014573153,0
1595994509.2801473,191.53254615464266,141.12959014573153,0
1595994509.2901442,193.3319865385538,141.12959014573153,0
1595994509.3001442,195.13198482194002,141.12959014573153,0
1595994509.3101513,196.9332705656534,141.12959014573153,0
1595994509.3201482,198.73271094956453,141.12959014573153,0
1595994509.3301442,200.53197967209871,141.12959014573153,0
1595994509.340135,202.3303471724039,141.12959014573153,0
1595994509.3501484,204.13274871506746,141.12959014573153,0
1595994509.3601506,205.93313323655184,141.12959014573153,0
1595994509.3701506,207.73313151993807,141.12959014573153,0
1595994509.380138,209.53085529007967,141.12959014573153,0
1595994509.3901324,211.32986652054842,141.12959014573153,0
1595994509.4001477,213.1326113859659,141.12959014573153,0
1595994509.4101388,214.93102180161532,141.12959014573153,0
1595994509.4201338,216.73011886277254,141.12959014573153,0
1595994509.4301445,218.5320483366495,141.12959014573153,0
1595994509.4401443,220.3320037046915,141.12959014573153,0
1595994509.4501483,222.13273154892977,141.12959014573153,0
1595994509.4601479,223.93264400162752,141.12959014573153,0
1595994509.4701414,225.73148357071932,141.12959014573153,0
1595994509.4801345,227.53023730912264,141.12959014573153,0
1595994509.4901412,229.33143722214754,141.12959014573153,0
1595994509.500147,231.13250838913973,141.12959014573153,0
1595994509.5101366,232.93061839737948,141.12959014573153,0
1595994509.520138,234.73087417283114,141.12959014573153,0
1595994509.53014,236.53121577897127,141.12959014573153,0
1595994509.5401433,238.33181487717684,141.12959014573153,0
1595994509.550149,240.1328431288248,141.12959014573153,0
1595994509.5601382,241.9309102217203,141.12959014573153,0
1595994509.570132,243.72979270615633,141.12959014573153,0
1595994509.5801346,245.53026305832918,141.12959014573153,0
1595994509.590142,247.3315917173868,141.12959014573153,0
1595994509.6001432,249.13180457749422,141.12959014573153,0
1595994509.6101332,250.93000041642244,141.12959014573153,0
1595994509.620142,252.7315865675455,141.12959014573153,0
1595994509.6301422,254.53162776627596,141.12959014573153,0
1595994509.6401496,256.3329564253336,141.12959014573153,0
1595994509.650145,258.1321393171793,141.12959014573153,0
1595994509.6601377,259.9308072248941,141.12959014573153,0
1595994509.6701431,261.73179256119784,141.12959014573153,0
1595994509.6801355,263.53041755356844,141.12959014573153,0
1595994509.6901476,265.3326045195108,141.12959014573153,0
1595994509.7001486,267.132774464274,141.12959014573153,0
1595994509.7101514,268.9332877317911,141.12959014573153,0
1595994509.720135,270.7303248564249,141.12959014573153,0
1595994509.7301366,272.5306235472208,141.12959014573153,0
1595994509.7401316,274.329720608378,141.12959014573153,0
1595994509.7501428,276.13173591294344,141.12959014573153,0
1595994509.7601304,277.9295025984293,141.12959014573153,0
1595994509.7701433,279.7318183104044,141.12959014573153,0
1595994509.7801492,281.53288947739657,141.12959014573153,0
1595994509.7901373,283.3307419935709,141.12959014573153,0
1595994509.8001428,285.1317273298746,141.12959014573153,0
1595994509.8101313,286.9296656767374,141.12959014573153,0
1595994509.8201387,288.730994335795,141.12959014573153,0
1595994509.8301497,290.5329667250162,141.12959014573153,0
1595994509.840141,292.33142005600985,141.12959014573153,0
1595994509.850133,294.129959217692,141.12959014573153,0
1595994509.8601403,295.9312878767496,141.12959014573153,0
1595994509.8701384,297.7309428373819,141.12959014573153,0
1595994509.880146,299.5323144117838,141.12959014573153,0
1595994509.8901322,301.3298236052042,141.12959014573153,0
1595994509.9001393,303.13110934891756,141.12959014573153,0
1595994509.910144,304.93196593918856,141.12959014573153,0
1595994509.920137,306.73067676224764,141.12959014573153,0
1595994509.9301426,308.5317050138956,141.12959014573153,0
1595994509.940141,310.33140288987215,141.12959014573153,0
1595994509.9501421,312.1316157499796,141.12959014573153,0
1595994509.9601345,313.9302407423502,141.12959014573153,0
1595994509.970142,315.7315694014078,141.12959014573153,0
1595994509.9801407,317.53135310807284,141.12959014573153,0
1595994509.9901507,319.3331538359171,141.12959014573153,0
1595994510.0001495,321.1329375425821,141.12959014573153,0
1595994510.0101478,322.9326354185587,141.12959014573153,0
1595994510.0201373,324.7307454267984,141.12959014573153,0
1595994510.0301483,326.5327178160196,141.12959014573153,0
1595994510.040146,328.3323298613077,141.12959014573153,0
1595994510.0501478,330.1326285521036,141.12959014573153,0
1595994510.0549147,330.9906779448038,141.12959014573153,0
1595994510.0549147,351.2972033834411,161.43611558436888,0
1595994510.0601356,352.236963591571,161.43611558436888,0
1595994510.0701513,354.03979428767695,161.43611558436888,0
1595994510.0801413,355.8379901266052,161.43611558436888,0
1595994510.0901484,357.63927587031856,161.43611558436888,0
1595994510.1001315,359.43622716426387,161.43611558436888,0
1595994510.1032815,360,161.43611558436888,1
1595994510.1101456,361.23875745296016,161.43611558436888,0
1595994510.1201327,363.0364383077575,161.43611558436888,0
1595994510.1301363,364.8370803213073,161.43611558436888,0
1595994510.1401472,366.6390527105285,161.43611558436888,0
1595994510.1501408,368.4378922796203,161.43611558436888,0
1595994510.1525273,368.8674748754455,161.43611558436888,0
1595994510.1525273,614.6602424626336,407.228883171557,0
1595994510.1601486,616.0320743565546,407.228883171557,0
1595994510.1701427,617.8309997563349,407.228883171557,0
1595994510.1801405,619.630611801623,407.228883171557,0
1595994510.1901338,621.4294084553705,407.228883171557,0
1595994510.2001324,623.2291492466913,407.228883171557,0
1595994510.2101307,625.0288471226679,407.228883171557,0
1595994510.2201462,626.8316349034296,407.228883171557,0
1595994510.2301514,628.6325773243891,407.228883171557,0
1595994510.2401433,630.4311164860712,407.228883171557,0
1595994510.250144,632.2312435154902,407.228883171557,0
1595994510.2601507,634.0324434285151,407.228883171557,0
1595994510.2701323,635.829137230395,407.228883171557,0
1595994510.2801352,637.629650497912,407.228883171557,0
1595994510.2901373,639.4300350193964,407.228883171557,0
1595994510.3001387,641.2302907948481,407.228883171557,0
1595994510.310147,643.0317911152827,407.228883171557,0
1595994510.3201318,644.8290428166376,407.228883171557,0
1595994510.33013,646.6287406926142,407.228883171557,0
1595994510.3401484,648.4320434575068,407.228883171557,0
1595994510.3501315,650.2289947514521,407.228883171557,0
1595994510.3601344,652.0295080189692,407.228883171557,0
1595994510.3701367,653.8299354557978,407.228883171557,0
1595994510.3801327,655.629204178332,407.228883171557,0
1595994510.3901498,657.4322923665034,407.228883171557,0
1595994510.4001312,659.228943253039,407.228883171557,0
1595994510.4101481,661.0319885258662,407.228883171557,0
1595994510.4201345,662.8295406346308,407.228883171557,0
1595994510.4301505,664.632414246081,407.228883171557,0
1595994510.4401405,666.4306100850092,407.228883171557,0
1595994510.4501462,668.2316383366572,407.228883171557,0
1595994510.460144,670.0312503819453,407.228883171557,0
1595994510.470144,671.8312486653315,407.228883171557,0
1595994510.4801333,673.629315758227,407.228883171557,0
1595994510.4901507,675.4324468617426,407.228883171557,0
1595994510.500142,677.2309001927363,407.228883171557,0
1595994510.5101485,679.0320571904169,407.228883171557,0
1595994510.5201297,680.8286651616083,407.228883171557,0
1595994510.5301435,682.6311525349604,407.228883171557,0
1595994510.5401354,684.4296916966425,407.228883171557,0
1595994510.550138,686.2301620488154,407.228883171557,0
1595994510.560132,688.0290874485956,407.228883171557,0
1595994510.5701487,689.8320898060786,407.228883171557,0
1595994510.5801399,691.630500221728,407.228883171557,0
1595994510.5901296,693.428653145312,407.228883171557,0
1595994510.600143,695.2310546879755,407.228883171557,0
1595994510.6101315,697.0289930348383,407.228883171557,0
1595994510.6201293,698.8286050801264,407.228883171557,0
1595994510.6301365,700.6298908238398,407.228883171557,0
1595994510.6401486,702.4320777897822,407.228883171557,0
1595994510.6501353,704.229672813891,407.228883171557,0
1595994510.660145,706.031430626391,407.228883171557,0
1595994510.6701334,707.8293260579096,407.228883171557,0
1595994510.680142,709.6308692936884,407.228883171557,0
1595994510.690141,711.4306959156977,407.228883171557,0
1595994510.7001305,713.2288059239374,407.228883171557,0
1595994510.7101367,715.0299200062739,407.228883171557,0
1595994510.720135,716.8296178822504,407.228883171557,0
1595994510.7301326,718.6291870121943,407.228883171557,0
1595994510.7401514,720.4325756077753,407.228883171557,0
1595994510.750148,722.2319730763422,407.228883171557,0
1595994510.76014,724.0305122380244,407.228883171557,0
1595994510.770148,725.8319696431147,407.228883171557,0
1595994510.78014,727.6305088047968,407.228883171557,0
1595994510.7901447,729.4313653950678,407.228883171557,0
1595994510.800146,731.2316211705195,407.228883171557,0
1595994510.8101294,733.028615379809,407.228883171557,0
1595994510.8201487,734.8320898060786,407.228883171557,0
1595994510.8301353,736.6296848301874,407.228883171557,0
1595994510.8401468,738.4317430500971,407.228883171557,0
1595994510.8501394,740.230410957812,407.228883171557,0
1595994510.8601336,742.0293792729365,407.228883171557,0
1595994510.8701458,743.8315662388788,407.228883171557,0
1595994510.8801332,745.6292900090205,407.228883171557,0
1595994510.8901465,747.431691551684,407.228883171557,0
1595994510.9001384,749.2302307133662,407.228883171557,0
1595994510.9101448,751.0313877110468,407.228883171557,0
1595994510.9201446,752.8313430790888,407.228883171557,0
1595994510.930146,754.6315988545405,407.228883171557,0
1595994510.9401312,756.4289363865839,407.228883171557,0
1595994510.9501507,758.2324537281977,407.228883171557,0
1595994510.9601474,760.0318511967646,407.228883171557,0
1595994510.9701407,761.8306478505122,407.228883171557,0
1595994510.9801397,763.6304744725214,407.228883171557,0
1595994510.9901311,765.4289278035151,407.228883171557,0
1595994511.00013,767.2287115101801,407.228883171557,0
1595994511.000155,767.2332176213251,407.228883171557,0
1595994511.000155,0,407.228883171557,0
1595994511.0101736,49.03222885179383,47.228883171557015,0
1595994511.0201669,50.83102550554139,47.228883171557015,0
1595994511.0301733,52.632182503222054,47.228883171557015,0
1595994511.0401719,54.431923294542855,47.228883171557015,0
1595994511.050167,56.23106327104432,47.228883171557015,0
1595994511.0601728,58.03209152269227,47.228883171557015,0
1595994511.0701735,59.832218552111215,47.228883171557015,0
1595994511.0801668,61.63101520585877,47.228883171557015,0
1595994511.0901725,63.43204345750672,47.228883171557015,0
1595994511.100175,65.23247089433534,47.228883171557015,0
1595994511.110162,67.0301517491327,47.228883171557015,0
1595994511.1201634,68.83040752458436,47.228883171557015,0
1595994511.1301587,70.62954750108582,47.228883171557015,0
1595994511.140162,72.43014659929139,47.228883171557015,0
1595994511.150157,74.22924366044862,47.228883171557015,0
1595994511.1601725,76.03203144121034,47.228883171557015,0
1595994511.170159,77.82962646531922,47.228883171557015,0
1595994511.180161,79.62996807145936,47.228883171557015,0
1595994511.190175,81.43249836015565,47.228883171557015,0
1595994511.2001665,83.2309516911493,47.228883171557015,0
1595994511.2101607,85.02992000627381,47.228883171557015,0
1595994511.220156,86.82905998277528,47.228883171557015,0
1595994511.2301579,88.62940158891541,47.228883171557015,0
1595994511.2401662,90.43090190934998,47.228883171557015,0
1595994511.2501616,92.23008480119569,47.228883171557015,0
1595994511.2601724,94.03201427507264,47.228883171557015,0
1595994511.270166,95.83085384416444,47.228883171557015,0
1595994511.2801597,97.62973632860047,47.228883171557015,0
1595994511.290155,99.42887630510194,47.228883171557015,0
1595994511.3001668,101.23102035570008,47.228883171557015,0
1595994511.3101568,103.0292161946283,47.228883171557015,0
1595994511.320168,104.83123149919373,47.228883171557015,0
1595994511.3301742,106.63234558153016,47.228883171557015,0
1595994511.340163,108.43032684373719,47.228883171557015,0
1595994511.3501606,110.22989597368104,47.228883171557015,0
1595994511.3601701,112.0316108708368,47.228883171557015,0
1595994511.370167,113.83105125474793,47.228883171557015,0
1595994511.3801706,115.63169326829774,47.228883171557015,0
1595994511.3901742,117.43233528184754,47.228883171557015,0
1595994511.4001696,119.23151817369325,47.228883171557015,0
1595994511.4101682,121.03125896501405,47.228883171557015,0
1595994511.4201546,122.8288110737787,47.228883171557015,0
1595994511.430169,124.63142719316346,47.228883171557015,0
1595994511.4401655,126.43078174638612,47.228883171557015,0
1595994511.450167,128.23103752183778,47.228883171557015,0
1595994511.4601638,130.0304779057489,47.228883171557015,0
1595994511.470171,131.8317636494623,47.228883171557015,0
1595994511.4801552,133.6289295201288,47.228883171557015,0
1595994511.4901602,135.42982902574403,47.228883171557015,0
1595994511.5001647,137.23064270067078,47.228883171557015,0
1595994511.5101635,139.03042640733582,47.228883171557015,0
1595994511.5201705,140.83166923570496,47.228883171557015,0
1595994511.530159,142.62960758256776,47.228883171557015,0
1595994511.540171,144.4317516331659,47.228883171557015,0
1595994511.5501692,146.23144950914246,47.228883171557015,0
1595994511.5601692,148.0314477925287,47.228883171557015,0
1595994511.570161,149.82998695421082,47.228883171557015,0
1595994511.580162,151.630156898974,47.228883171557015,0
1595994511.5901632,153.43036975908143,47.228883171557015,0
1595994511.6001575,155.22933807420594,47.228883171557015,0
1595994511.6101553,157.02895011949403,47.228883171557015,0
1595994511.6201732,158.83216705369813,47.228883171557015,0
1595994511.63017,160.63160743760926,47.228883171557015,0
1595994511.6401706,162.43169155168397,47.228883171557015,0
1595994511.6501691,164.23143234300477,47.228883171557015,0
1595994511.660168,166.0312160496698,47.228883171557015,0
1595994511.6701646,167.8306135182367,47.228883171557015,0
1595994511.680174,169.63232841539246,47.228883171557015,0
1595994511.6901617,171.4300951008783,47.228883171557015,0
1595994511.7001731,173.23215332078797,47.228883171557015,0
1595994511.7101705,175.03167953538758,47.228883171557015,0
1595994511.7201562,176.82910289811952,47.228883171557015,0
1595994511.7301543,178.62875785875184,47.228883171557015,0
1595994511.7401712,180.431803131579,47.228883171557015,0
1595994511.7501752,182.23253097581727,47.228883171557015,0
1595994511.7601597,184.029739761828,47.228883171557015,0
1595994511.7701755,185.83257045793397,47.228883171557015,0
1595994511.7801545,187.62879219102723,47.228883171557015,0
1595994511.7901747,189.43243827867371,47.228883171557015,0
1595994511.8001726,191.2320503239618,47.228883171557015,0
1595994511.81016,193.0297740941034,47.228883171557015,0
1595994511.820166,194.83088817643983,47.228883171557015,0
1595994511.830168,196.63122978257996,47.228883171557015,0
1595994511.8401678,198.43118515062196,47.228883171557015,0
1595994511.8501565,200.229166412829,47.228883171557015,0
1595994511.8601751,202.0325120930658,47.228883171557015,0
1595994511.8701584,203.82950630235536,47.228883171557015,0
1595994511.8801548,205.628860855578,47.228883171557015,0
1595994511.890171,207.43177738237245,47.228883171557015,0
1595994511.9001582,209.2294582371698,47.228883171557015,0
1595994511.9101615,211.03005733537537,47.228883171557015,0
1595994511.9201546,212.8288110737787,47.228883171557015,0
1595994511.9301698,214.63155593919618,47.228883171557015,0
1595994511.9401567,216.4291938786493,47.228883171557015,0
1595994511.950158,218.22944965410096,47.228883171557015,0
1595994511.9601672,220.03107872056825,47.228883171557015,0
1595994511.9701617,221.830089951037,47.228883171557015,0
1595994511.9801698,223.63154735612733,47.228883171557015,0
1595994511.9901643,225.43055858659608,47.228883171557015,0
1595994512.0001686,227.2313293461786,47.228883171557015,0
1595994512.010167,229.03102722215516,47.228883171557015,0
1595994512.020174,230.83231296586854,47.228883171557015,0
1595994512.0301611,232.6299938206659,47.228883171557015,0
1595994512.040157,234.42926254320008,47.228883171557015,0
1595994512.0501568,236.22921791124207,47.228883171557015,0
1595994512.0601692,238.0314477925287,47.228883171557015,0
1595994512.0701668,239.83101692247254,47.228883171557015,0
1595994512.080165,241.63067188310487,47.228883171557015,0
1595994512.0901742,243.4323438649164,47.228883171557015,0
1595994512.1001546,245.22882309007508,47.228883171557015,0
1595994512.1101682,247.0312675480829,47.228883171557015,0
1595994512.1201558,248.82903423356873,47.228883171557015,0
1595994512.1301622,250.6301912312494,47.228883171557015,0
1595994512.1401649,252.43066158342225,47.228883171557015,0
1595994512.1501658,254.23083152818543,47.228883171557015,0
1595994512.1526365,254.67556324052674,47.228883171557015,0
1595994512.1526365,328.40266897215804,120.95598890318828,0
1595994512.160169,329.75849344267806,120.95598890318828,0
1595994512.1701598,331.55686094298323,120.95598890318828,0
1595994512.180163,333.35741712584456,120.95598890318828,0
1595994512.1901734,335.1593036843773,120.95598890318828,0
1595994512.2001588,336.956684131765,120.95598890318828,0
1595994512.207752,338.32345201506575,120.95598890318828,0
1595994512.207752,353.49703560451974,136.12957249264227,0
1595994512.2101665,353.9316392956208,136.12957249264227,0
1595994512.220172,355.7326246319245,136.12957249264227,0
1595994512.2301655,357.5314642010163,136.12957249264227,0
1595994512.2401645,359.3312908230256,136.12957249264227,0
1595994512.2438836,360,136.12957249264227,1
1595994512.2501645,361.1312891064118,136.12957249264227,0
1595994512.2601569,362.92991409878243,136.12957249264227,0
1595994512.2701623,364.73089943508614,136.12957249264227,0
1595994512.280172,366.53265724758614,136.12957249264227,0
1595994512.2901726,368.33274136166085,136.12957249264227,0
1595994512.3001704,370.13235340694894,136.12957249264227,0
1595994512.3101544,371.9294763622712,136.12957249264227,0
1595994512.3201625,373.73093376736153,136.12957249264227,0
1595994512.3301642,375.53123245815743,136.12957249264227,0
1595994512.3401625,377.330930334134,136.12957249264227,0
1595994512.3501632,379.13105736355294,136.12957249264227,0
1595994512.3601549,380.92955360989083,136.12957249264227,0
1595994512.3701568,382.72989521603097,136.12957249264227,0
1595994512.3801744,384.53306923489083,136.12957249264227,0
1595994512.3901608,386.3306213436555,136.12957249264227,0
1595994512.4001749,388.13315163235177,136.12957249264227,0
1595994512.4101577,389.93006001095284,136.12957249264227,0
1595994512.4201627,391.7309595165681,136.12957249264227,0
1595994512.4301662,393.5316015301179,136.12957249264227,0
1595994512.4401536,395.3293253002595,136.12957249264227,0
1595994512.4501572,397.1299673138093,136.12957249264227,0
1595994512.4601562,398.92979393581857,136.12957249264227,0
1595994512.470155,400.7295776424836,136.12957249264227,0
1595994512.4801679,402.5318933544587,136.12957249264227,0
1595994512.490163,404.33103333096017,136.12957249264227,0
1595994512.5001724,406.1327053127717,136.12957249264227,0
1595994512.5101705,407.932360273404,136.12957249264227,0
1595994512.5201688,409.7320581493806,136.12957249264227,0
1595994512.530161,411.53064022640694,136.12957249264227,0
1595994512.5401547,413.329522710843,136.12957249264227,0
1595994512.5501606,415.13059387783517,136.12957249264227,0
1595994512.5601583,416.930163007779,136.12957249264227,0
1595994512.5701592,418.7303329525422,136.12957249264227,0
1595994512.580154,420.5293870983552,136.12957249264227,0
1595994512.5901558,422.3297287044953,136.12957249264227,0
1595994512.60017,424.1322589931916,136.12957249264227,0
1595994512.6101701,425.9323001919221,136.12957249264227,0
1595994512.6201663,427.7316118298005,136.12957249264227,0
1595994512.6301534,429.52929268459786,136.12957249264227,0
1595994512.6401577,431.3300634441804,136.12957249264227,0
1595994512.6501648,433.13134918789376,136.12957249264227,0
1595994512.6601546,434.92950211147775,136.12957249264227,0
1595994512.6701705,436.73237572292794,136.12957249264227,0
1595994512.6801558,438.5297132549714,136.12957249264227,0
1595994512.6901696,440.33220062832345,136.12957249264227,0
1595994512.7001607,442.13061104397286,136.12957249264227,0
1595994512.710155,443.9295793590974,136.12957249264227,0
1595994512.7201636,445.7311225948762,136.12957249264227,0
1595994512.7301586,447.5302196560334,136.12957249264227,0
1595994512.7401605,449.33056126217355,136.12957249264227,0
1595994512.7501576,451.1300445614289,136.12957249264227,0
1595994512.76016,452.93047199825753,136.12957249264227,0
1595994512.770155,454.72956905941476,136.12957249264227,0
1595994512.7801695,456.5321851787995,136.12957249264227,0
1595994512.7901638,458.33115349392403,136.12957249264227,0
1595994512.8001556,460.12969265560616,136.12957249264227,0
1595994512.810163,461.9310213146638,136.12957249264227,0
1595994512.8201752,463.73320828060616,136.12957249264227,0
1595994512.8301735,465.5329061565827,136.12957249264227,0
1595994512.8401644,467.3312736568879,136.12957249264227,0
1595994512.8501596,469.13041363338937,136.12957249264227,0
1595994512.8601663,470.93161354641427,136.12957249264227,0
1595994512.870166,472.73156891445626,136.12957249264227,0
1595994512.880167,474.53173885921944,136.12957249264227,0
1595994512.89016,476.33049259762277,136.12957249264227,0
1595994512.9001746,478.13310871700753,136.12957249264227,0
1595994512.9101555,479.9296737728547,136.12957249264227,0
1595994512.9201748,481.73314819912423,136.12957249264227,0
1595994512.9301543,483.52945576290597,136.12957249264227,0
1595994512.9401557,485.3297115383576,136.12957249264227,0
1595994512.9501562,487.12979565243234,136.12957249264227,0
1595994512.960165,488.9313818035554,136.12957249264227,0
1595994512.9701648,490.7313371715974,136.12957249264227,0
1595994512.9801688,492.53206501583566,136.12957249264227,0
1595994512.9901602,494.3305183468293,136.12957249264227,0
1595994513.000156,496.12974415401925,136.12957249264227,0
1595994513.000156,0,136.12957249264227,0
1595994513.0101593,137.93017159084783,136.12957249264227,0
1595994513.020162,139.73068485836492,136.12957249264227,0
1595994513.0301602,141.53033981899725,136.12957249264227,0
1595994513.0401592,143.33016644100653,136.12957249264227,0
1595994513.0501637,145.13098011593328,136.12957249264227,0
1595994513.0601768,146.93333874325262,136.12957249264227,0
1595994513.0701582,148.72998962978826,136.12957249264227,0
1595994513.0801578,150.52990208248602,136.12957249264227,0
1595994513.0901566,152.32968578915106,136.12957249264227,0
1595994513.100171,154.13230190853582,136.12957249264227,0
1595994513.1101716,155.93238602261053,136.12957249264227,0
1595994513.120167,157.73156891445623,136.12957249264227,0
1595994513.130163,159.5308376369904,136.12957249264227,0
1595994513.1401598,161.33027802090155,136.12957249264227,0
1595994513.150159,163.13010464291082,136.12957249264227,0
1595994513.1601603,164.93036041836248,136.12957249264227,0
1595994513.1701586,166.73005829433905,136.12957249264227,0
1595994513.1801748,168.53297482113348,136.12957249264227,0
1595994513.1901612,170.33052692989813,136.12957249264227,0
1595994513.2001576,172.12988148312078,136.12957249264227,0
1595994513.2101598,173.93026600460516,136.12957249264227,0
1595994513.2201712,175.73232422451483,136.12957249264227,0
1595994513.230175,177.53300915340887,136.12957249264227,0
1595994513.2401588,179.3300891933869,136.12957249264227,0
1595994513.2501752,181.13304863552557,136.12957249264227,0
1595994513.260156,182.9295707760285,136.12957249264227,0
1595994513.2701654,184.73128567318426,136.12957249264227,0
1595994513.2801626,186.53076897243963,136.12957249264227,0
1595994513.290157,188.32978020290838,136.12957249264227,0
1595994513.3001697,190.13205299953924,136.12957249264227,0
1595994513.310173,191.9326520977448,136.12957249264227,0
1595994513.320165,193.73119125942694,136.12957249264227,0
1595994513.330175,195.53299198727117,136.12957249264227,0
1595994513.340162,197.33067284206854,136.12957249264227,0
1595994513.3501635,199.1309286175202,136.12957249264227,0
1595994513.360175,200.93298683742987,136.12957249264227,0
1595994513.370162,202.73066769222723,136.12957249264227,0
1595994513.3801742,204.5328546581696,136.12957249264227,0
1595994513.3901591,206.33014927486883,136.12957249264227,0
1595994513.4001758,208.13315163235174,136.12957249264227,0
1595994513.410157,209.92975960354315,136.12957249264227,0
1595994513.42017,211.73211823086248,136.12957249264227,0
1595994513.4301646,213.53112946133123,136.12957249264227,0
1595994513.4401665,215.33147106747137,136.12957249264227,0
1595994513.4501746,217.1329284725617,136.12957249264227,0
1595994513.4601626,218.93078098873602,136.12957249264227,0
1595994513.4701617,220.7306076107453,136.12957249264227,0
1595994513.4801636,222.53094921688543,136.12957249264227,0
1595994513.4901676,224.3316770611237,136.12957249264227,0
1595994513.5001602,226.13034496883856,136.12957249264227,0
1595994513.510168,227.93175945858465,136.12957249264227,0
1595994513.520169,229.73192940334783,136.12957249264227,0
1595994513.5301712,231.5323139248322,136.12957249264227,0
1595994513.5401652,233.33123932461248,136.12957249264227,0
1595994513.5501742,235.13286839107977,136.12957249264227,0
1595994513.5601647,236.93115006069647,136.12957249264227,0
1595994513.5701613,238.73054752926336,136.12957249264227,0
1595994513.5801692,240.53196201900946,136.12957249264227,0
1595994513.5901709,242.33226070980535,136.12957249264227,0
1595994513.6001575,244.12985573391424,136.12957249264227,0
1595994513.610158,245.92993984798895,136.12957249264227,0
1595994513.6201665,247.73148308376776,136.12957249264227,0
1595994513.6301737,249.53276882748114,136.12957249264227,0
1595994513.640161,251.33049259762274,136.12957249264227,0
1595994513.6501584,253.13001881222235,136.12957249264227,0
1595994513.6601658,254.93134747127996,136.12957249264227,0
1595994513.670163,256.73083077053536,136.12957249264227,0
1595994513.6801705,258.5322023449372,136.12957249264227,0
1595994513.6901686,260.33185730556954,136.12957249264227,0
1595994513.7001755,262.1331001339387,136.12957249264227,0
1595994513.7101572,263.92979393581857,136.12957249264227,0
1595994513.720175,265.73301087002267,136.12957249264227,0
1595994513.7301612,267.5305200634431,136.12957249264227,0
1595994513.7401624,269.3307329235505,136.12957249264227,0
1595994513.7501745,271.1329198894929,136.12957249264227,0
1595994513.7601573,272.92982826809396,136.12957249264227,0
1595994513.7701705,274.7321868954133,136.12957249264227,0
1595994513.7801683,276.5317989407014,136.12957249264227,0
1595994513.790172,278.3324838695954,136.12957249264227,0
1595994513.8001592,280.1301647243928,136.12957249264227,0
1595994513.8101606,281.93042049984444,136.12957249264227,0
1595994513.8201735,283.73273621181954,136.12957249264227,0
1595994513.8301623,285.5307174740266,136.12957249264227,0
1595994513.840176,287.3332048473786,136.12957249264227,0
1595994513.8501759,289.1331602154206,136.12957249264227,0
1595994513.8601568,290.9297252712678,136.12957249264227,0
1595994513.8701706,292.73221264461984,136.12957249264227,0
1595994513.8801608,294.5304513988923,136.12957249264227,0
1595994513.890158,296.32993469814767,136.12957249264227,0
1595994513.9001584,298.1300188122224,136.12957249264227,0
1595994513.9101627,299.9307895718049,136.12957249264227,0
1595994513.9201744,301.7328907070588,136.12957249264227,0
1595994513.9301627,303.53078613857735,136.12957249264227,0
1595994513.9401705,305.33220062832345,136.12957249264227,0
1595994513.9501555,307.12949524502267,136.12957249264227,0
1595994513.9601614,308.93056641201485,136.12957249264227,0
1595994513.970173,310.7326246319245,136.12957249264227,0
1595994513.9801714,312.5323654232453,136.12957249264227,0
1595994513.990173,314.3326641140412,136.12957249264227,0
1595994514.0001755,316.13309155086984,136.12957249264227,0
1595994514.0101666,317.93150196651925,136.12957249264227,0
1595994514.0201569,319.7297407207917,136.12957249264227,0
1595994514.030164,321.5310264645051,136.12957249264227,0
1595994514.0401652,323.3312393246125,136.12957249264227,0
1595994514.0501666,325.13149510006417,136.12957249264227,0
1595994514.0601678,326.9317079601716,136.12957249264227,0
1595994514.070171,328.73230705837716,136.12957249264227,0
1595994514.080166,330.5314041195344,136.12957249264227,0
1595994514.090168,332.3317457256745,136.12957249264227,0
1595994514.100164,334.1310144482087,136.12957249264227,0
1595994514.110166,335.9313989696931,136.12957249264227,0
1595994514.1201735,337.7327276287507,136.12957249264227,0
1595994514.130167,339.5315671978425,136.12957249264227,0
1595994514.140172,341.3324667034577,136.12957249264227,0
1595994514.150175,343.13302288631905,136.12957249264227,0
1595994514.1601744,344.93289242367257,136.12957249264227,0
1595994514.1701617,346.73061619381417,136.12957249264227,0
1595994514.1801724,348.5325456676911,136.12957249264227,0
1595994514.1901696,350.3320289669465,136.12957249264227,0
1595994514.2001557,352.1295381603669,136.12957249264227,0
1595994514.210168,353.9317251263093,136.12957249264227,0
1595994514.2201684,355.731809240384,136.12957249264227,0
1595994514.2301593,357.53017674068917,136.12957249264227,0
1595994514.2401555,359.3294883785676,136.12957249264227,0
1595994514.2438984,360,136.12957249264227,1
1595994514.2501552,361.1294437466096,136.12957249264227,0
1595994514.2601583,362.9299999294709,136.12957249264227,0
1595994514.2701616,364.7305990276765,136.12957249264227,0
1595994514.2801619,366.53064022640694,136.12957249264227,0
1595994514.2901587,368.3300806103181,136.12957249264227,0
1595994514.3001635,370.1309372005891,136.12957249264227,0
1595994514.3054771,371.08739147762765,136.12957249264227,0
1595994514.3054771,615.3262174432882,380.36839845830286,0
1595994514.3101616,616.169418126882,380.36839845830286,0
1595994514.320172,617.9713046854147,380.36839845830286,0
1595994514.3301604,619.7692001169332,380.36839845830286,0
1595994514.3401744,621.5717304056295,380.36839845830286,0
1595994514.3493483,623.2230270212301,380.36839845830286,0
1595994514.3493483,690.966908106369,448.1122795434418,0
1595994514.3501556,691.1122194619599,448.1122795434418,0
1595994514.3601613,692.9132477136078,448.1122795434418,0
1595994514.3701603,694.7130743356171,448.1122795434418,0
1595994514.380176,696.515905031723,448.1122795434418,0
1595994514.3901734,698.3154312463226,448.1122795434418,0
1595994514.4001706,700.114914545578,448.1122795434418,0
1595994514.4101682,701.9144836755219,448.1122795434418,0
1595994514.4201617,703.7133232446137,448.1122795434418,0
1595994514.430165,705.5139223428192,448.1122795434418,0
1595994514.440157,707.3124615045014,448.1122795434418,0
1595994514.4501739,709.1155067773285,448.1122795434418,0
1595994514.4601614,710.9132734628143,448.1122795434418,0
1595994514.4701571,712.7124992700043,448.1122795434418,0
1595994514.480159,714.5128408761444,448.1122795434418,0
1595994514.4901562,716.3123241753998,448.1122795434418,0
1595994514.5001562,718.112322458786,448.1122795434418,0
1595994514.5101655,719.9139944405975,448.1122795434418,0
1595994514.5201726,721.7152801843109,448.1122795434418,0
1595994514.5301597,723.5129610391083,448.1122795434418,0
1595994514.5401762,725.315920481247,448.1122795434418,0
1595994514.5501692,727.1146742196503,448.1122795434418,0
1595994514.5601735,728.9154449792328,448.1122795434418,0
1595994514.5701745,730.715614923996,448.1122795434418,0
1595994514.5801725,732.5152698846283,448.1122795434418,0
1595994514.590166,734.3141094537201,448.1122795434418,0
1595994514.6001709,736.1149660439911,448.1122795434418,0
1595994514.6101646,737.9138485284271,448.1122795434418,0
1595994514.6201687,739.7145763726654,448.1122795434418,0
1595994514.63017,741.5148321481171,448.1122795434418,0
1595994514.6401606,743.3131138177338,448.1122795434418,0
1595994514.6501622,745.1134125085297,448.1122795434418,0
1595994514.6601694,746.914698252243,448.1122795434418,0
1595994514.6701736,748.7154690118256,448.1122795434418,0
1595994514.6801593,750.5128923745575,448.1122795434418,0
1595994514.6901739,752.3155084939423,448.1122795434418,0
1595994514.7001572,754.1125027032318,448.1122795434418,0
1595994514.7101753,755.9157625527802,448.1122795434418,0
1595994514.7201624,757.7134434075775,448.1122795434418,0
1595994514.7301748,759.5156732888641,448.1122795434418,0
1595994514.7401664,761.314169535202,448.1122795434418,0
1595994514.750175,763.1157127709808,448.1122795434418,0
1595994514.7601728,764.9153248162689,448.1122795434418,0
1595994514.7701666,766.714207300705,448.1122795434418,0
1595994514.78016,768.5130039544525,448.1122795434418,0
1595994514.7901564,770.3123585076752,448.1122795434418,0
1595994514.800165,772.113901743454,448.1122795434418,0
1595994514.8101583,773.9126983972016,448.1122795434418,0
1595994514.8201597,775.7129541726532,448.1122795434418,0
1595994514.8301592,777.512866625351,448.1122795434418,0
1595994514.8401747,779.3156544061127,448.1122795434418,0
1595994514.8501637,781.113678583664,448.1122795434418,0
1595994514.860176,782.9159084649506,448.1122795434418,0
1595994514.8701591,784.7128597588959,448.1122795434418,0
1595994514.880157,786.512471804184,448.1122795434418,0
1595994514.8901572,788.3125130029144,448.1122795434418,0
1595994514.9001644,790.1137987466278,448.1122795434418,0
1595994514.9101665,791.9141832681122,448.1122795434418,0
1595994514.9201608,793.7131515832367,448.1122795434418,0
1595994514.9301605,795.5131069512787,448.1122795434418,0
1595994514.9401662,797.3141352029266,448.1122795434418,0
1595994514.950174,799.1155496926727,448.1122795434418,0
1595994514.9601548,800.9120718331757,448.1122795434418,0
1595994514.9701588,802.712799677414,448.1122795434418,0
1595994514.9801738,804.5155016274872,448.1122795434418,0
1595994514.9901664,806.314169535202,448.1122795434418,0
1595994515.0001729,808.1153265328827,448.1122795434418,0
1595994515.0001729,0,448.1122795434418,0
1595994515.0101817,89.91386569456483,88.11227954344179,0
1595994515.0201764,91.71291984037782,88.11227954344179,0
1595994515.0301945,93.51617968992616,88.11227954344179,0
1595994515.0401847,95.31441844419862,88.11227954344179,0
1595994515.0501761,97.11287177519227,88.11227954344179,0
1595994515.0601897,98.91531623320009,88.11227954344179,0
1595994515.0701923,100.71578658537294,88.11227954344179,0
1595994515.0801942,102.51612819151308,88.11227954344179,0
1595994515.090189,104.31518233732606,88.11227954344179,0
1595994515.1001768,106.11299193815614,88.11227954344179,0
1595994515.1101897,107.91530765013124,88.11227954344179,0
1595994515.1201923,109.71577800230409,88.11227954344179,0
1595994515.13018,111.51354468778993,88.11227954344179,0
1595994515.1401937,113.31603206114198,88.11227954344179,0
1595994515.150186,115.11465705351259,88.11227954344179,0
1595994515.160179,116.91336787657167,88.11227954344179,0
1595994515.1701922,118.71576941923524,88.11227954344179,0
1595994515.1801877,120.51495231108095,88.11227954344179,0
1595994515.190188,122.31499350981142,88.11227954344179,0
1595994515.2001827,124.1140476556244,88.11227954344179,0
1595994515.21018,125.91357387022401,88.11227954344179,0
1595994515.2201796,127.71348632292177,88.11227954344179,0
1595994515.2301862,129.51468623594667,88.11227954344179,0
1595994515.2401886,131.31511367277528,88.11227954344179,0
1595994515.2501764,133.11292327360536,88.11227954344179,0
1595994515.2601914,134.9156252236786,88.11227954344179,0
1595994515.270191,136.71553767637636,88.11227954344179,0
1595994515.28018,138.51356185392763,88.11227954344179,0
1595994515.2901726,140.31222976164247,88.11227954344179,0
1595994515.3001869,142.114802965683,88.11227954344179,0
1595994515.3101726,143.91222632841493,88.11227954344179,0
1595994515.3201835,145.71419871763612,88.11227954344179,0
1595994515.3301868,147.5147978158417,88.11227954344179,0
1595994515.3401935,149.3159977288666,88.11227954344179,0
1595994515.3501806,151.11367858366395,88.11227954344179,0
1595994515.3601751,152.9126898141327,88.11227954344179,0
1595994515.3701856,154.71457637266542,88.11227954344179,0
1595994515.3801813,156.51380217985536,88.11227954344179,0
1595994515.3901768,158.31298507170106,88.11227954344179,0
1595994515.400179,160.11336959318544,88.11227954344179,0
1595994515.410193,161.91589988188173,88.11227954344179,0
1595994515.420181,163.71375239805604,88.11227954344179,0
1595994515.4301755,165.5127636285248,88.11227954344179,0
1595994515.4401853,167.3145214410248,88.11227954344179,0
1595994515.4501767,169.11297477201845,88.11227954344179,0
1595994515.460193,170.91589129881288,88.11227954344179,0
1595994515.470179,172.7134004922333,88.11227954344179,0
1595994515.4801855,174.51455748991395,88.11227954344179,0
1595994515.4901762,176.3128820748749,88.11227954344179,0
1595994515.50018,178.11356700376894,88.11227954344179,0
1595994515.5101883,179.9150673242035,88.11227954344179,0
1595994515.520181,181.71373523191835,88.11227954344179,0
1595994515.530193,183.51592219786073,88.11227954344179,0
1595994515.5401907,185.31549132780458,88.11227954344179,0
1595994515.5501842,187.11433089689638,88.11227954344179,0
1595994515.5601935,188.9160028787079,88.11227954344179,0
1595994515.570189,190.7151857705536,88.11227954344179,0
1595994515.5801735,192.51239455656435,88.11227954344179,0
1595994515.5901923,194.3157831521454,88.11227954344179,0
1595994515.6001723,196.11217654661561,88.11227954344179,0
1595994515.610182,197.91393435911561,88.11227954344179,0
1595994515.6201844,199.71436179594423,88.11227954344179,0
1595994515.6301732,201.51234305815126,88.11227954344179,0
1595994515.6401885,203.31508792356874,88.11227954344179,0
1595994515.6501904,205.11542952970888,88.11227954344179,0
1595994515.6601882,206.91504157499696,88.11227954344179,0
1595994515.6701722,208.71216453031923,88.11227954344179,0
1595994515.680187,210.51482356504823,88.11227954344179,0
1595994515.6901908,212.31550849394227,88.11227954344179,0
1595994515.7001777,214.1131464333954,88.11227954344179,0
1595994515.71018,215.913573870224,88.11227954344179,0
1595994515.7201905,217.71546042875673,88.11227954344179,0
1595994515.7301922,219.51575911955263,88.11227954344179,0
1595994515.7401729,221.31228126005556,88.11227954344179,0
1595994515.750193,223.11592734770204,88.11227954344179,0
1595994515.7601774,224.91309321836854,88.11227954344179,0
1595994515.7701745,226.71257651762392,88.11227954344179,0
1595994515.7801723,228.512188562912,88.11227954344179,0
1595994515.7901936,230.31600631193544,88.11227954344179,0
1595994515.800176,232.11282885984804,88.11227954344179,0
1595994515.8101768,233.91299880461122,88.11227954344179,0
1595994515.8201907,235.71548617796327,88.11227954344179,0
1595994515.8301747,237.51260913328554,88.11227954344179,0
1595994515.8401809,239.31372321562196,88.11227954344179,0
1595994515.850182,241.11393607572938,88.11227954344179,0
1595994515.8601809,242.91371978239442,88.11227954344179,0
1595994515.8701887,244.71513427214052,88.11227954344179,0
1595994515.8801904,246.51543296293642,88.11227954344179,0
1595994515.890191,248.31555999235536,88.11227954344179,0
1595994515.9001834,250.11418498472597,88.11227954344179,0
1595994515.910176,251.9128528924408,88.11227954344179,0
1595994515.920179,253.7133661599579,88.11227954344179,0
1595994515.9301784,255.51327861265565,88.11227954344179,0
1595994515.940172,257.31211818174745,88.11227954344179,0
1595994515.9501736,259.11241687254335,88.11227954344179,0
1595994515.9601884,260.91507590727235,88.11227954344179,0
1595994515.970187,262.71481669859315,88.11227954344179,0
1595994515.9801834,264.5141712518158,88.11227954344179,0
1595994515.9901776,266.3131395669403,88.11227954344179,0
1595994516.0001802,268.1136099191132,88.11227954344179,0
1595994516.0101726,269.9122349114838,88.11227954344179,0
1595994516.020181,271.71373523191835,88.11227954344179,0
1595994516.0301828,273.5140768380585,88.11227954344179,0
1595994516.0401804,275.31364596800233,88.11227954344179,0
1595994516.0501845,277.1143738122406,88.11227954344179,0
1595994516.0601804,278.9136425347748,88.11227954344179,0
1595994516.0701842,280.71432746366884,88.11227954344179,0
1595994516.080192,282.51574195341493,88.11227954344179,0
1595994516.0901854,284.3145386071625,88.11227954344179,0
1595994516.10019,286.11535228208925,88.11227954344179,0
1595994516.110182,287.9139343591156,88.11227954344179,0
1595994516.1201885,289.7150913567963,88.11227954344179,0
1595994516.1301908,291.5155187936249,88.11227954344179,0
1595994516.1401796,293.3135000558319,88.11227954344179,0
1595994516.1501753,295.11272586302186,88.11227954344179,0
1595994516.1601837,296.91422618345644,88.11227954344179,0
1595994516.1701865,298.7147394509735,88.11227954344179,0
1595994516.1801863,300.5146948190155,88.11227954344179,0
1595994516.1901922,302.3157659860077,88.11227954344179,0
1595994516.2001798,304.11353267149354,88.11227954344179,0
1595994516.2101822,305.91396010832216,88.11227954344179,0
1595994516.220192,307.71571792082216,88.11227954344179,0
1595994516.2301831,309.5141283364716,88.11227954344179,0
1595994516.2401829,311.31408370451356,88.11227954344179,0
1595994516.2501888,313.11515487150575,88.11227954344179,0
1595994516.2601848,314.91442359403993,88.11227954344179,0
1595994516.2701843,316.7143360467377,88.11227954344179,0
1595994516.2801843,318.5143343301239,88.11227954344179,0
1595994516.2901757,320.31278766111757,88.11227954344179,0
1595994516.3001866,322.11476005033876,88.11227954344179,0
1595994516.3101914,323.91561664060976,88.11227954344179,0
1595994516.3201904,325.71544326261903,88.11227954344179,0
1595994516.3301826,327.5140253396454,88.11227954344179,0
1595994516.3401835,329.3141952844086,88.11227954344179,0
1595994516.3494678,330.9853617043915,88.11227954344179,0
1595994516.3494678,351.2956085113174,108.42252635036775,0
1595994516.3501906,351.42572783504795,108.42252635036775,0
1595994516.360181,353.22400950466465,108.42252635036775,0
1595994516.3701868,355.0250377563126,108.42252635036775,0
1595994516.3801842,356.8245639709122,108.42252635036775,0
1595994516.3901777,358.623403540004,108.42252635036775,0
1595994516.3978434,360,108.42252635036775,1
1595994516.400181,360.4240026382096,108.42252635036775,0
1595994516.4101796,362.2237434295304,108.42252635036775,0
1595994516.420192,364.025973310817,108.42252635036775,0
1595994516.4301805,365.8239116576798,108.42252635036775,0
1595994516.4401746,367.62283705746006,108.42252635036775,0
1595994516.4483168,369.0884389785416,108.42252635036775,0
1595994516.4483168,614.7265316935625,354.0606190653886,0
1595994516.450191,615.0638892146196,354.0606190653886,0
1595994516.4601777,616.8614842387285,354.0606190653886,0
1595994516.470187,618.66315622054,354.0606190653886,0
1595994516.480178,620.4615666361894,354.0606190653886,0
1595994516.4901736,622.2607495280351,354.0606190653886,0
1595994516.5001907,624.0638377162065,354.0606190653886,0
1595994516.5101748,625.8609606715288,354.0606190653886,0
1595994516.5201771,627.6613881083574,354.0606190653886,0
1595994516.5301828,629.4624163600054,354.0606190653886,0
1595994516.5401864,631.2630583735552,354.0606190653886,0
1595994516.5501904,633.0637862177934,354.0606190653886,0
1595994516.5601728,634.860608765706,354.0606190653886,0
1595994516.5701852,636.6628386469927,354.0606190653886,0
1595994516.58019,638.4636952372637,354.0606190653886,0
1595994516.5901842,640.2626635523882,354.0606190653886,0
1595994516.600188,642.0633484812822,354.0606190653886,0
1595994516.610193,643.8642479868975,354.0606190653886,0
1595994516.6201808,645.6620575877275,354.0606190653886,0
1595994516.630187,647.463171670064,354.0606190653886,0
1595994516.6401906,649.2638136836138,354.0606190653886,0
1595994516.65018,651.0619236918535,354.0606190653886,0
1595994516.6601918,652.8640248271074,354.0606190653886,0
1595994516.6701837,654.6625639887895,354.0606190653886,0
1595994516.680181,656.4620902033892,354.0606190653886,0
1595994516.6901746,658.260929772481,354.0606190653886,0
1595994516.7001812,660.0621296855059,354.0606190653886,0
1595994516.7101912,661.8639304133501,354.0606190653886,0
1595994516.7201781,663.6615683528032,354.0606190653886,0
1595994516.7301903,665.4637553187456,354.0606190653886,0
1595994516.7401924,667.26413984023,354.0606190653886,0
1595994516.7501886,669.0634514781084,354.0606190653886,0
1595994516.76019,670.86370725356,354.0606190653886,0
1595994516.770182,672.6622464152422,354.0606190653886,0
1595994516.7801857,674.4629313441362,354.0606190653886,0
1595994516.7901819,676.2622429820146,354.0606190653886,0
1595994516.8001719,678.0604388209429,354.0606190653886,0
1595994516.8101864,679.8630549403276,354.0606190653886,0
1595994516.8201728,681.6606070490923,354.0606190653886,0
1595994516.8301768,683.4613348933306,354.0606190653886,0
1595994516.8401847,685.2627493830767,354.0606190653886,0
1595994516.8501735,687.0607306452837,354.0606190653886,0
1595994516.8601923,688.8641192408647,354.0606190653886,0
1595994516.8701866,690.6630875559893,354.0606190653886,0
1595994516.8801808,692.4620558711138,354.0606190653886,0
1595994516.8901777,694.2614962550249,354.0606190653886,0
1595994516.9001927,696.0641982050981,354.0606190653886,0
1595994516.910189,697.8635098429766,354.0606190653886,0
1595994516.9201758,699.6611477824297,354.0606190653886,0
1595994516.930182,701.4622618647661,354.0606190653886,0
1595994516.9401784,703.2616164179888,354.0606190653886,0
1595994516.9501827,705.0623871775713,354.0606190653886,0
1595994516.9601765,706.8612696620073,354.0606190653886,0
1595994516.9701838,708.6625983210649,354.0606190653886,0
1595994516.9801831,710.4624678584184,354.0606190653886,0
1595994516.9901857,712.2629382105913,354.0606190653886,0
1595994517.0001802,714.06194944106,354.0606190653886,0
1595994517.0001802,0,354.0606190653886,0
1595994517.0101883,355.86207647047894,354.0606190653886,0
1595994517.0201983,357.6638771983232,354.0606190653886,0
1595994517.0301864,359.4617297144975,354.0606190653886,0
1595994517.033185,360,354.0606190653886,1
1595994517.0402,361.2641741725053,354.0606190653886,0
1595994517.050191,363.0625416728105,354.0606190653886,0
1595994517.0601983,364.8638703318681,354.0606190653886,0
1595994517.0701842,366.66133660994427,354.0606190653886,0
1595994517.0801902,368.46240777693646,354.0606190653886,0
1595994517.0901978,370.2637793513383,354.0606190653886,0
1595994517.1001835,372.06120271407025,354.0606190653886,0
1595994517.1101925,373.86283178053753,354.0606190653886,0
1595994517.1201982,375.6638600321855,354.0606190653886,0
1595994517.130185,377.46145505629437,354.0606190653886,0
1595994517.1402001,379.26419992171185,354.0606190653886,0
1595994517.1501915,381.0626532527055,354.0606190653886,0
1595994517.1601934,382.86299485884564,354.0606190653886,0
1595994517.1701868,384.6617915125932,354.0606190653886,0
1595994517.1801994,386.46406430922406,354.0606190653886,0
1595994517.1901948,388.26324720106976,354.0606190653886,0
1595994517.2001913,390.0626017542924,354.0606190653886,0
1595994517.2102,391.86418790541546,354.0606190653886,0
1595994517.2202005,393.66427201949017,354.0606190653886,0
1595994517.2301948,395.4632403346147,354.0606190653886,0
1595994517.2401996,397.2640969248857,354.0606190653886,0
1595994517.2501905,399.06246442519085,354.0606190653886,0
1595994517.2601871,400.86186189375775,354.0606190653886,0
1595994517.2701948,402.6632334681596,354.0606190653886,0
1595994517.280197,404.463617989644,354.0606190653886,0
1595994517.2901852,406.26151342116253,354.0606190653886,0
1595994517.3001988,408.06395787917035,354.0606190653886,0
1595994517.310199,409.8639990779008,354.0606190653886,0
1595994517.3201902,411.66240949355023,354.0606190653886,0
1595994517.3301895,413.46227903090374,354.0606190653886,0
1595994517.340186,415.26167649947064,354.0606190653886,0
1595994517.350199,417.06399221144574,354.0606190653886,0
1595994517.3601875,418.86193055830853,354.0606190653886,0
1595994517.3701842,420.6613280268754,354.0606190653886,0
1595994517.3801897,422.46231336317913,354.0606190653886,0
1595994517.39019,424.2623545619096,354.0606190653886,0
1595994517.4001806,426.06067914687054,354.0606190653886,0
1595994517.410193,427.86290902815716,354.0606190653886,0
1595994517.420189,429.66217775069134,354.0606190653886,0
1595994517.4301903,431.462433526143,354.0606190653886,0
1595994517.4401867,433.26178807936566,354.0606190653886,0
1595994517.450197,435.06363172255413,354.0606190653886,0
1595994517.4601855,436.8615700694169,354.0606190653886,0
1595994517.4672027,438.124654481038,354.0606190653886,0
1595994517.4672027,635.4373963443114,551.373360928662,0
1595994517.4701834,635.9739239779784,551.373360928662,0
1595994517.4801962,637.7762396899535,551.373360928662,0
1595994517.4860618,638.8320429889037,551.373360928662,0
1595994517.4860618,695.6496128966711,608.1909308364294,0
1595994517.4901888,696.3924775054357,608.1909308364294,0
1595994517.5001957,698.1937203338049,608.1909308364294,0
1595994517.510191,699.9928603103064,608.1909308364294,0
1595994517.520181,701.7910561492346,608.1909308364294,0
1595994517.5301914,703.5929427077673,608.1909308364294,0
1595994517.5401807,705.3910098006628,608.1909308364294,0
1595994517.5501914,707.1929392745398,608.1909308364294,0
1595994517.5601943,708.9934525420568,608.1909308364294,0
1595994517.570185,710.7917771270178,608.1909308364294,0
