Timestamp,Phase,Heading,Ping?
1595991763.0000844,130.0,130.0,0
1595991763.0101032,131.80227279663086,130.0,0
1595991763.0200934,133.60051155090332,130.0,0
1595991763.0301058,135.40274143218994,130.0,0
1595991763.040101,137.2018814086914,130.0,0
1595991763.0501075,139.00303840637207,130.0,0
1595991763.060098,140.80132007598877,130.0,0
1595991763.070105,142.60260581970215,130.0,0
1595991763.0801036,144.40234661102295,130.0,0
1595991763.0901022,146.20208740234375,130.0,0
1595991763.1000926,148.00036907196045,130.0,0
1595991763.1100972,149.8011827468872,130.0,0
1595991763.1201038,151.6023826599121,130.0,0
1595991763.1300974,153.4012222290039,130.0,0
1595991763.140094,155.2006196975708,130.0,0
1595991763.1500921,157.00027465820312,130.0,0
1595991763.1601083,158.80319118499756,130.0,0
1595991763.1700988,160.60147285461426,130.0,0
1595991763.1801012,162.40190029144287,130.0,0
1595991763.190104,164.20241355895996,130.0,0
1595991763.2001033,166.00228309631348,130.0,0
1595991763.210091,167.80009269714355,130.0,0
1595991763.220111,169.60365295410156,130.0,0
1595991763.2300925,171.40034675598145,130.0,0
1595991763.2401073,173.20300579071045,130.0,0
1595991763.2500978,175.00128746032715,130.0,0
1595991763.2601004,176.8017578125,130.0,0
1595991763.2701087,178.60325813293457,130.0,0
1595991763.2800958,180.40093898773193,130.0,0
1595991763.2901056,182.20269680023193,130.0,0
1595991763.3000956,184.00089263916016,130.0,0
1595991763.3100953,185.80084800720215,130.0,0
1595991763.3201106,187.60359287261963,130.0,0
1595991763.330097,189.40114498138428,130.0,0
1595991763.3400965,191.20105743408203,130.0,0
1595991763.3501031,193.00225734710693,130.0,0
1595991763.36011,194.80350017547607,130.0,0
1595991763.3700907,196.600022315979,130.0,0
1595991763.380109,198.40332508087158,130.0,0
1595991763.3901079,200.20310878753662,130.0,0
1595991763.4001083,202.00319290161133,130.0,0
1595991763.4101074,203.8030195236206,130.0,0
1595991763.4201083,205.6031894683838,130.0,0
1595991763.4301043,207.40245819091797,130.0,0
1595991763.4401052,209.20262813568115,130.0,0
1595991763.4500966,211.0010814666748,130.0,0
1595991763.4600997,212.80163764953613,130.0,0
1595991763.470097,214.60116386413574,130.0,0
1595991763.4801073,216.40300750732422,130.0,0
1595991763.4901104,218.20356369018555,130.0,0
1595991763.5000978,220.00128746032715,130.0,0
1595991763.5100987,221.80145740509033,130.0,0
1595991763.5200984,223.60141277313232,130.0,0
1595991763.5300918,225.40020942687988,130.0,0
1595991763.5401032,227.20226764678955,130.0,0
1595991763.5500927,229.0003776550293,130.0,0
1595991763.5600967,230.80110549926758,130.0,0
1595991763.570094,232.6006317138672,130.0,0
1595991763.580097,234.40114498138428,130.0,0
1595991763.5901058,236.20273113250732,130.0,0
1595991763.6001096,238.00341606140137,130.0,0
1595991763.6101034,239.8022985458374,130.0,0
1595991763.6201038,241.6023826599121,130.0,0
1595991763.6300924,243.4003210067749,130.0,0
1595991763.6400938,245.20057678222656,130.0,0
1595991763.6501105,247.00357913970947,130.0,0
1595991763.660095,248.80078792572021,130.0,0
1595991763.6701045,250.60250282287598,130.0,0
1595991763.6801062,252.40280151367188,130.0,0
1595991763.6901112,254.2037010192871,130.0,0
1595991763.7001088,256.00327014923096,130.0,0
1595991763.7101042,257.80245304107666,130.0,0
1595991763.720102,259.60206508636475,130.0,0
1595991763.730097,261.401162147522,130.0,0
1595991763.7401068,263.202919960022,130.0,0
1595991763.7500997,265.00163078308105,130.0,0
1595991763.7601008,266.8018436431885,130.0,0
1595991763.7701077,268.6030864715576,130.0,0
1595991763.7801087,270.4032564163208,130.0,0
1595991763.7900944,272.20067977905273,130.0,0
1595991763.8000927,274.0003776550293,130.0,0
1595991763.8101087,275.8032512664795,130.0,0
1595991763.8201094,277.60337829589844,130.0,0
1595991763.8300998,279.40165996551514,130.0,0
1595991763.8401058,281.2027311325073,130.0,0
1595991763.8500955,283.0008840560913,130.0,0
1595991763.8601062,284.80281352996826,130.0,0
1595991763.870097,286.6011381149292,130.0,0
1595991763.8800988,288.40147972106934,130.0,0
1595991763.8900983,290.2013921737671,130.0,0
1595991763.900095,292.000789642334,130.0,0
1595991763.9100902,293.79992961883545,130.0,0
1595991763.9200983,295.6013870239258,130.0,0
1595991763.9300978,297.40129947662354,130.0,0
1595991763.94011,299.2034864425659,130.0,0
1595991763.9500973,301.0012102127075,130.0,0
1595991763.9601095,302.8033971786499,130.0,0
1595991763.9701025,304.6021509170532,130.0,0
1595991763.9800982,306.40137672424316,130.0,0
1595991763.9901056,308.2027053833008,130.0,0
1595991764.0000992,310.0015449523926,130.0,0
1595991764.0100927,311.8003845214844,130.0,0
1595991764.0200982,313.6013698577881,130.0,0
1595991764.0244808,314.3902397155762,130.0,0
1595991764.0244808,328.0731678009033,143.68292808532715,0
1595991764.0301087,329.08618450164795,143.68292808532715,0
1595991764.0400908,330.8829641342163,143.68292808532715,0
1595991764.0500908,332.68296241760254,143.68292808532715,0
1595991764.060103,334.4851493835449,143.68292808532715,0
1595991764.0701103,336.28647804260254,143.68292808532715,0
1595991764.0801055,338.085618019104,143.68292808532715,0
1595991764.0900908,339.88295555114746,143.68292808532715,0
1595991764.1000946,341.6836404800415,143.68292808532715,0
1595991764.1101072,343.48591327667236,143.68292808532715,0
1595991764.1200995,345.28453826904297,143.68292808532715,0
1595991764.120829,345.4158592224121,143.68292808532715,0
1595991764.120829,349.7911014556885,148.05817031860352,0
1595991764.1301026,351.46033668518066,148.05817031860352,0
1595991764.1401086,353.26140785217285,148.05817031860352,0
1595991764.1501026,355.0603332519531,148.05817031860352,0
1595991764.1600926,356.85852909088135,148.05817031860352,0
1595991764.1700933,358.6586561203003,148.05817031860352,0
1595991764.1775558,360,148.05817031860352,1
1595991764.1800983,360.4595556259155,148.05817031860352,0
1595991764.1900914,362.25830936431885,148.05817031860352,0
1595991764.2001102,364.0616979598999,148.05817031860352,0
1595991764.2100973,365.85937881469727,148.05817031860352,0
1595991764.2200894,367.65796089172363,148.05817031860352,0
1595991764.2301075,369.461220741272,148.05817031860352,0
1595991764.2401009,371.26001739501953,148.05817031860352,0
1595991764.2501059,373.06091690063477,148.05817031860352,0
1595991764.2600906,374.85816860198975,148.05817031860352,0
1595991764.2700975,376.6594114303589,148.05817031860352,0
1595991764.2801087,378.4614267349243,148.05817031860352,0
1595991764.290091,380.2582492828369,148.05817031860352,0
1595991764.3001053,382.06082248687744,148.05817031860352,0
1595991764.3100958,383.85910415649414,148.05817031860352,0
1595991764.320105,385.66077613830566,148.05817031860352,0
1595991764.3301017,387.46017360687256,148.05817031860352,0
1595991764.3400931,389.2586269378662,148.05817031860352,0
1595991764.3500948,391.0589256286621,148.05817031860352,0
1595991764.3601005,392.85995388031006,148.05817031860352,0
1595991764.3701053,394.66081047058105,148.05817031860352,0
1595991764.3801038,396.46055126190186,148.05817031860352,0
1595991764.3901026,398.2603349685669,148.05817031860352,0
1595991764.4001112,400.0618782043457,148.05817031860352,0
1595991764.4100966,401.8592586517334,148.05817031860352,0
1595991764.4201024,403.66028690338135,148.05817031860352,0
1595991764.4300997,405.45981311798096,148.05817031860352,0
1595991764.4401097,407.2616138458252,148.05817031860352,0
1595991764.4500995,409.0597667694092,148.05817031860352,0
1595991764.4601042,410.8606233596802,148.05817031860352,0
1595991764.4701061,412.6609649658203,148.05817031860352,0
1595991764.4800892,414.4579162597656,148.05817031860352,0
1595991764.49011,416.2616481781006,148.05817031860352,0
1595991764.5000916,418.05834197998047,148.05817031860352,0
1595991764.5100992,419.8597135543823,148.05817031860352,0
1595991764.5201018,421.6601839065552,148.05817031860352,0
1595991764.5300925,423.4585084915161,148.05817031860352,0
1595991764.5401034,425.2604808807373,148.05817031860352,0
1595991764.550094,427.058762550354,148.05817031860352,0
1595991764.5601094,428.8615503311157,148.05817031860352,0
1595991764.5700955,430.65905952453613,148.05817031860352,0
1595991764.5800998,432.45983028411865,148.05817031860352,0
1595991764.5900972,434.25935649871826,148.05817031860352,0
1595991764.6001022,436.0602560043335,148.05817031860352,0
1595991764.6100976,437.8594388961792,148.05817031860352,0
1595991764.6200907,439.6581926345825,148.05817031860352,0
1595991764.6300983,441.4595642089844,148.05817031860352,0
1595991764.640106,443.26093578338623,148.05817031860352,0
1595991764.650093,445.0586166381836,148.05817031860352,0
1595991764.660096,446.8591299057007,148.05817031860352,0
1595991764.6700995,448.6597719192505,148.05817031860352,0
1595991764.6800966,450.45925521850586,148.05817031860352,0
1595991764.6900983,452.25955390930176,148.05817031860352,0
1595991764.7001078,454.0612688064575,148.05817031860352,0
1595991764.7100906,455.8581771850586,148.05817031860352,0
1595991764.7200913,457.65830421447754,148.05817031860352,0
1595991764.7300982,459.4595470428467,148.05817031860352,0
1595991764.7400954,461.25903034210205,148.05817031860352,0
1595991764.7501101,463.06168937683105,148.05817031860352,0
1595991764.760101,464.86005687713623,148.05817031860352,0
1595991764.770099,466.6596689224243,148.05817031860352,0
1595991764.7800987,468.4596242904663,148.05817031860352,0
1595991764.7901068,470.26108169555664,148.05817031860352,0
1595991764.8001015,472.06013584136963,148.05817031860352,0
1595991764.810094,473.8588037490845,148.05817031860352,0
1595991764.8200896,475.6579866409302,148.05817031860352,0
1595991764.8301063,477.4609889984131,148.05817031860352,0
1595991764.840098,479.259485244751,148.05817031860352,0
1595991764.8501074,481.06120014190674,148.05817031860352,0
1595991764.860098,482.85948181152344,148.05817031860352,0
1595991764.8700953,484.65900802612305,148.05817031860352,0
1595991764.8801105,486.4617528915405,148.05817031860352,0
1595991764.8901095,488.2615795135498,148.05817031860352,0
1595991764.9001048,490.06071949005127,148.05817031860352,0
1595991764.910094,491.8587865829468,148.05817031860352,0
1595991764.9200928,493.6585702896118,148.05817031860352,0
1595991764.930094,495.45878314971924,148.05817031860352,0
1595991764.9400918,497.2583951950073,148.05817031860352,0
1595991764.9501011,499.06006717681885,148.05817031860352,0
1595991764.9601092,500.8615245819092,148.05817031860352,0
1595991764.9700959,502.65911960601807,148.05817031860352,0
1595991764.9801004,504.4599332809448,148.05817031860352,0
1595991764.9900954,506.25903034210205,148.05817031860352,0
1595991765.0000975,508.0594148635864,148.05817031860352,0
1595991765.0000975,0,148.05817031860352,0
1595991765.010116,149.86151599884033,148.05817031860352,0
1595991765.0201175,151.661771774292,148.05817031860352,0
1595991765.0301158,153.46146965026855,148.05817031860352,0
1595991765.0401044,155.25940799713135,148.05817031860352,0
1595991765.0501096,157.06035041809082,148.05817031860352,0
1595991765.0601096,158.86034870147705,148.05817031860352,0
1595991765.0701172,160.6617202758789,148.05817031860352,0
1595991765.0771985,161.9363489151001,148.05817031860352,0
1595991765.0771985,221.35544424057008,207.4772656440735,0
1595991765.0800986,221.87746648788453,207.4772656440735,0
1595991765.0901005,223.67780809402467,207.4772656440735,0
1595991765.1001036,225.478364276886,207.4772656440735,0
1595991765.110112,227.27986459732057,207.4772656440735,0
1595991765.120115,229.0804207801819,207.4772656440735,0
1595991765.1301026,230.87818746566774,207.4772656440735,0
1595991765.140113,232.68007402420045,207.4772656440735,0
1595991765.1501038,234.4783986091614,207.4772656440735,0
1595991765.1601162,236.280628490448,207.4772656440735,0
1595991765.170099,238.07753686904908,207.4772656440735,0
1595991765.1801188,239.8810971260071,207.4772656440735,0
1595991765.1901011,241.6779196739197,207.4772656440735,0
1595991765.2001114,243.47976331710817,207.4772656440735,0
1595991765.2101095,245.2794182777405,207.4772656440735,0
1595991765.2201078,247.07911615371705,207.4772656440735,0
1595991765.2301118,248.87984399795533,207.4772656440735,0
1595991765.2401054,250.67868356704713,207.4772656440735,0
1595991765.25011,252.4794972419739,207.4772656440735,0
1595991765.2601137,254.28018217086793,207.4772656440735,0
1595991765.2701092,256.07936506271363,207.4772656440735,0
1595991765.280103,257.87824754714967,207.4772656440735,0
1595991765.2901137,259.6801770210266,207.4772656440735,0
1595991765.3001142,261.48026113510133,207.4772656440735,0
1595991765.3101065,263.27888612747194,207.4772656440735,0
1595991765.320101,265.0778973579407,207.4772656440735,0
1595991765.3301158,266.8805563926697,207.4772656440735,0
1595991765.3401177,268.6808979988098,207.4772656440735,0
1595991765.3501108,270.47965173721315,207.4772656440735,0
1595991765.360113,272.2800362586975,207.4772656440735,0
1595991765.3701138,274.0802062034607,207.4772656440735,0
1595991765.3801014,275.87797288894654,207.4772656440735,0
1595991765.3901186,277.68106107711793,207.4772656440735,0
1595991765.4001164,279.480673122406,207.4772656440735,0
1595991765.4048114,280.32576208114625,207.4772656440735,0
1595991765.4048114,304.22803345680234,231.3795370197296,0
1595991765.4101107,305.1819128131866,231.3795370197296,0
1595991765.4201033,306.98058072090146,231.3795370197296,0
1595991765.4300978,308.7795919513702,231.3795370197296,0
1595991765.4401174,310.583109292984,231.3795370197296,0
1595991765.4501164,312.38293591499325,231.3795370197296,0
1595991765.4601014,314.1802305316925,231.3795370197296,0
1595991765.4700997,315.97992840766904,231.3795370197296,0
1595991765.480115,317.7826732730865,231.3795370197296,0
1595991765.4901135,319.5824140644073,231.3795370197296,0
1595991765.5001042,321.38073864936825,231.3795370197296,0
1595991765.5101051,323.18090859413144,231.3795370197296,0
1595991765.5201156,324.98279515266415,231.3795370197296,0
1595991765.5301082,326.781463060379,231.3795370197296,0
1595991765.540115,328.58270588874814,231.3795370197296,0
1595991765.5501087,330.38154545783993,231.3795370197296,0
1595991765.5601177,332.1831745243072,231.3795370197296,0
1595991765.5701127,333.98227158546445,231.3795370197296,0
1595991765.5801098,335.7817548847198,231.3795370197296,0
1595991765.5901055,337.58098069190976,231.3795370197296,0
1595991765.6000986,339.3797344303131,231.3795370197296,0
1595991765.6101034,341.1805910205841,231.3795370197296,0
1595991765.6201031,342.98054638862607,231.3795370197296,0
1595991765.6301005,344.7800726032257,231.3795370197296,0
1595991765.640115,346.58268872261044,231.3795370197296,0
1595991765.6501014,348.3802408313751,231.3795370197296,0
1595991765.660106,350.18105450630185,231.3795370197296,0
1595991765.670115,351.98268357276913,231.3795370197296,0
1595991765.6801052,353.7809223270416,231.3795370197296,0
1595991765.6901004,355.58006230354306,231.3795370197296,0
1595991765.7001162,357.382892999649,231.3795370197296,0
1595991765.7100983,359.1796726322174,231.3795370197296,0
1595991765.7146735,360,231.3795370197296,1
1595991765.7201161,360.9828895664215,231.3795370197296,0
1595991765.7301092,362.7816433048248,231.3795370197296,0
1595991765.7401063,364.58112660408017,231.3795370197296,0
1595991765.750116,366.38288441658017,231.3795370197296,0
1595991765.7601156,368.1827968692779,231.3795370197296,0
1595991765.7701151,369.9827093219757,231.3795370197296,0
1595991765.7800972,371.77948895454404,231.3795370197296,0
1595991765.7901003,373.58004513740536,231.3795370197296,0
1595991765.8000984,375.3797000980377,231.3795370197296,0
1595991765.8101,377.1799987888336,231.3795370197296,0
1595991765.8201122,378.98218575477597,231.3795370197296,0
1595991765.8301,380.77999535560605,231.3795370197296,0
1595991765.8401031,382.5805515384674,231.3795370197296,0
1595991765.850104,384.38072148323056,231.3795370197296,0
1595991765.860106,386.1810630893707,231.3795370197296,0
1595991765.8701134,387.9823917484283,231.3795370197296,0
1595991765.8801012,389.7802013492584,231.3795370197296,0
1595991765.8900967,391.5793842411041,231.3795370197296,0
1595991765.9001105,393.38187161445614,231.3795370197296,0
1595991765.9101057,395.1810115909576,231.3795370197296,0
1595991765.920105,396.9808811283111,231.3795370197296,0
1595991765.9301176,398.783153924942,231.3795370197296,0
1595991765.9401014,400.58023396492,231.3795370197296,0
1595991765.9501054,402.3809618091583,231.3795370197296,0
1595991765.9601057,404.18100300788876,231.3795370197296,0
1595991765.9701114,405.9820312595367,231.3795370197296,0
1595991765.9801059,407.78104249000546,231.3795370197296,0
1595991765.9900997,409.5799249744415,231.3795370197296,0
1595991766.0001068,411.3812107181549,231.3795370197296,0
1595991766.0101142,413.1825393772125,231.3795370197296,0
1595991766.0201097,414.9817222690582,231.3795370197296,0
1595991766.0301101,416.7818063831329,231.3795370197296,0
1595991766.0401046,418.58081761360165,231.3795370197296,0
1595991766.050097,420.37944260597226,231.3795370197296,0
1595991766.060108,422.18141499519345,231.3795370197296,0
1595991766.070118,423.9832157230377,231.3795370197296,0
1595991766.0801005,425.7800811862945,231.3795370197296,0
1595991766.0901158,427.582826051712,231.3795370197296,0
1595991766.100118,429.3832105731964,231.3795370197296,0
1595991766.1101093,431.18166390419003,231.3795370197296,0
1595991766.120101,432.9801601505279,231.3795370197296,0
1595991766.1301074,434.7813171482086,231.3795370197296,0
1595991766.1401026,436.58045712471005,231.3795370197296,0
1595991766.1500976,438.3795541858673,231.3795370197296,0
1595991766.1601007,440.1801103687286,231.3795370197296,0
1595991766.1701002,441.98002282142636,231.3795370197296,0
1595991766.1801064,443.7811369037628,231.3795370197296,0
1595991766.190114,445.58250847816464,231.3795370197296,0
1595991766.200118,447.3832363224029,231.3795370197296,0
1595991766.210103,449.18053093910214,231.3795370197296,0
1595991766.2201095,450.9816879367828,231.3795370197296,0
1595991766.230113,452.7823299503326,231.3795370197296,0
1595991766.240105,454.58086911201474,231.3795370197296,0
1595991766.2501087,456.3815540409088,231.3795370197296,0
1595991766.2601144,458.18258229255673,231.3795370197296,0
1595991766.2701042,459.9807352161407,231.3795370197296,0
1595991766.2801006,461.78008976936337,231.3795370197296,0
1595991766.2900975,463.5795301532745,231.3795370197296,0
1595991766.30011,465.38180294990536,231.3795370197296,0
1595991766.3101134,467.18240204811093,231.3795370197296,0
1595991766.3201113,468.982014093399,231.3795370197296,0
1595991766.3300984,470.7796949481964,231.3795370197296,0
1595991766.3401043,472.58076611518857,231.3795370197296,0
1595991766.3501148,474.3826526737213,231.3795370197296,0
1595991766.3601117,476.1820930576324,231.3795370197296,0
1595991766.3701055,477.98097554206845,231.3795370197296,0
1595991766.380101,479.78015843391415,231.3795370197296,0
1595991766.3901145,481.58260289192197,231.3795370197296,0
1595991766.4001164,483.3829444980621,231.3795370197296,0
1595991766.41011,485.1817840671539,231.3795370197296,0
1595991766.420113,486.9823402500152,231.3795370197296,0
1595991766.4301157,488.7828106021881,231.3795370197296,0
1595991766.4401073,490.58130684852597,231.3795370197296,0
1595991766.450104,492.38070431709286,231.3795370197296,0
1595991766.460104,494.1807026004791,231.3795370197296,0
1595991766.470099,495.9797996616363,231.3795370197296,0
1595991766.4801135,497.7824157810211,231.3795370197296,0
1595991766.4901035,499.5806116199493,231.3795370197296,0
1595991766.5001132,501.3823694324493,231.3795370197296,0
1595991766.5101044,503.1807798480987,231.3795370197296,0
1595991766.520101,504.9801773166656,231.3795370197296,0
1595991766.530108,506.78142014503476,231.3795370197296,0
1595991766.5401084,508.58150425910947,231.3795370197296,0
1595991766.5501072,510.3812879657745,231.3795370197296,0
1595991766.5601022,512.1803850269317,231.3795370197296,0
1595991766.5701013,513.980211648941,231.3795370197296,0
1595991766.580114,515.7824844455719,231.3795370197296,0
1595991766.5901089,517.5815815067291,231.3795370197296,0
1595991766.6001034,519.3805927371978,231.3795370197296,0
1595991766.6101017,521.1802906131744,231.3795370197296,0
1595991766.6201022,522.9803747272491,231.3795370197296,0
1595991766.6301143,524.7825616931915,231.3795370197296,0
1595991766.640099,526.5798133945465,231.3795370197296,0
1595991766.6501098,528.3817428684234,231.3795370197296,0
1595991766.6601,530.1799816226959,231.3795370197296,0
1595991766.6700978,531.979593667984,231.3795370197296,0
1595991766.6800997,533.7799352741241,231.3795370197296,0
1595991766.690109,535.5816072559356,231.3795370197296,0
1595991766.700097,537.37945977211,231.3795370197296,0
1595991766.7101107,539.1819042301178,231.3795370197296,0
1595991766.7201176,540.9831470584869,231.3795370197296,0
1595991766.7301166,542.7829736804962,231.3795370197296,0
1595991766.7401078,544.5813840961456,231.3795370197296,0
1595991766.7501032,546.3805669879913,231.3795370197296,0
1595991766.7601104,548.1818527317047,231.3795370197296,0
1595991766.7701128,549.9822801685333,231.3795370197296,0
1595991766.7800999,551.7799610233307,231.3795370197296,0
1595991766.7901077,553.5813755130768,231.3795370197296,0
1595991766.8001127,555.382275018692,231.3795370197296,0
1595991766.8101027,557.1804708576202,231.3795370197296,0
1595991766.8201075,558.9813274478912,231.3795370197296,0
1595991766.8301156,560.7827848529815,231.3795370197296,0
1595991766.8401146,562.5826114749908,231.3795370197296,0
1595991766.8501177,564.3831676578521,231.3795370197296,0
1595991766.8601022,566.1803764438629,231.3795370197296,0
1595991766.8701077,567.9813617801666,231.3795370197296,0
1595991766.8801012,569.7802013492584,231.3795370197296,0
1595991766.8901007,571.5801138019561,231.3795370197296,0
1595991766.9001052,573.3809274768829,231.3795370197296,0
1595991766.9100974,575.1795095539093,231.3795370197296,0
1595991766.9201071,576.9812673664093,231.3795370197296,0
1595991766.9301033,578.7805790042877,231.3795370197296,0
1595991766.9400961,580.5792898273468,231.3795370197296,0
1595991766.9500961,582.379288110733,231.3795370197296,0
1595991766.960101,584.180144701004,231.3795370197296,0
1595991766.9700987,585.9797567462921,231.3795370197296,0
1595991766.980099,587.7797979450226,231.3795370197296,0
1595991766.9901056,589.5809978580475,231.3795370197296,0
1595991767.0001156,591.3827985858917,231.3795370197296,0
1595991767.0001156,0,231.3795370197296,0
1595991767.0101237,233.18099442481994,231.3795370197296,0
1595991767.0201259,234.98137894630432,231.3795370197296,0
1595991767.0301301,236.78214970588684,231.3795370197296,0
1595991767.0401232,238.58090344429016,231.3795370197296,0
1595991767.0501308,240.382275018692,231.3795370197296,0
1595991767.0601301,242.18214455604553,231.3795370197296,0
1595991767.0701191,243.9801687335968,231.3795370197296,0
1595991767.0801377,245.78351441383361,231.3795370197296,0
1595991767.0901225,247.5807661151886,231.3795370197296,0
1595991767.1001365,249.38329640388488,231.3795370197296,0
1595991767.1101162,251.17964688301086,231.3795370197296,0
1595991767.1201205,252.98041764259338,231.3795370197296,0
1595991767.130134,254.7828621006012,231.3795370197296,0
1595991767.1401207,256.58045712471005,231.3795370197296,0
1595991767.1501188,258.3801120853424,231.3795370197296,0
1595991767.1601322,260.18251362800595,231.3795370197296,0
1595991767.1701257,261.98135319709775,231.3795370197296,0
1595991767.1801314,263.7823814487457,231.3795370197296,0
1595991767.190127,265.5815643405914,231.3795370197296,0
1595991767.2001297,267.3820776081085,231.3795370197296,0
1595991767.2101285,269.1818613147735,231.3795370197296,0
1595991767.2201314,270.9823745822906,231.3795370197296,0
1595991767.230133,272.7826732730865,231.3795370197296,0
1595991767.2401197,274.5802682971954,231.3795370197296,0
1595991767.2501338,276.3827985858917,231.3795370197296,0
1595991767.2601154,278.1794923877716,231.3795370197296,0
1595991767.2701337,279.98279515266415,231.3795370197296,0
1595991767.2801294,281.7820209598541,231.3795370197296,0
1595991767.2901232,283.58090344429013,231.3795370197296,0
1595991767.3001256,285.38133088111874,231.3795370197296,0
1595991767.310118,287.17995587348935,231.3795370197296,0
1595991767.3201206,288.9804262256622,231.3795370197296,0
1595991767.330126,290.7814115619659,231.3795370197296,0
1595991767.340127,292.5815815067291,231.3795370197296,0
1595991767.3501174,294.3798631763458,231.3795370197296,0
1595991767.3601196,296.18024769783017,231.3795370197296,0
1595991767.3701231,297.98088971138,231.3795370197296,0
1595991767.3801157,299.7795576190948,231.3795370197296,0
1595991767.3901153,301.57947007179257,231.3795370197296,0
1595991767.400116,303.3795971012115,231.3795370197296,0
1595991767.4101255,305.1813119983673,231.3795370197296,0
1595991767.4201233,306.98092404365536,231.3795370197296,0
1595991767.4301271,308.7816089725494,231.3795370197296,0
1595991767.4401336,310.58276597023007,231.3795370197296,0
1595991767.4501333,312.38272133827206,231.3795370197296,0
1595991767.4601195,314.1802305316925,231.3795370197296,0
1595991767.4701276,315.9816879367828,231.3795370197296,0
1595991767.4801333,317.78271618843075,231.3795370197296,0
1595991767.490134,319.5828432178497,231.3795370197296,0
1595991767.5001328,321.38262692451474,231.3795370197296,0
1595991767.5101333,323.18271103858945,231.3795370197296,0
1595991767.5201273,324.9816364383697,231.3795370197296,0
1595991767.5301163,326.779660615921,231.3795370197296,0
1595991767.5401168,328.5797447299957,231.3795370197296,0
1595991767.550125,330.381202135086,231.3795370197296,0
1595991767.5601315,332.18240204811093,231.3795370197296,0
1595991767.5701237,333.9809841251373,231.3795370197296,0
1595991767.5801234,335.7809394931793,231.3795370197296,0
1595991767.5901344,337.5829118824005,231.3795370197296,0
1595991767.6001318,339.3824380970001,231.3795370197296,0
1595991767.6101346,341.1829513645172,231.3795370197296,0
1595991767.6201186,342.98007431983945,231.3795370197296,0
1595991767.6301324,344.7825616931915,231.3795370197296,0
1595991767.6401224,346.5807575321197,231.3795370197296,0
1595991767.6501267,348.38152829170224,231.3795370197296,0
1595991767.6601205,350.1804107761383,231.3795370197296,0
1595991767.6701353,351.9830698108673,231.3795370197296,0
1595991767.6801367,353.78332558631894,231.3795370197296,0
1595991767.6901264,355.5814785099029,231.3795370197296,0
1595991767.7001188,357.3801035022735,231.3795370197296,0
1595991767.7101154,359.1795009708404,231.3795370197296,0
1595991767.7146761,360,231.3795370197296,1
1595991767.7201214,360.9805721378326,231.3795370197296,0
1595991767.7301157,362.7795404529571,231.3795370197296,0
1595991767.7401283,364.581813249588,231.3795370197296,0
1595991767.7501345,366.3829273319244,231.3795370197296,0
1595991767.7601252,368.18125191688534,231.3795370197296,0
1595991767.7701151,369.97944775581357,231.3795370197296,0
1595991767.7801323,371.78253594398495,231.3795370197296,0
1595991767.790129,373.58193341255185,231.3795370197296,0
1595991767.8001308,375.382275018692,231.3795370197296,0
1595991767.8101296,377.182058725357,231.3795370197296,0
1595991767.8201218,378.9806408023834,231.3795370197296,0
1595991767.830132,380.78248444557187,231.3795370197296,0
1595991767.8401191,382.58016530036923,231.3795370197296,0
1595991767.8501215,384.38059273719784,231.3795370197296,0
1595991767.8601236,386.1809772586822,231.3795370197296,0
1595991767.8701148,387.97938767433163,231.3795370197296,0
1595991767.8801208,389.7804588413238,231.3795370197296,0
1595991767.8901362,391.58324662208554,231.3795370197296,0
1595991767.9001236,393.38097039222714,231.3795370197296,0
1595991767.9101222,395.18071118354794,231.3795370197296,0
1595991767.9201317,396.9824260807037,231.3795370197296,0
1595991767.930131,398.7822956180572,231.3795370197296,0
1595991767.940127,400.5815643405914,231.3795370197296,0
1595991767.950115,402.3794168567657,231.3795370197296,0
1595991767.9601188,404.18010178565976,231.3795370197296,0
1595991767.970126,405.98138752937314,231.3795370197296,0
1595991767.9801319,407.7824586963653,231.3795370197296,0
1595991767.990115,409.57940999031064,231.3795370197296,0
1595991768.0001175,411.3798803424835,231.3795370197296,0
1595991768.010133,413.1826681232452,231.3795370197296,0
1595991768.0201337,414.98279515266415,231.3795370197296,0
1595991768.0301342,416.78287926673886,231.3795370197296,0
1595991768.0401285,418.58184758186337,231.3795370197296,0
1595991768.050122,420.38068715095517,231.3795370197296,0
1595991768.0601153,422.1794838047027,231.3795370197296,0
1595991768.070127,423.98158493995663,231.3795370197296,0
1595991768.0801227,425.7808107471466,231.3795370197296,0
1595991768.0901208,427.5804657077789,231.3795370197296,0
1595991768.100133,429.3826526737213,231.3795370197296,0
1595991768.1101155,431.1795181369781,231.3795370197296,0
1595991768.1201236,432.98097554206845,231.3795370197296,0
1595991768.1301339,434.7828191852569,231.3795370197296,0
1595991768.140133,436.5826458072662,231.3795370197296,0
1595991768.1449065,437.44189682960507,231.3795370197296,0
1595991768.1449065,522.2093277807236,316.1469679708481,0
1595991768.1501358,523.1505900259018,316.1469679708481,0
1595991768.1601257,524.94878586483,316.1469679708481,0
1595991768.1701217,526.7480545873642,316.1469679708481,0
1595991768.1801212,528.547967040062,316.1469679708481,0
1595991768.1901152,530.3468924398422,316.1469679708481,0
1595991768.2001257,532.148778998375,316.1469679708481,0
1595991768.2101207,533.9478760595322,316.1469679708481,0
1595991768.220132,535.7499342794418,316.1469679708481,0
1595991768.2301233,537.5483446950913,316.1469679708481,0
1595991768.2401335,539.3501883382797,316.1469679708481,0
1595991768.250136,541.1506157751083,316.1469679708481,0
1595991768.2601187,542.9475241537094,316.1469679708481,0
1595991768.2701144,544.7467499608994,316.1469679708481,0
1595991768.2801354,546.5505247945786,316.1469679708481,0
1595991768.2901247,548.3485918874741,316.1469679708481,0
1595991768.3001235,550.1483755941391,316.1469679708481,0
1595991768.3101194,551.9476443166733,316.1469679708481,0
1595991768.3201296,553.7494879598618,316.1469679708481,0
1595991768.330115,555.5468684072495,316.1469679708481,0
1595991768.3401296,557.3494845266342,316.1469679708481,0
1595991768.3501272,559.1490536565781,316.1469679708481,0
1595991768.3601162,560.9470778341293,316.1469679708481,0
1595991768.370133,562.7500801916123,316.1469679708481,0
1595991768.3801193,564.5476323003769,316.1469679708481,0
1595991768.3901339,566.3502484197617,316.1469679708481,0
1595991768.400134,568.1502896184921,316.1469679708481,0
1595991768.4101343,569.9503308172226,316.1469679708481,0
1595991768.4201205,571.747840010643,316.1469679708481,0
1595991768.4301267,573.5489540929794,316.1469679708481,0
1595991768.4312708,573.754904829979,316.1469679708481,0
1595991768.4312708,257.62843338098526,0.020496521854397542,0
1595991768.4401367,259.22428337183,0.020496521854397542,0
1595991768.4501255,261.022264634037,0.020496521854397542,0
1595991768.46012,262.82127586450576,0.020496521854397542,0
1595991768.4701273,264.6226045235634,0.020496521854397542,0
1595991768.4801292,266.4229461297035,0.020496521854397542,0
1595991768.4901173,268.22079864587784,0.020496521854397542,0
1595991768.5001316,270.02337184991836,0.020496521854397542,0
1595991768.5101328,271.8235847100258,0.020496521854397542,0
1595991768.520134,273.6237975701332,0.020496521854397542,0
1595991768.5301301,275.4231092080116,0.020496521854397542,0
1595991768.5401292,277.2229358300209,0.020496521854397542,0
1595991768.550138,279.02452198114395,0.020496521854397542,0
1595991768.5601246,280.82211700525284,0.020496521854397542,0
1595991768.5701282,282.62275901880264,0.020496521854397542,0
1595991768.5801227,284.4217702492714,0.020496521854397542,0
1595991768.5901334,286.22369972314834,0.020496521854397542,0
1595991768.6001332,288.02365509119034,0.020496521854397542,0
1595991768.6101365,289.8242541893959,0.020496521854397542,0
1595991768.6201239,291.6219779595375,0.020496521854397542,0
1595991768.6301353,293.42403617944717,0.020496521854397542,0
1595991768.6401258,295.22231784906387,0.020496521854397542,0
1595991768.6501186,297.02102867212295,0.020496521854397542,0
1595991768.6601293,298.8229581459999,0.020496521854397542,0
1595991768.6701314,300.6233426674843,0.020496521854397542,0
1595991768.680123,302.42183891382217,0.020496521854397542,0
1595991768.6901288,304.2228671654701,0.020496521854397542,0
1595991768.700114,306.0202046975136,0.020496521854397542,0
1595991768.7101245,307.8220912560463,0.020496521854397542,0
1595991768.7201355,309.6240636452675,0.020496521854397542,0
1595991768.730125,311.42217365350723,0.020496521854397542,0
1595991768.7401223,313.22169986810684,0.020496521854397542,0
1595991768.7501202,315.0213119133949,0.020496521854397542,0
1595991768.7601323,316.8234988793373,0.020496521854397542,0
1595991768.7701278,318.622681771183,0.020496521854397542,0
1595991768.780119,320.4210921868324,0.020496521854397542,0
1595991768.7901373,322.224394951725,0.020496521854397542,0
1595991768.8001273,324.0225907906532,0.020496521854397542,0
1595991768.810127,325.8225461586952,0.020496521854397542,0
1595991768.8201246,327.62211528863907,0.020496521854397542,0
1595991768.830127,329.4225427254677,0.020496521854397542,0
1595991768.8401363,331.2242147072792,0.020496521854397542,0
1595991768.8501308,333.02322593774795,0.020496521854397542,0
1595991768.8601332,334.82365337457657,0.020496521854397542,0
1595991768.8701181,336.6209479912758,0.020496521854397542,0
1595991768.8801253,338.42223373498916,0.020496521854397542,0
1595991768.8901174,340.22081581201553,0.020496521854397542,0
1595991768.9001184,342.0209857567787,0.020496521854397542,0
1595991768.9101315,343.82334438409805,0.020496521854397542,0
1595991768.9201188,345.62106815423965,0.020496521854397542,0
1595991768.9301276,347.4226543053627,0.020496521854397542,0
1595991768.9401286,349.2228242501259,0.020496521854397542,0
1595991768.9501145,351.02029052820205,0.020496521854397542,0
1595991768.9601305,352.82316413965225,0.020496521854397542,0
1595991768.9701192,354.6211454018593,0.020496521854397542,0
1595991768.9801335,356.4237186058998,0.020496521854397542,0
1595991768.9901214,358.2215282067299,0.020496521854397542,0
1595991769.0001333,360.02367225732803,0.020496521854397542,0
1595991769.0001333,0,0.020496521854397542,0
1595991769.0101411,1.8219110116004913,0.020496521854397542,0
1595991769.0201414,3.62195221033096,0.020496521854397542,0
1595991769.030138,5.421349678897855,0.020496521854397542,0
1595991769.0401413,7.221948777103421,0.020496521854397542,0
1595991769.0501468,9.022934113407132,0.020496521854397542,0
1595991769.0601544,10.824305687808987,0.020496521854397542,0
1595991769.070142,12.622072373294827,0.020496521854397542,0
1595991769.0801427,14.422199402713773,0.020496521854397542,0
1595991769.090142,16.222068940067288,0.020496521854397542,0
1595991769.100134,18.020608101749417,0.020496521854397542,0
1595991769.110139,19.82150760736465,0.020496521854397542,0
1595991769.1201384,21.621420060062405,0.020496521854397542,0
1595991769.1301346,23.420731697940823,0.020496521854397542,0
1595991769.1401527,25.223991547489163,0.020496521854397542,0
1595991769.1501498,27.023474846744534,0.020496521854397542,0
1595991769.1601362,28.821026955509183,0.020496521854397542,0
1595991769.1701407,30.62184063043594,0.020496521854397542,0
1595991769.1801355,32.42089477624893,0.020496521854397542,0
1595991769.1901386,34.22145095911026,0.020496521854397542,0
1595991769.200134,36.02063385095596,0.020496521854397542,0
1595991769.2101455,37.82269207086563,0.020496521854397542,0
1595991769.2201364,39.621059571170804,0.020496521854397542,0
1595991769.230141,41.42187324609756,0.020496521854397542,0
1595991769.240149,43.223330651187894,0.020496521854397542,0
1595991769.2501504,45.023586426639554,0.020496521854397542,0
1595991769.2601402,46.82173935022354,0.020496521854397542,0
1595991769.2701523,48.62392631616592,0.020496521854397542,0
1595991769.2801378,50.421306763553616,0.020496521854397542,0
1595991769.2901342,52.22066131677627,0.020496521854397542,0
1595991769.300148,54.02314869012832,0.020496521854397542,0
1595991769.3101423,55.822117005252835,0.020496521854397542,0
1595991769.3201408,57.621857796573636,0.020496521854397542,0
1595991769.3301473,59.4230147942543,0.020496521854397542,0
1595991769.3401525,61.22395721521377,0.020496521854397542,0
1595991769.3501525,63.0239554986,0.020496521854397542,0
1595991769.3601453,64.82266632165909,0.020496521854397542,0
1595991769.3701453,66.62266460504532,0.020496521854397542,0
1595991769.3801455,68.42270580377578,0.020496521854397542,0
1595991769.3901536,70.22416320886612,0.020496521854397542,0
1595991769.4001343,72.02068534936905,0.020496521854397542,0
1595991769.4101534,73.82411686029434,0.020496521854397542,0
1595991769.420148,75.62312809076309,0.020496521854397542,0
1595991769.430154,77.42424217309951,0.020496521854397542,0
1595991769.440134,79.22063556756973,0.020496521854397542,0
1595991769.4501522,81.02389541711807,0.020496521854397542,0
1595991769.4601414,82.82196251001358,0.020496521854397542,0
1595991769.4701374,84.62123123254776,0.020496521854397542,0
1595991769.480144,86.42243114557266,0.020496521854397542,0
1595991769.4901454,88.22268692102432,0.020496521854397542,0
1595991769.500142,90.02208438959121,0.020496521854397542,0
1595991769.510141,91.82186809625625,0.020496521854397542,0
1595991769.5201464,93.62285343255996,0.020496521854397542,0
1595991769.5301461,95.42280880060196,0.020496521854397542,0
1595991769.5401409,97.22186294641494,0.020496521854397542,0
1595991769.5501328,99.02040210809707,0.020496521854397542,0
1595991769.560149,100.8233186348915,0.020496521854397542,0
1595991769.5701416,102.62198654260635,0.020496521854397542,0
1595991769.5801344,104.42069736566543,0.020496521854397542,0
1595991769.5901384,106.22142520990371,0.020496521854397542,0
1595991769.600137,108.02116600122451,0.020496521854397542,0
1595991769.610151,109.8236962899208,0.020496521854397542,0
1595991769.6201415,111.6219779595375,0.020496521854397542,0
1595991769.6301546,113.42433658685684,0.020496521854397542,0
1595991769.6326447,113.87254444208145,0.020496521854397542,0
1595991769.6326447,187.710781109457,73.85873318922997,0
1595991769.6401367,189.05935288680075,73.85873318922997,0
1595991769.6501462,190.8610677839565,73.85873318922997,0
1595991769.660133,192.6586628080654,73.85873318922997,0
1595991769.6701493,194.46162225020407,73.85873318922997,0
1595991769.680136,196.25921727431296,73.85873318922997,0
1595991769.690137,198.05938721907614,73.85873318922997,0
1595991769.7001472,199.86123086226462,73.85873318922997,0
1595991769.7101386,201.65968419325827,73.85873318922997,0
1595991769.720133,203.45869542372702,73.85873318922997,0
1595991769.7301474,205.26126862776755,73.85873318922997,0
1595991769.7401354,207.05912114394187,73.85873318922997,0
1595991769.750144,208.86066437972067,73.85873318922997,0
1595991769.7601469,210.66117764723776,73.85873318922997,0
1595991769.7701478,212.46134759200095,73.85873318922997,0
1595991769.7801385,214.25967217696189,73.85873318922997,0
1595991769.7901328,216.0586404920864,73.85873318922997,0
1595991769.800145,217.86082745802878,73.85873318922997,0
1595991769.8101466,219.66112614882468,73.85873318922997,0
1595991769.8201473,221.46125317824362,73.85873318922997,0
1595991769.830143,223.26047898543356,73.85873318922997,0
1595991769.8401423,225.06034852278708,73.85873318922997,0
1595991769.850153,226.86227799666403,73.85873318922997,0
1595991769.8601458,228.66098881972312,73.85873318922997,0
1595991769.8701413,230.46017171156882,73.85873318922997,0
1595991769.880137,232.25939751875876,73.85873318922997,0
1595991769.8901486,234.06149865401267,73.85873318922997,0
1595991769.9001331,235.8587074400234,73.85873318922997,0
1595991769.9101417,237.66025067580222,73.85873318922997,0
1595991769.9201388,239.4597339750576,73.85873318922997,0
1595991769.9301345,241.25895978224753,73.85873318922997,0
1595991769.9401467,243.0611467481899,73.85873318922997,0
1595991769.950139,244.85977174056052,73.85873318922997,0
1595991769.9601521,246.66213036787985,73.85873318922997,0
1595991769.97014,248.45993996870993,73.85873318922997,0
1595991769.9801328,250.258650791769,73.85873318922997,0
1595991769.9901514,252.06199647200583,73.85873318922997,0
1595991770.0001526,253.86220933211325,73.85873318922997,0
1595991770.0101445,255.66074849379538,73.85873318922997,0
1595991770.020138,257.4595880628872,73.85873318922997,0
1595991770.0301447,259.2607879759121,73.85873318922997,0
1595991770.0401404,261.060013783102,73.85873318922997,0
1595991770.0501542,262.8625011564541,73.85873318922997,0
1595991770.0601368,264.6593666197109,73.85873318922997,0
1595991770.0701528,266.4622402311611,73.85873318922997,0
1595991770.0801322,268.25854779494284,73.85873318922997,0
1595991770.090152,270.06210805190085,73.85873318922997,0
1595991770.1001513,271.86197758925437,73.85873318922997,0
1595991770.1101441,273.66068841231345,73.85873318922997,0
1595991770.1201327,275.45862675917624,73.85873318922997,0
1595991770.1301363,277.25926877272605,73.85873318922997,0
1595991770.1401408,279.0600824476528,73.85873318922997,0
1595991770.150141,280.8601236463833,73.85873318922997,0
1595991770.1601388,282.65973569167136,73.85873318922997,0
1595991770.1701536,284.46239472640036,73.85873318922997,0
1595991770.1801376,286.2595176817226,73.85873318922997,0
1595991770.1901495,288.0616617323208,73.85873318922997,0
1595991770.1927638,288.5322284818935,73.85873318922997,0
1595991770.1927638,309.9725599373255,95.29906464466191,0
1595991770.2001452,311.3012189949427,95.29906464466191,0
1595991770.2101505,313.1021614159022,95.29906464466191,0
1595991770.2201474,314.9016017998133,95.29906464466191,0
1595991770.230151,316.7022438133631,95.29906464466191,0
1595991770.2401397,318.50022507557014,95.29906464466191,0
1595991770.250135,320.2993650520716,95.29906464466191,0
1595991770.260133,322.09902001270393,95.29906464466191,0
1595991770.2701325,323.8989324654017,95.29906464466191,0
1595991770.28015,325.7020635689173,95.29906464466191,0
1595991770.2901368,327.49970150837044,95.29906464466191,0
1595991770.300148,329.30171681293587,95.29906464466191,0
1595991770.3101332,331.0990543449793,95.29906464466191,0
1595991770.3201387,332.90003968128303,95.29906464466191,0
1595991770.3301373,334.69978047260383,95.29906464466191,0
1595991770.340136,336.4995641792689,95.29906464466191,0
1595991770.3501465,338.3014507378016,95.29906464466191,0
1595991770.3601398,340.10024739154915,95.29906464466191,0
1595991770.3701322,341.89887238391975,95.29906464466191,0
1595991770.3801332,343.69904232868294,95.29906464466191,0
1595991770.3901432,345.5008430565272,95.29906464466191,0
1595991770.4001346,347.2992963875208,95.29906464466191,0
1595991770.4101453,349.1012258613978,95.29906464466191,0
1595991770.4201329,350.8989925468836,95.29906464466191,0
1595991770.4301326,352.6989479149256,95.29906464466191,0
1595991770.4401429,354.5007915581141,95.29906464466191,0
1595991770.4501514,356.3023347938929,95.29906464466191,0
1595991770.4601321,358.0988569343958,95.29906464466191,0
1595991770.470144,359.90100098499397,95.29906464466191,0
1595991770.4706979,360,95.29906464466191,1
1595991770.4801483,361.7017717445765,95.29906464466191,0
1595991770.4901352,363.4994096840296,95.29906464466191,0
1595991770.5001383,365.29996586689094,95.29906464466191,0
1595991770.5101376,367.09983540424446,95.29906464466191,0
1595991770.520134,368.8991899574671,95.29906464466191,0
1595991770.5301328,370.69897366413215,95.29906464466191,0
1595991770.5401342,372.4992294395838,95.29906464466191,0
1595991770.5501428,374.3007726753626,95.29906464466191,0
1595991770.5601351,376.09939766773323,95.29906464466191,0
1595991770.5701401,377.90029717334846,95.29906464466191,0
1595991770.5801523,379.70248413929085,95.29906464466191,0
1595991770.5901532,381.50265408405403,95.29906464466191,0
1595991770.6001356,383.2994766319666,95.29906464466191,0
1595991770.6101468,385.10149193653206,95.29906464466191,0
1595991770.620136,386.89955902942756,95.29906464466191,0
1595991770.6301384,388.6999864662562,95.29906464466191,0
1595991770.6401482,390.5017442787562,95.29906464466191,0
1595991770.6501477,392.30165673145393,95.29906464466191,0
1595991770.6601503,394.1021270836268,95.29906464466191,0
1595991770.6701345,395.8992929542933,95.29906464466191,0
1595991770.680153,397.70259571918587,95.29906464466191,0
1595991770.6901374,399.4998045051966,95.29906464466191,0
1595991770.7001443,401.30104733356575,95.29906464466191,0
1595991770.7101328,403.09898568042854,95.29906464466191,0
1595991770.7201319,404.8988123024378,95.29906464466191,0
1595991770.730145,406.70117092975715,95.29906464466191,0
1595991770.7401505,408.50215626606087,95.29906464466191,0
1595991770.7501483,410.30176831134895,95.29906464466191,0
1595991770.760147,412.101552018014,95.29906464466191,0
1595991770.7701373,413.89979077228645,95.29906464466191,0
1595991770.7801511,415.7022781456385,95.29906464466191,0
1595991770.790145,417.50116063007454,95.29906464466191,0
1595991770.8001509,419.3022317970667,95.29906464466191,0
1595991770.8101451,421.10120011219124,95.29906464466191,0
1595991770.8201394,422.90016842731575,95.29906464466191,0
1595991770.8301415,424.7005529488001,95.29906464466191,0
1595991770.8401406,426.5003795708094,95.29906464466191,0
1595991770.8501487,428.30183697589973,95.29906464466191,0
1595991770.860141,430.10046196827034,95.29906464466191,0
1595991770.8701434,431.90088940509895,95.29906464466191,0
1595991770.8801334,433.6990852440272,95.29906464466191,0
1595991770.8901408,435.5004139030848,95.29906464466191,0
1595991770.9001422,437.30066967853645,95.29906464466191,0
1595991770.9101343,439.0992517555628,95.29906464466191,0
1595991770.9201317,440.8987779701624,95.29906464466191,0
1595991770.930151,442.70225239643196,95.29906464466191,0
1595991770.9401448,444.501134880868,95.29906464466191,0
1595991770.9501321,446.2988586510096,95.29906464466191,0
1595991770.960136,448.09954357990364,95.29906464466191,0
1595991770.9701505,449.9021596992884,95.29906464466191,0
1595991770.9801524,451.70250130542854,95.29906464466191,0
1595991770.9901319,453.4988088692103,95.29906464466191,0
1595991771.0001364,455.29962254413704,95.29906464466191,0
1595991771.0001364,0,95.29906464466191,0
1595991771.0101454,97.1006937111292,95.29906464466191,0
1595991771.020147,98.9009924019251,95.29906464466191,0
1595991771.0301473,100.70103360065556,95.29906464466191,0
1595991771.0401409,102.49987316974736,95.29906464466191,0
1595991771.050137,104.29918480762578,95.29906464466191,0
1595991771.0601554,106.10248757251836,95.29906464466191,0
1595991771.0701487,107.90128422626591,95.29906464466191,0
1595991771.0801406,109.69982338794804,95.29906464466191,0
1595991771.0901444,111.50050831684209,95.29906464466191,0
1595991771.1001394,113.29960537799931,95.29906464466191,0
1595991771.1101494,115.10140610584355,95.29906464466191,0
1595991771.1201525,116.90196228870488,95.29906464466191,0
1595991771.1301565,118.70269013294316,95.29906464466191,0
1595991771.140152,120.50187302478886,95.29906464466191,0
1595991771.1501431,122.30028344043828,95.29906464466191,0
1595991771.1601484,124.10122586139775,95.29906464466191,0
1595991771.1701381,125.89937878498174,95.29906464466191,0
1595991771.1801572,127.70281029590703,95.29906464466191,0
1595991771.1901512,129.5017356956873,95.29906464466191,0
1595991771.200152,131.30186272510625,95.29906464466191,0
1595991771.2101383,133.0994148338709,95.29906464466191,0
1595991771.2201397,134.89967060932256,95.29906464466191,0
1595991771.230149,136.70134259113408,95.29906464466191,0
1595991771.2401419,138.50005341419316,95.29906464466191,0
1595991771.2501452,140.30065251239873,95.29906464466191,0
1595991771.2601485,142.1012516106043,95.29906464466191,0
1595991771.2701547,143.90236569294072,95.29906464466191,0
1595991771.2801445,145.7005186165247,95.29906464466191,0
1595991771.290153,147.5020618523035,95.29906464466191,0
1595991771.3001385,149.2994422996912,95.29906464466191,0
1595991771.310152,151.10188675769902,95.29906464466191,0
1595991771.3201444,152.90051175006963,95.29906464466191,0
1595991771.3301542,154.70226956256963,95.29906464466191,0
1595991771.340156,156.50261116870976,95.29906464466191,0
1595991771.3501415,158.29999161609746,95.29906464466191,0
1595991771.3601568,160.10273648151494,95.29906464466191,0
1595991771.3701515,161.90179062732793,95.29906464466191,0
1595991771.380139,163.69955731281377,95.29906464466191,0
1595991771.39015,165.50152970203496,95.29906464466191,0
1595991771.4001575,167.30285836109258,95.29906464466191,0
1595991771.410137,169.0991659248743,95.29906464466191,0
1595991771.4201422,170.9001083458338,95.29906464466191,0
1595991771.4301534,172.70212365039922,95.29906464466191,0
1595991771.4401443,174.5004911507044,95.29906464466191,0
1595991771.4501574,176.30284977802373,95.29906464466191,0
1595991771.460157,178.10276223072148,95.29906464466191,0
1595991771.4701564,179.90267468341924,95.29906464466191,0
1595991771.4801474,181.7010421837244,95.29906464466191,0
1595991771.4901428,183.5002250755701,95.29906464466191,0
1595991771.5001361,185.29902172931767,95.29906464466191,0
1595991771.510149,187.10133744129277,95.29906464466191,0
1595991771.5201528,188.9020223701868,95.29906464466191,0
1595991771.530149,190.70133400806523,95.29906464466191,0
1595991771.5401454,192.5006885612879,95.29906464466191,0
1595991771.550136,194.29901314624883,95.29906464466191,0
1595991771.5601418,196.10004139789677,95.29906464466191,0
1595991771.5701485,197.90124131092168,95.29906464466191,0
1595991771.5801363,199.69905091175175,95.29906464466191,0
1595991771.5901363,201.49904919513799,95.29906464466191,0
1595991771.6001394,203.2996053779993,95.29906464466191,0
1595991771.6101456,205.10071946033574,95.29906464466191,0
1595991771.62014,206.8997306908045,95.29906464466191,0
1595991771.6301515,208.70178891071416,95.29906464466191,0
1595991771.6401362,210.49904061206914,95.29906464466191,0
1595991771.6501405,212.29981137165166,95.29906464466191,0
1595991771.6601424,214.1001529777918,95.29906464466191,0
1595991771.6701372,215.89920712360478,95.29906464466191,0
1595991771.6801357,217.69894791492558,95.29906464466191,0
1595991771.680362,217.7396745766077,95.29906464466191,0
1595991771.680362,260.4177722036254,137.9771622716796,0
1595991771.690155,262.1805199682128,137.9771622716796,0
1595991771.7001445,263.97862997645257,137.9771622716796,0
1595991771.710145,265.7787140905273,137.9771622716796,0
1595991771.7201452,267.57875528925774,137.9771622716796,0
1595991771.730144,269.3785389959228,137.9771622716796,0
1595991771.7401378,271.1774214803588,137.9771622716796,0
1595991771.7501502,272.97965136164544,137.9771622716796,0
1595991771.7601557,274.78063669794915,137.9771622716796,0
1595991771.7701466,276.5790041982543,137.9771622716796,0
1595991771.780143,278.378358751477,137.9771622716796,0
1595991771.790148,280.1792582570922,137.9771622716796,0
1595991771.8001487,281.97938528651116,137.9771622716796,0
1595991771.8101437,283.7784823476684,137.9771622716796,0
1595991771.8201363,285.57715025538323,137.9771622716796,0
1595991771.8301537,287.38028135889886,137.9771622716796,0
1595991771.8401482,289.1792925893676,137.9771622716796,0
1595991771.8501484,290.9793337880981,137.9771622716796,0
1595991771.860149,292.7794179021728,137.9771622716796,0
1595991771.8701549,294.58048906916497,137.9771622716796,0
1595991771.8801453,296.37877073878167,137.9771622716796,0
1595991771.8901496,298.1795414983642,137.9771622716796,0
1595991771.9001448,299.97868147486565,137.9771622716796,0
1595991771.9101434,301.77842226618645,137.9771622716796,0
1595991771.920139,303.5776480733764,137.9771622716796,0
1595991771.9301457,305.3788479864013,137.9771622716796,0
1595991771.9401495,307.17953291529534,137.9771622716796,0
1595991771.950148,308.97927370661614,137.9771622716796,0
1595991771.9601536,310.78025904291985,137.9771622716796,0
1595991771.9701464,312.57896986597893,137.9771622716796,0
1595991771.980147,314.37905398005364,137.9771622716796,0
1595991771.9901497,316.17956724757073,137.9771622716796,0
1595991772.000154,317.98033800715325,137.9771622716796,0
1595991772.010138,319.7774609624755,137.9771622716796,0
1595991772.0201442,321.57857504481194,137.9771622716796,0
1595991772.0301394,323.3777150213134,137.9771622716796,0
1595991772.0401485,325.1793440877807,137.9771622716796,0
1595991772.050149,326.9794282018554,137.9771622716796,0
1595991772.0601509,328.77976980799554,137.9771622716796,0
1595991772.0701458,330.57886686915276,137.9771622716796,0
1595991772.0801456,332.37882223719475,137.9771622716796,0
1595991772.0901425,334.1782626211059,137.9771622716796,0
1595991772.1001377,335.97740259760735,137.9771622716796,0
1595991772.110136,337.7771004735839,137.9771622716796,0
1595991772.1201477,339.5792016088378,137.9771622716796,0
1595991772.1301384,341.37752619379876,137.9771622716796,0
1595991772.140141,343.1779965459716,137.9771622716796,0
1595991772.1501505,344.97971144312737,137.9771622716796,0
1595991772.1601424,346.7782506048095,137.9771622716796,0
1595991772.1701417,348.578120142163,137.9771622716796,0
1595991772.1801472,350.3791054784667,137.9771622716796,0
1595991772.1901512,352.179833322705,137.9771622716796,0
1595991772.2001402,353.9778575002563,137.9771622716796,0
1595991772.2101412,355.77802744501946,137.9771622716796,0
1595991772.220143,357.5783690511596,137.9771622716796,0
1595991772.2301533,359.3802126943481,137.9771622716796,0
1595991772.233605,360,137.9771622716796,1
1595991772.2401412,361.17802229517815,137.9771622716796,0
1595991772.2501538,362.980295091809,137.9771622716796,0
1595991772.2601416,364.7781046926391,137.9771622716796,0
1595991772.2701557,366.5806349813354,137.9771622716796,0
1595991772.2801476,368.3791741430175,137.9771622716796,0
1595991772.290136,370.1771124898803,137.9771622716796,0
1595991772.3001478,371.9792136251342,137.9771622716796,0
1595991772.3101437,373.7784823476684,137.9771622716796,0
1595991772.3201454,375.5787810384643,137.9771622716796,0
1595991772.3301451,377.3787364065063,137.9771622716796,0
1595991772.3401487,379.1793784200561,137.9771622716796,0
1595991772.3501391,380.9776600896728,137.9771622716796,0
1595991772.3601382,382.77748671168206,137.9771622716796,0
1595991772.3701384,384.5775279104125,137.9771622716796,0
1595991772.3801417,386.3781270086181,137.9771622716796,0
1595991772.3901432,388.17838278406975,137.9771622716796,0
1595991772.4001493,389.9794968664062,137.9771622716796,0
1595991772.410144,391.77855101221917,137.9771622716796,0
1595991772.4201493,393.57949343317864,137.9771622716796,0
1595991772.4301562,395.3807362615478,137.9771622716796,0
1595991772.4401355,397.1770009099853,137.9771622716796,0
1595991772.4501467,398.9790162145507,137.9771622716796,0
1595991772.4601557,400.780645281018,137.9771622716796,0
1595991772.4701447,402.57866945856927,137.9771622716796,0
1595991772.4801562,404.38072767847893,137.9771622716796,0
1595991772.4901395,406.1777218877685,137.9771622716796,0
1595991772.491726,406.46328058833,137.9771622716796,0
1595991772.491726,500.52429641183096,232.03817809518057,0
1595991772.5001552,502.0415684073754,232.03817809518057,0
1595991772.5101485,503.84036506112295,232.03817809518057,0
1595991772.520155,505.6415220588036,232.03817809518057,0
1595991772.5301557,507.44164908822256,232.03817809518057,0
1595991772.5401564,509.2417761176415,232.03817809518057,0
1595991772.5501473,511.0401436179467,232.03817809518057,0
1595991772.560145,512.8397127478905,232.03817809518057,0
1595991772.5701392,514.638681063015,232.03817809518057,0
1595991772.5801497,516.4405676215478,232.03817809518057,0
1595991772.5901506,518.2407375663109,232.03817809518057,0
1595991772.600156,520.0417229026147,232.03817809518057,0
1595991772.6101413,521.8390604346581,232.03817809518057,0
1595991772.620142,523.639187464077,232.03817809518057,0
1595991772.6301522,525.4410311072655,232.03817809518057,0
1595991772.6401546,527.2414585440941,232.03817809518057,0
1595991772.6501484,529.0403410285302,232.03817809518057,0
1595991772.6601377,530.8384081214257,232.03817809518057,0
1595991772.6701355,532.6380201667138,232.03817809518057,0
1595991772.680153,534.4411512702294,232.03817809518057,0
1595991772.6901367,536.2382313102074,232.03817809518057,0
1595991772.7001405,538.0389162391015,232.03817809518057,0
1595991772.7101486,539.8403736441918,232.03817809518057,0
1595991772.720154,541.6413589804955,232.03817809518057,0
1595991772.730142,543.4392114966698,232.03817809518057,0
1595991772.7401497,545.2405830710717,232.03817809518057,0
1595991772.7501438,547.039508470852,232.03817809518057,0
1595991772.760143,548.8393780082055,232.03817809518057,0
1595991772.770144,550.6395479529687,232.03817809518057,0
1595991772.7801404,552.4389025061913,232.03817809518057,0
1595991772.7901504,554.2407032340355,232.03817809518057,0
1595991772.800145,556.0397144645043,232.03817809518057,0
1595991772.8101506,557.8407427161522,232.03817809518057,0
1595991772.8201509,559.6407839148827,232.03817809518057,0
1595991772.8301501,561.4406534522362,232.03817809518057,0
1595991772.8401518,563.2409521430321,232.03817809518057,0
1595991772.8501506,565.0407358496972,232.03817809518057,0
1595991772.8601353,566.8379875510522,232.03817809518057,0
1595991772.8701525,568.6410757392235,232.03817809518057,0
1595991772.8801482,570.4403015464135,232.03817809518057,0
1595991772.8901443,572.2396131842919,232.03817809518057,0
1595991772.9001458,574.0398689597436,232.03817809518057,0
1595991772.9101405,575.8389231055565,232.03817809518057,0
1595991772.9201388,577.6386209815331,232.03817809518057,0
1595991772.9301493,579.4405075400658,232.03817809518057,0
1595991772.9401538,581.2413212149926,232.03817809518057,0
1595991772.950152,583.0409761756249,232.03817809518057,0
1595991772.96014,584.8388286917992,232.03817809518057,0
1595991772.9701548,586.6414877265282,232.03817809518057,0
1595991772.980154,588.4413572638817,232.03817809518057,0
1595991772.9901383,590.2385231345482,232.03817809518057,0
1595991773.000136,592.0380922644921,232.03817809518057,0
1595991773.00016,592.0424267142602,232.03817809518057,0
1595991773.00016,0,232.03817809518057,0
1595991773.010167,233.8394209235497,232.03817809518057,0
1595991773.0201697,235.6399341910668,232.03817809518057,0
1595991773.0301805,237.44186366494375,232.03817809518057,0
1595991773.0401618,239.2385145514794,232.03817809518057,0
1595991773.0501747,241.0408302634545,232.03817809518057,0
1595991773.0601678,242.83958400185782,232.03817809518057,0
1595991773.070164,244.63889563973623,232.03817809518057,0
1595991773.0801618,246.43850768502432,232.03817809518057,0
1595991773.0901663,248.23932135995108,232.03817809518057,0
1595991773.1001706,250.0400921195336,232.03817809518057,0
1595991773.1101723,251.8403908103295,232.03817809518057,0
1595991773.120174,253.6406895011254,232.03817809518057,0
1595991773.130176,255.44107402260977,232.03817809518057,0
1595991773.1401772,257.2412868827172,232.03817809518057,0
1595991773.1501656,259.03918231423575,232.03817809518057,0
1595991773.1601741,260.84072555001455,232.03817809518057,0
1595991773.1701775,262.6413246482201,232.03817809518057,0
1595991773.180172,264.44033587868887,232.03817809518057,0
1595991773.1901789,266.241578707058,232.03817809518057,0
1595991773.2001774,268.0413194983788,232.03817809518057,0
1595991773.2101617,269.8384853690453,232.03817809518057,0
1595991773.220178,271.64140189583975,232.03817809518057,0
1595991773.2301753,273.44092811043936,232.03817809518057,0
1595991773.2401676,275.23955310280996,232.03817809518057,0
1595991773.2501783,277.0414825766869,232.03817809518057,0
1595991773.2601714,278.84023631509024,232.03817809518057,0
1595991773.2701735,280.6406208365746,232.03817809518057,0
1595991773.280176,282.4410482734032,232.03817809518057,0
1595991773.2901683,284.23967326577383,232.03817809518057,0
1595991773.3001773,286.0413023322411,232.03817809518057,0
1595991773.3101795,287.8416868537255,232.03817809518057,0
1595991773.320181,289.64194262917715,232.03817809518057,0
1595991773.330171,291.4401813834496,232.03817809518057,0
1595991773.3401787,293.24155295785147,232.03817809518057,0
1595991773.3501601,295.0382038443871,232.03817809518057,0
1595991773.3601713,296.84021914895254,232.03817809518057,0
1595991773.3701606,298.63828624184805,232.03817809518057,0
1595991773.3801785,300.44150317605215,232.03817809518057,0
1595991773.390163,302.2387119620629,232.03817809518057,0
1595991773.4001772,304.0412851661034,232.03817809518057,0
1595991773.410179,305.8415838568993,232.03817809518057,0
1595991773.4201636,307.6388355582543,232.03817809518057,0
1595991773.430167,309.43943465645987,232.03817809518057,0
1595991773.4401746,311.2408062308617,232.03817809518057,0
1595991773.4501655,313.0391737311669,232.03817809518057,0
1595991773.460165,314.83908618386465,232.03817809518057,0
1595991773.4701762,316.6411014884301,232.03817809518057,0
1595991773.4801626,318.43865359719473,232.03817809518057,0
1595991773.4901688,320.23976767953116,232.03817809518057,0
1595991773.5001698,322.03993762429434,232.03817809518057,0
1595991773.5101607,323.8383051245995,232.03817809518057,0
1595991773.5201766,325.6411787360497,232.03817809518057,0
1595991773.5301666,327.43937457497793,232.03817809518057,0
1595991773.5401664,329.2393299430199,232.03817809518057,0
1595991773.5501792,331.041645654995,232.03817809518057,0
1595991773.5601683,332.8396698325463,232.03817809518057,0
1595991773.5701702,334.64001143868643,232.03817809518057,0
1595991773.5801625,336.43863643105703,232.03817809518057,0
1595991773.5901697,338.2399221747704,232.03817809518057,0
1595991773.6001804,340.04185164864737,232.03817809518057,0
1595991773.6101668,341.839403757412,232.03817809518057,0
1595991773.6201754,343.6409469931908,232.03817809518057,0
1595991773.6301615,345.43845618661123,232.03817809518057,0
1595991773.640177,347.24124396737295,232.03817809518057,0
1595991773.6501732,349.04055560525137,232.03817809518057,0
1595991773.660174,350.8406826346703,232.03817809518057,0
1595991773.6701715,352.64025176461416,232.03817809518057,0
1595991773.6801717,354.44029296334463,232.03817809518057,0
1595991773.6901612,356.2384029715844,232.03817809518057,0
1595991773.7001684,358.03968871529776,232.03817809518057,0
1595991773.7101765,359.8411461203881,232.03817809518057,0
1595991773.711059,360,232.03817809518057,1
1595991773.7201629,361.63869822915274,232.03817809518057,0
1595991773.730171,363.44015563424307,232.03817809518057,0
1595991773.7401712,365.24019683297354,232.03817809518057,0
1595991773.750168,367.03963721688467,232.03817809518057,0
1595991773.760164,368.83890593941885,232.03817809518057,0
1595991773.770165,370.63907588418203,232.03817809518057,0
1595991773.7801762,372.44109118874746,232.03817809518057,0
1595991773.7901788,374.2415615409203,232.03817809518057,0
1595991773.8001792,376.041645654995,232.03817809518057,0
1595991773.8101802,377.8418155997582,232.03817809518057,0
1595991773.8201797,379.64172805245596,232.03817809518057,0
1595991773.8301609,381.43833602364737,232.03817809518057,0
1595991773.8401787,383.24155295785147,232.03817809518057,0
1595991773.8501763,385.0411220877953,232.03817809518057,0
1595991773.8601649,386.8390604346581,232.03817809518057,0
1595991773.8701723,388.6403890937157,232.03817809518057,0
1595991773.8801668,390.4394003241845,232.03817809518057,0
1595991773.8901732,392.24055732186514,232.03817809518057,0
1595991773.9001622,394.0385814994164,232.03817809518057,0
1595991773.910172,395.8403393119164,232.03817809518057,0
1595991773.9201617,397.6384922355004,232.03817809518057,0
1595991773.930168,399.4396063178368,232.03817809518057,0
1595991773.94017,401.2399908393212,232.03817809518057,0
1595991773.9501593,403.0380579322167,232.03817809518057,0
1595991773.9601731,404.84054530556875,232.03817809518057,0
1595991773.9701731,406.640543588955,232.03817809518057,0
1595991773.9801786,408.4415289252587,232.03817809518057,0
1595991773.9901814,410.2420421927758,232.03817809518057,0
1595991774.0001712,412.04019511635977,232.03817809518057,0
1595991774.0101678,413.83959258492666,232.03817809518057,0
1595991774.0201702,415.6400200217553,232.03817809518057,0
1595991774.0301774,417.44130576546866,232.03817809518057,0
1595991774.0401618,419.2385145514794,232.03817809518057,0
1595991774.0501654,421.0391565650292,232.03817809518057,0
1595991774.0601616,422.8384682029076,232.03817809518057,0
1595991774.0701616,424.63846648629385,232.03817809518057,0
1595991774.080172,426.44035304482657,232.03817809518057,0
1595991774.0901656,428.23919261391836,232.03817809518057,0
1595991774.100172,430.040349611599,232.03817809518057,0
1595991774.1101706,431.8400904029198,232.03817809518057,0
1595991774.120168,433.63961661751944,232.03817809518057,0
1595991774.1301658,435.4392286628075,232.03817809518057,0
1595991774.1401713,437.24021399911123,232.03817809518057,0
1595991774.150159,439.0379806845971,232.03817809518057,0
1595991774.1601617,440.83849395211416,232.03817809518057,0
1595991774.1701775,442.6413246482201,232.03817809518057,0
1595991774.180168,444.4396063178368,232.03817809518057,0
1595991774.1901667,446.23939002450186,232.03817809518057,0
1595991774.2001717,448.0402895301171,232.03817809518057,0
1595991774.2101738,449.84067405160147,232.03817809518057,0
1595991774.2201602,451.6382261603661,232.03817809518057,0
1595991774.2301724,453.4404131263085,232.03817809518057,0
1595991774.2401712,455.24019683297354,232.03817809518057,0
1595991774.2501595,457.0380922644921,232.03817809518057,0
1595991774.260167,458.8394209235497,232.03817809518057,0
1595991774.261837,459.14004290993887,232.03817809518057,0
1595991774.261837,537.3980300369572,310.2961652221989,0
1595991774.2701607,538.896290535004,310.2961652221989,0
1595991774.2801733,540.6985633316349,310.2961652221989,0
1595991774.2901669,542.4974029007267,310.2961652221989,0
1595991774.3001769,544.2992036285709,310.2961652221989,0
1595991774.3101745,546.0987727585148,310.2961652221989,0
1595991774.3201792,547.8996293487858,310.2961652221989,0
1595991774.3301606,549.6962802353214,310.2961652221989,0
1595991774.3401778,551.4993684234928,310.2961652221989,0
1595991774.3501627,553.296663040192,310.2961652221989,0
1595991774.360172,555.0983350220035,310.2961652221989,0
1595991774.3701704,556.8980328979801,310.2961652221989,0
1595991774.3801692,558.6978166046451,310.2961652221989,0
1595991774.3901799,560.4997460785221,310.2961652221989,0
1595991774.4001749,562.2988431396793,310.2961652221989,0
1595991774.410171,564.0981547775577,310.2961652221989,0
1595991774.4201589,565.8959643783878,310.2961652221989,0
1595991774.4301696,567.6978938522648,310.2961652221989,0
1595991774.4401698,569.4979350509952,310.2961652221989,0
1595991774.4501715,571.2982337417911,310.2961652221989,0
1595991774.4601717,573.0982749405216,310.2961652221989,0
1595991774.470159,574.8959987106632,310.2961652221989,0
1595991774.4801698,576.6979281845402,310.2961652221989,0
1595991774.4901636,578.4968106689762,310.2961652221989,0
1595991774.5001726,580.2984397354435,310.2961652221989,0
1595991774.5101619,582.096506828339,310.2961652221989,0
1595991774.5201588,583.8959472122501,310.2961652221989,0
1595991774.525699,584.8931710663151,310.2961652221989,0
1595991774.525699,625.4252197464207,350.8282139023044,0
1595991774.5301645,626.2290241440037,350.8282139023044,0
1595991774.5401633,628.0288078506687,350.8282139023044,0
1595991774.5501802,629.8318531234959,350.8282139023044,0
1595991774.5601609,631.6283752639988,350.8282139023044,0
1595991774.5701714,633.4302618225315,350.8282139023044,0
1595991774.5801697,635.2299596985081,350.8282139023044,0
1595991774.5901692,637.0298721512058,350.8282139023044,0
1595991774.600178,638.8314583023289,350.8282139023044,0
1595991774.6101649,640.629096241782,350.8282139023044,0
1595991774.6201692,642.4298670013645,350.8282139023044,0
1595991774.6301746,644.2308523376682,350.8282139023044,0
1595991774.640167,646.0294773300388,350.8282139023044,0
1595991774.6501634,647.8288318832615,350.8282139023044,0
1595991774.6601706,649.6301176269749,350.8282139023044,0
1595991774.6701698,651.4299871643284,350.8282139023044,0
1595991774.6801639,653.2289125641087,350.8282139023044,0
1595991774.690165,655.0291254242161,350.8282139023044,0
1595991774.7001693,656.8298961837986,350.8282139023044,0
1595991774.71018,658.6318256576756,350.8282139023044,0
1595991774.7201672,660.4295065124729,350.8282139023044,0
1595991774.7301779,662.2314359863499,350.8282139023044,0
1595991774.7401736,664.0306617935398,350.8282139023044,0
1595991774.7501767,665.8312179764011,350.8282139023044,0
1595991774.7601762,667.6311304290989,350.8282139023044,0
1595991774.7701602,669.4282533844212,350.8282139023044,0
1595991774.7801719,671.2303545196751,350.8282139023044,0
1595991774.7901688,673.0297949035862,350.8282139023044,0
1595991774.8001611,674.8284198959568,350.8282139023044,0
1595991774.8101714,676.6302635391453,350.8282139023044,0
1595991774.820179,678.4316351135471,350.8282139023044,0
1595991774.8301804,680.2318908889988,350.8282139023044,0
1595991774.84016,682.0281984527805,350.8282139023044,0
1595991774.8501806,683.8319303711155,350.8282139023044,0
1595991774.86018,685.631799908469,350.8282139023044,0
1595991774.8701665,687.4293949325779,350.8282139023044,0
1595991774.8801782,689.2314960678318,350.8282139023044,0
1595991774.8901763,691.0311510284641,350.8282139023044,0
1595991774.9001613,692.8284456451634,350.8282139023044,0
1595991774.9101784,694.6315338333347,350.8282139023044,0
1595991774.9201722,696.4304163177708,350.8282139023044,0
1595991774.9301796,698.2317449768284,350.8282139023044,0
1595991774.9401784,700.0315286834934,350.8282139023044,0
1595991774.950178,701.8314411361912,350.8282139023044,0
1595991774.9601626,703.6286928375462,350.8282139023044,0
1595991774.9701626,705.4286911209324,350.8282139023044,0
1595991774.9801698,707.2299768646458,350.8282139023044,0
1595991774.9901724,709.0304472168186,350.8282139023044,0
1595991775.00018,710.8318187912205,350.8282139023044,0
1595991775.00018,0,350.8282139023044,0
1595991775.010184,352.6289417465427,350.8282139023044,0
1595991775.0201893,354.42988416750217,350.8282139023044,0
1595991775.0301878,356.22962495882297,350.8282139023044,0
1595991775.0401804,358.0282928665378,350.8282139023044,0
1595991775.0501962,359.83112356264377,350.8282139023044,0
1595991775.051141,360,350.8282139023044,1
1595991775.0601995,361.63172266084933,350.8282139023044,0
1595991775.0701883,363.42970392305637,350.8282139023044,0
1595991775.0801837,365.22888681490207,350.8282139023044,0
1595991775.0901816,367.02849886019015,350.8282139023044,0
1595991775.1001859,368.8292696197727,350.8282139023044,0
1595991775.1101959,370.6310703476169,350.8282139023044,0
1595991775.1201997,372.43175527651096,350.8282139023044,0
1595991775.130201,374.2320110519626,350.8282139023044,0
1595991775.140181,376.02840444643283,350.8282139023044,0
1595991775.150196,377.8311063965061,350.8282139023044,0
1595991775.1602006,379.63192007143283,350.8282139023044,0
1595991775.1701906,381.43011591036105,350.8282139023044,0
1595991775.1801834,383.22882673342014,350.8282139023044,0
1595991775.1901999,385.0317861755588,350.8282139023044,0
1595991775.200188,386.8296386917331,350.8282139023044,0
1595991775.2101965,388.63118192751193,350.8282139023044,0
1595991775.220191,390.4301931579807,350.8282139023044,0
1595991775.2301996,392.2317363937595,350.8282139023044,0
1595991775.2401872,394.02950307924533,350.8282139023044,0
1595991775.2501898,395.8299734314182,350.8282139023044,0
1595991775.260197,397.63125917513156,350.8282139023044,0
1595991775.2701893,399.42988416750217,350.8282139023044,0
1595991775.2802007,401.23194238741183,350.8282139023044,0
1595991775.2901864,403.02936575014377,350.8282139023044,0
1595991775.3001926,404.8304798324802,350.8282139023044,0
1595991775.3101878,406.62961980898166,350.8282139023044,0
1595991775.3201902,408.4300472458103,350.8282139023044,0
1595991775.3301978,410.2314188202121,350.8282139023044,0
1595991775.3401873,412.0295288284519,350.8282139023044,0
1595991775.3501906,413.83012792665744,350.8282139023044,0
1595991775.3601868,415.62943956453586,350.8282139023044,0
1595991775.3701916,417.43029615480685,350.8282139023044,0
1595991775.3801882,419.22969362337375,350.8282139023044,0
1595991775.3902001,421.0318376739719,350.8282139023044,0
1595991775.4001868,422.8294326980808,350.8282139023044,0
1595991775.4101813,424.62844392854953,350.8282139023044,0
1595991775.4201987,426.43157503206515,350.8282139023044,0
1595991775.43019,428.2300283630588,350.8282139023044,0
1595991775.4401922,430.0304128845432,350.8282139023044,0
1595991775.4501944,431.83079740602756,350.8282139023044,0
1595991775.4601963,433.6311390121677,350.8282139023044,0
1595991775.47018,435.4282190521457,350.8282139023044,0
1595991775.4801795,437.2281315048435,350.8282139023044,0
1595991775.4901826,439.0286876877048,350.8282139023044,0
1595991775.5001853,440.82915803987765,350.8282139023044,0
1595991775.5101924,442.63044378359103,350.8282139023044,0
1595991775.5201998,444.43177244264865,350.8282139023044,0
1595991775.5301821,446.22859499056125,350.8282139023044,0
1595991775.540189,448.0298378189304,350.8282139023044,0
1595991775.5408156,448.1426193435886,350.8282139023044,0
1595991775.5408156,169.69983354051203,72.38542809922785,0
1595991775.5501974,171.3885523362884,72.38542809922785,0
1595991775.560188,173.18687692124934,72.38542809922785,0
1595991775.5701978,174.98863473374934,72.38542809922785,0
1595991775.5801933,176.78781762559504,72.38542809922785,0
1595991775.5901797,178.5853697343597,72.38542809922785,0
1595991775.600191,180.38742795426936,72.38542809922785,0
1595991775.610182,182.18579545457453,72.38542809922785,0
1595991775.6201823,183.985836653305,72.38542809922785,0
1595991775.6301844,185.78622117478938,72.38542809922785,0
1595991775.6401887,187.5869919343719,72.38542809922785,0
1595991775.6501892,189.3870760484466,72.38542809922785,0
1595991775.6601892,191.18707433183283,72.38542809922785,0
1595991775.6701987,192.9887892289886,72.38542809922785,0
1595991775.6801853,194.78638425309748,72.38542809922785,0
1595991775.6902003,196.58908620317072,72.38542809922785,0
1595991775.700201,198.38921323258967,72.38542809922785,0
1595991775.7101946,200.18805280168147,72.38542809922785,0
1595991775.7201974,201.98856606919855,72.38542809922785,0
1595991775.730188,203.78684773881525,72.38542809922785,0
1595991775.7401977,205.58860555131525,72.38542809922785,0
1595991775.7501945,207.3880459352264,72.38542809922785,0
1595991775.760194,209.18795838792414,72.38542809922785,0
1595991775.7701905,210.9873129411468,72.38542809922785,0
1595991775.780196,212.7882982774505,72.38542809922785,0
1595991775.7901914,214.5874811692962,72.38542809922785,0
1595991775.8001974,216.3885523362884,72.38542809922785,0
1595991775.8101838,218.18610444505305,72.38542809922785,0
1595991775.8201973,219.98854890306086,72.38542809922785,0
1595991775.830181,221.78558602769465,72.38542809922785,0
1595991775.8401928,223.5877300782928,72.38542809922785,0
1595991775.8501976,225.3885866685638,72.38542809922785,0
1595991775.8602,227.1890141053924,72.38542809922785,0
1595991775.8701973,228.988540319992,72.38542809922785,0
1595991775.88019,230.78720822770686,72.38542809922785,0
1595991775.8901873,232.58673444230647,72.38542809922785,0
1595991775.9001997,234.3889643235931,72.38542809922785,0
1595991775.910185,236.18634477098078,72.38542809922785,0
1595991775.920187,237.98668637712092,72.38542809922785,0
1595991775.925947,239.02347817857355,72.38542809922785,0
1595991775.925947,275.3164347250015,108.67838464565578,0
1595991775.9301915,276.0804565984756,108.67838464565578,0
1595991775.940198,277.8816135961563,108.67838464565578,0
1595991775.9501855,279.6793802816421,108.67838464565578,0
1595991775.9602003,281.48203931637113,108.67838464565578,0
1595991775.9701848,283.27924810238187,108.67838464565578,0
1595991775.9801905,285.0802763540298,108.67838464565578,0
1595991775.990188,286.87980256862943,108.67838464565578,0
1595991776.0001826,288.6788567144424,108.67838464565578,0
1595991776.0101843,290.4791554052383,108.67838464565578,0
1595991776.0201836,292.27902494259183,108.67838464565578,0
1595991776.0301843,294.0791519720108,108.67838464565578,0
1595991776.040186,295.8794506628067,108.67838464565578,0
1595991776.0501873,297.67970643825834,108.67838464565578,0
1595991776.0601916,299.48047719784086,108.67838464565578,0
1595991776.0701988,301.28176294155423,108.67838464565578,0
1595991776.080184,303.0791004735977,108.67838464565578,0
1595991776.090196,304.88124452419584,108.67838464565578,0
1595991776.1001842,306.6791399557144,108.67838464565578,0
1595991776.1101847,308.4792240697891,108.67838464565578,0
1595991776.1201882,310.2798660833389,108.67838464565578,0
1595991776.130184,312.07909189052884,108.67838464565578,0
1595991776.1401927,313.8806780416519,108.67838464565578,0
1595991776.1501954,315.68114839382474,108.67838464565578,0
1595991776.1601837,317.4790438253433,108.67838464565578,0
1595991776.1701837,319.2790421087295,108.67838464565578,0
1595991776.1801884,321.0798986990005,108.67838464565578,0
1595991776.1901994,322.8818710882217,108.67838464565578,0
1595991776.200188,324.6798094350845,108.67838464565578,0
1595991776.2101877,326.4797648031265,108.67838464565578,0
1595991776.2201924,328.2806213933975,108.67838464565578,0
1595991776.2301958,330.08122049160306,108.67838464565578,0
1595991776.240194,331.8809183675796,108.67838464565578,0
1595991776.2501981,333.6816462118179,108.67838464565578,0
1595991776.2601874,335.4797133047134,108.67838464565578,0
1595991776.270191,337.2803553182632,108.67838464565578,0
1595991776.2802002,339.08202730007474,108.67838464565578,0
1595991776.2901957,340.88121019192045,108.67838464565578,0
1595991776.3001878,342.6797922689468,108.67838464565578,0
1595991776.310187,344.4796618063003,108.67838464565578,0
1595991776.320182,346.27875886745755,108.67838464565578,0
1595991776.3301845,348.07918630428617,108.67838464565578,0
1595991776.340191,349.88034330196683,108.67838464565578,0
1595991776.3501985,351.6817148763687,108.67838464565578,0
1595991776.3601885,353.4799107152969,108.67838464565578,0
1595991776.3701992,355.28184018917386,108.67838464565578,0
1595991776.3801825,357.0788343984634,108.67838464565578,0
1595991776.390192,358.8805492956192,108.67838464565578,0
1595991776.4001977,360.6815775472671,108.67838464565578,0
1595991776.4101844,362.479172571376,108.67838464565578,0
1595991776.420199,364.2817886907608,108.67838464565578,0
1595991776.4301808,366.0785254079849,108.67838464565578,0
1595991776.440196,367.8812702734024,108.67838464565578,0
1595991776.4501798,369.6783503133804,108.67838464565578,0
1595991776.4601815,371.4786490041763,108.67838464565578,0
1595991776.4701915,373.28044973202054,108.67838464565578,0
1595991776.4801977,375.08156381435697,108.67838464565578,0
1595991776.4901834,376.8789871770889,108.67838464565578,0
1595991776.500185,378.6792858678848,108.67838464565578,0
1595991776.5101862,380.4794987279922,108.67838464565578,0
1595991776.5201833,382.2789820272476,108.67838464565578,0
1595991776.5301816,384.07867990322416,108.67838464565578,0
1595991776.5401795,385.87829194851224,108.67838464565578,0
1595991776.5501792,387.67824731655423,108.67838464565578,0
1595991776.5601802,389.4784172613174,108.67838464565578,0
1595991776.5701833,391.27897344417875,108.67838464565578,0
1595991776.580184,393.0791004735977,108.67838464565578,0
1595991776.5901961,394.8812874395401,108.67838464565578,0
1595991776.6001942,396.6809424001724,108.67838464565578,0
1595991776.610193,398.48072610683744,108.67838464565578,0
1595991776.6201937,400.2808531362564,108.67838464565578,0
1595991776.6301897,402.08012185879056,108.67838464565578,0
1595991776.6401954,403.8811501104385,108.67838464565578,0
1595991776.6501946,405.681019647792,108.67838464565578,0
1595991776.660184,407.47908674068753,108.67838464565578,0
1595991776.6701984,409.2817028600723,108.67838464565578,0
1595991776.6801846,411.0792120534927,108.67838464565578,0
1595991776.6901803,412.87843786068265,108.67838464565578,0
1595991776.7001843,414.67916570492093,108.67838464565578,0
1595991776.7101939,416.4808806020767,108.67838464565578,0
1595991776.7201803,418.27843271084134,108.67838464565578,0
1595991776.730185,420.07928930111234,108.67838464565578,0
1595991776.740187,421.8796309072525,108.67838464565578,0
1595991776.7501905,423.6802729208023,108.67838464565578,0
1595991776.7601838,425.47906957454984,108.67838464565578,0
1595991776.770198,427.28164277859037,108.67838464565578,0
1595991776.7801929,429.08069692440336,108.67838464565578,0
1595991776.7901893,430.880051477626,108.67838464565578,0
1595991776.800197,432.68142305202787,108.67838464565578,0
1595991776.810188,434.4798334676773,108.67838464565578,0
1595991776.8201914,436.28043256588285,108.67838464565578,0
1595991776.8301997,438.0819328863174,108.67838464565578,0
1595991776.8401864,439.8795279104263,108.67838464565578,0
1595991776.8501883,441.67986951656644,108.67838464565578,0
1595991776.8601785,443.4781082708389,108.67838464565578,0
1595991776.8701992,445.28184018917386,108.67838464565578,0
1595991776.880192,447.08055101223295,108.67838464565578,0
1595991776.8901823,448.8787897665054,108.67838464565578,0
1595991776.900179,450.6781872350723,108.67838464565578,0
1595991776.91018,452.4784000951797,108.67838464565578,0
1595991776.920187,454.27964292354886,108.67838464565578,0
1595991776.9301863,456.0795124609024,108.67838464565578,0
1595991776.9401786,457.878137453273,108.67838464565578,0
1595991776.9501784,459.678092821315,108.67838464565578,0
1595991776.9601996,461.4819105703384,108.67838464565578,0
1595991776.970198,463.281608446315,108.67838464565578,0
1595991776.9801924,465.0806196767837,108.67838464565578,0
1595991776.9901867,466.87958799190824,108.67838464565578,0
1595991777.000189,468.68001542873685,108.67838464565578,0
1595991777.000189,0,108.67838464565578,0
1595991777.0101914,110.4788120824844,108.67838464565578,0
1595991777.020193,112.2791107732803,108.67838464565578,0
1595991777.0302005,114.08043943233791,108.67838464565578,0
1595991777.0401962,115.87966523952785,108.67838464565578,0
1595991777.0502088,117.68193803615871,108.67838464565578,0
1595991777.057301,118.95854078121486,108.67838464565578,0
1595991777.057301,191.27097854685042,180.99082241129133,0
1595991777.060196,191.79205665659163,180.99082241129133,0
1595991777.070202,193.59317073892805,180.99082241129133,0
1595991777.08019,195.39098033975813,180.99082241129133,0
1595991777.0902085,197.19432601999495,180.99082241129133,0
1595991777.100208,198.9942384726927,180.99082241129133,0
1595991777.1101944,200.79179058145735,180.99082241129133,0
1595991777.1202092,202.59444961618635,180.99082241129133,0
1595991777.1301894,204.3908859260008,180.99082241129133,0
1595991777.1402028,206.19328746866438,180.99082241129133,0
1595991777.1502092,207.99444446634504,180.99082241129133,0
1595991777.1601999,209.79276905130598,180.99082241129133,0
1595991777.170209,211.59439811777327,180.99082241129133,0
1595991777.1801894,213.39087734293196,180.99082241129133,0
1595991777.190194,215.19169101785872,180.99082241129133,0
1595991777.200194,216.99168930124495,180.99082241129133,0
1595991777.2102036,218.79344711374495,180.99082241129133,0
1595991777.2201989,220.5925870902464,180.99082241129133,0
1595991777.2301927,222.39146957468245,180.99082241129133,0
1595991777.2401896,224.19090995859358,180.99082241129133,0
1595991777.2502036,225.99344024728987,180.99082241129133,0
1595991777.260207,227.79403934549543,180.99082241129133,0
1595991777.2702086,229.59433803629133,180.99082241129133,0
1595991777.2801955,231.39197597574446,180.99082241129133,0
1595991777.290196,233.19206008981917,180.99082241129133,0
1595991777.300204,234.9935174949095,180.99082241129133,0
1595991777.310192,236.7913700110838,180.99082241129133,0
1595991777.3202088,238.59437236856672,180.99082241129133,0
1595991777.3301985,240.3925252921507,180.99082241129133,0
1595991777.3402085,242.19432601999495,180.99082241129133,0
1595991777.3501897,243.99093399118635,180.99082241129133,0
1595991777.3602033,245.79337844919417,180.99082241129133,0
1595991777.3702009,247.592947579138,180.99082241129133,0
1595991777.3801968,249.3922163016722,180.99082241129133,0
1595991777.3901956,251.19200000833723,180.99082241129133,0
1595991777.400196,252.99208412241194,180.99082241129133,0
1595991777.4101942,254.79173908304426,180.99082241129133,0
1595991777.4201941,256.5917373664305,180.99082241129133,0
1595991777.4302003,258.3928514487669,180.99082241129133,0
1595991777.4401965,260.19216308664534,180.99082241129133,0
1595991777.4502013,261.99301967691633,180.99082241129133,0
1595991777.460202,263.7931467063353,180.99082241129133,0
1595991777.4701886,265.59074173044417,180.99082241129133,0
1595991777.4801993,267.3926712043211,180.99082241129133,0
1595991777.4902048,269.19365654062483,180.99082241129133,0
1595991777.5001936,270.99163780283186,180.99082241129133,0
1595991777.5101929,272.7915073401854,180.99082241129133,0
1595991777.520192,274.59133396219465,180.99082241129133,0
1595991777.5301957,276.3920188910887,180.99082241129133,0
1595991777.5402029,278.1933046348021,180.99082241129133,0
1595991777.5501928,279.9915004737303,180.99082241129133,0
1595991777.560204,281.7935157782957,180.99082241129133,0
1595991777.570193,283.591539955847,180.99082241129133,0
1595991777.580198,285.39243946146223,180.99082241129133,0
1595991777.5902011,287.19299564432356,180.99082241129133,0
1595991777.6002038,288.9934659964964,180.99082241129133,0
1595991777.6102061,290.793893433325,180.99082241129133,0
1595991777.6201932,292.5915742881224,180.99082241129133,0
1595991777.6302018,294.3931175239012,180.99082241129133,0
1595991777.6401887,296.1907554633543,180.99082241129133,0
1595991777.6502025,297.9932428367064,180.99082241129133,0
1595991777.6601996,299.79272613596174,180.99082241129133,0
1595991777.6674407,301.0961080558226,180.99082241129133,0
1595991777.6674407,318.7672756390758,198.66198999454457,0
1595991777.6701906,319.26226121952016,198.66198999454457,0
1595991777.6801972,321.06346113254506,198.66198999454457,0
1595991777.6902072,322.8652618603893,198.66198999454457,0
1595991777.7001896,324.6620844083019,198.66198999454457,0
1595991777.710192,326.4625118451305,198.66198999454457,0
1595991777.7202091,328.2656000333019,198.66198999454457,0
1595991777.730201,330.064139194984,198.66198999454457,0
1595991777.7401953,331.86310751010853,198.66198999454457,0
1595991777.7501895,333.66207582523305,198.66198999454457,0
1595991777.7601924,335.46258909275014,198.66198999454457,0
1595991777.7702038,337.2646473126598,198.66198999454457,0
1595991777.7801943,339.0629289822765,198.66198999454457,0
1595991777.7901902,340.8621977048107,198.66198999454457,0
1595991777.800204,342.66468507816273,198.66198999454457,0
1595991777.81019,344.4621513562389,198.66198999454457,0
1595991777.8202004,346.2640379147716,198.66198999454457,0
1595991777.8301964,348.0633066373058,198.66198999454457,0
1595991777.8402045,349.86476404239613,198.66198999454457,0
1595991777.8501885,351.6618869977184,198.66198999454457,0
1595991777.8601995,353.4638593869396,198.66198999454457,0
1595991777.87019,355.2621410565563,198.66198999454457,0
1595991777.8801997,357.0638988690563,198.66198999454457,0
1595991777.8901906,358.86226636936146,198.66198999454457,0
1595991777.8965285,360,198.66198999454457,1
1595991777.9002032,360.6645391659923,198.66198999454457,0
1595991777.910193,362.4626920895763,198.66198999454457,0
1595991777.920193,364.26269037296254,198.66198999454457,0
1595991777.9301968,366.0633753018566,198.66198999454457,0
1595991777.9402025,367.86440355350453,198.66198999454457,0
1595991777.9501977,369.663543530006,198.66198999454457,0
1595991777.9602084,371.46547300388295,198.66198999454457,0
1595991777.9701972,373.26345426609,198.66198999454457,0
1595991777.9802043,375.06474000980336,198.66198999454457,0
1595991777.9901907,376.862292118568,198.66198999454457,0
1595991778.0001929,378.6626766400524,198.66198999454457,0
1595991778.0102057,380.4649923520275,198.66198999454457,0
1595991778.0201955,382.26314527561146,198.66198999454457,0
1595991778.0301886,384.0618990140148,198.66198999454457,0
1595991778.0402098,385.8657167630382,198.66198999454457,0
1595991778.0502067,387.66515714694935,198.66198999454457,0
1595991778.0601947,389.46300966312367,198.66198999454457,0
1595991778.0702052,391.2648962216564,198.66198999454457,0
1595991778.0802,393.0639503674694,198.66198999454457,0
1595991778.090192,394.86253244449574,198.66198999454457,0
1595991778.1001964,396.66330320407826,198.66198999454457,0
1595991778.1101885,398.4618852811046,198.66198999454457,0
1595991778.1201978,400.26355726291615,198.66198999454457,0
1595991778.1301918,402.0624826626964,198.66198999454457,0
1595991778.1402028,403.8644550519176,198.66198999454457,0
1595991778.1502073,405.6652687268444,198.66198999454457,0
1595991778.1602035,407.4645803647228,198.66198999454457,0
1595991778.1701984,409.26367742588,198.66198999454457,0
1595991778.1801925,411.0626028256603,198.66198999454457,0
1595991778.1902034,412.8645752148815,198.66198999454457,0
1595991778.200189,414.6619985776134,198.66198999454457,0
1595991778.2102036,416.4646146969982,198.66198999454457,0
1595991778.2202039,418.26465589572865,198.66198999454457,0
1595991778.230207,420.06521207859,198.66198999454457,0
1595991778.2401965,421.8633220868297,198.66198999454457,0
1595991778.2502031,423.6645219998546,198.66198999454457,0
1595991778.260209,425.4655931668468,198.66198999454457,0
1595991778.2702026,427.2644327359386,198.66198999454457,0
1595991778.2802055,429.0649460034557,198.66198999454457,0
1595991778.2901993,430.86382848789174,198.66198999454457,0
1595991778.300204,432.66468507816273,198.66198999454457,0
1595991778.3101895,434.46206552555043,198.66198999454457,0
1595991778.320191,436.2623213010021,198.66198999454457,0
1595991778.3301895,438.0620620923229,198.66198999454457,0
1595991778.3401945,439.8629615979381,198.66198999454457,0
1595991778.3502004,441.6640327649303,198.66198999454457,0
1595991778.3601942,443.46291524936635,198.66198999454457,0
1595991778.3701937,445.2628277020641,198.66198999454457,0
1595991778.3801901,447.06218225528676,198.66198999454457,0
1595991778.3901932,448.8627384381481,198.66198999454457,0
1595991778.4002,450.663938351173,198.66198999454457,0
1595991778.4101949,452.4630354123302,198.66198999454457,0
1595991778.420203,454.26449281742055,198.66198999454457,0
1595991778.4301999,456.0639332013317,198.66198999454457,0
1595991778.440199,457.86375982334096,198.66198999454457,0
1595991778.4501936,459.66281396915394,198.66198999454457,0
1595991778.4601912,461.4623830990978,198.66198999454457,0
1595991778.4702027,463.26444131900746,198.66198999454457,0
1595991778.480205,465.0648687558361,198.66198999454457,0
1595991778.490202,466.8643091397472,198.66198999454457,0
1595991778.500199,468.6637924390026,198.66198999454457,0
1595991778.5102043,470.46473485996205,198.66198999454457,0
1595991778.5201879,472.26177198459584,198.66198999454457,0
1595991778.5301955,474.0631435589977,198.66198999454457,0
1595991778.5401878,475.8617685513683,198.66198999454457,0
1595991778.5501993,477.66382677127797,198.66198999454457,0
1595991778.560193,479.462709255714,198.66198999454457,0
1595991778.5701885,481.2618921475597,198.66198999454457,0
1595991778.5802078,483.06536657382924,198.66198999454457,0
1595991778.5901988,484.8637340741344,198.66198999454457,0
1595991778.6001897,486.6621015744396,198.66198999454457,0
1595991778.610206,488.465018101234,198.66198999454457,0
1595991778.6202037,490.2646301465221,198.66198999454457,0
1595991778.6301959,492.0632122235485,198.66198999454457,0
1595991778.6401896,493.8620947079845,198.66198999454457,0
1595991778.65019,495.6621788220592,198.66198999454457,0
1595991778.6601977,497.4635503964611,198.66198999454457,0
1595991778.6701977,499.2635486798473,198.66198999454457,0
1595991778.680201,501.06414777805287,198.66198999454457,0
1595991778.6901927,502.86264402439076,198.66198999454457,0
1595991778.700205,504.6648739056774,198.66198999454457,0
1595991778.7102022,506.46435720493275,198.66198999454457,0
1595991778.72019,508.26216680576283,198.66198999454457,0
1595991778.7301984,510.0636671261974,198.66198999454457,0
1595991778.7402015,511.86422330905873,198.66198999454457,0
1595991778.7502036,513.6646078305431,198.66198999454457,0
1595991778.7601936,515.4628036694713,198.66198999454457,0
1595991778.7702048,517.2648189740368,198.66198999454457,0
1595991778.780203,519.0645168500133,198.66198999454457,0
1595991778.790204,520.8646867947765,198.66198999454457,0
1595991778.8001897,522.6621101575084,198.66198999454457,0
1595991778.8101914,524.4624088483043,198.66198999454457,0
1595991778.820193,526.2627075391002,198.66198999454457,0
1595991778.8302047,528.0648086743541,198.66198999454457,0
1595991778.8401935,529.8627899365612,198.66198999454457,0
1595991778.850188,531.6618011670299,198.66198999454457,0
1595991778.860193,533.4627006726452,198.66198999454457,0
1595991778.870205,535.2648447232433,198.66198999454457,0
1595991778.880193,537.0626972394176,198.66198999454457,0
1595991778.890188,538.8617943005748,198.66198999454457,0
1595991778.9002032,540.6645391659923,198.66198999454457,0
1595991778.9102073,542.4652670102306,198.66198999454457,0
1595991778.920208,544.2653940396495,198.66198999454457,0
1595991778.9301994,546.0638473706432,198.66198999454457,0
1595991778.9401884,547.8618715481945,198.66198999454457,0
1595991778.9501913,549.6623848157116,198.66198999454457,0
1595991778.9601922,551.4625547604747,198.66198999454457,0
1595991778.9701982,553.2636259274669,198.66198999454457,0
1595991778.9802015,555.0642250256725,198.66198999454457,0
1595991778.9901931,556.8627212720104,198.66198999454457,0
1595991779.0001976,558.6635349469371,198.66198999454457,0
1595991779.0001976,0,198.66198999454457,0
1595991779.0101995,200.4623316006847,198.66198999454457,0
1595991779.0201988,202.26220113803822,198.66198999454457,0
1595991779.0301976,204.06198484470326,198.66198999454457,0
1595991779.040211,205.86438638736684,198.66198999454457,0
1595991779.0502002,207.66245348026234,198.66198999454457,0
1595991779.0602098,209.4641683774181,198.66198999454457,0
1595991779.070208,211.26386625339467,198.66198999454457,0
1595991779.0801992,213.06227666904408,198.66198999454457,0
1595991779.0902076,214.86377698947865,198.66198999454457,0
1595991779.1001976,216.66197282840687,198.66198999454457,0
1595991779.1102095,218.46411687900502,198.66198999454457,0
1595991779.1202052,220.26334268619496,198.66198999454457,0
1595991779.130204,222.06312639286,198.66198999454457,0
1595991779.1400442,223.83437139560658,198.66198999454457,0
1595991779.1400442,264.6840599769246,239.5116785758626,0
1595991779.1402059,264.7131565803181,239.5116785758626,0
1595991779.150202,266.51246821819655,239.5116785758626,0
1595991779.1601992,268.3119515174519,239.5116785758626,0
1595991779.1702127,270.11439597545973,239.5116785758626,0
1595991779.180214,271.91460883556715,239.5116785758626,0
1595991779.1902096,273.7138346427571,239.5116785758626,0
1595991779.2001975,275.51164424358717,239.5116785758626,0
1595991779.2102187,277.3154619926106,239.5116785758626,0
1595991779.220206,279.1131857627522,239.5116785758626,0
1595991779.2302089,280.9136990302693,239.5116785758626,0
1595991779.2402186,282.7154568427693,239.5116785758626,0
1595991779.2502,284.51210772930494,239.5116785758626,0
1595991779.260208,286.31352221905104,239.5116785758626,0
1595991779.2702074,288.1134346717488,239.5116785758626,0
1595991779.2801998,289.9120596641194,239.5116785758626,0
1595991779.290209,291.7137316459309,239.5116785758626,0
1595991779.300204,293.51282870708815,239.5116785758626,0
1595991779.3102036,295.3127411597859,239.5116785758626,0
1595991779.3202112,297.11411273418776,239.5116785758626,0
1595991779.3302112,298.914111017574,239.5116785758626,0
1595991779.3402154,300.7148817771565,239.5116785758626,0
1595991779.350217,302.5151804679524,239.5116785758626,0
1595991779.3602083,304.3135908836018,239.5116785758626,0
1595991779.3702137,306.11457621990553,239.5116785758626,0
1595991779.3802147,307.9147461646687,239.5116785758626,0
1595991779.3902047,309.71294200359694,239.5116785758626,0
1595991779.4002147,311.5147427314412,239.5116785758626,0
1595991779.410216,313.31499850689283,239.5116785758626,0
1595991779.4202135,315.11452472149244,239.5116785758626,0
1595991779.4302142,316.9146517509114,239.5116785758626,0
1595991779.4402175,318.71525084911696,239.5116785758626,0
1595991779.4501982,320.5117729896199,239.5116785758626,0
1595991779.4602017,322.3124150031697,239.5116785758626,0
1595991779.4702094,324.11378657757155,239.5116785758626,0
1595991779.4802005,325.91219699322096,239.5116785758626,0
1595991779.4902182,327.7153710120808,239.5116785758626,0
1595991779.5002055,329.5130947822224,239.5116785758626,0
1595991779.5102162,331.3150242560994,239.5116785758626,0
1595991779.5202012,333.1123188727986,239.5116785758626,0
1595991779.5302033,334.91270339428297,239.5116785758626,0
1595991779.540198,336.71175754009596,239.5116785758626,0
1595991779.5502083,338.51360118328444,239.5116785758626,0
1595991779.5602045,340.31291282116285,239.5116785758626,0
1595991779.5702138,342.1145848029744,239.5116785758626,0
1595991779.5802026,343.9125660651814,239.5116785758626,0
1595991779.5901988,345.7118777030598,239.5116785758626,0
1595991779.600202,347.5124768012654,239.5116785758626,0
1595991779.610212,349.31427752910963,239.5116785758626,0
1595991779.6202114,351.11414706646315,239.5116785758626,0
1595991779.6302087,352.91367328106276,239.5116785758626,0
1595991779.640217,354.7151736014973,239.5116785758626,0
1595991779.6501975,356.511652826656,239.5116785758626,0
1595991779.6602015,358.3123806708943,239.5116785758626,0
1595991779.669589,360,239.5116785758626,1
1595991779.670217,360.115168451656,239.5116785758626,0
1595991779.6802173,361.9152096503865,239.5116785758626,0
1595991779.690213,363.7144354575764,239.5116785758626,0
1595991779.7002172,365.51520621715895,239.5116785758626,0
1595991779.710203,367.3126295798909,239.5116785758626,0
1595991779.720198,369.1117266410481,239.5116785758626,0
1595991779.7302034,370.9127119773518,239.5116785758626,0
1595991779.740207,372.7133539909016,239.5116785758626,0
1595991779.7502017,374.5124081367146,239.5116785758626,0
1595991779.7601986,376.31184852062574,239.5116785758626,0
