Timestamp,Phase,Offset,Ping?
1595632200.000089,59.940000000000005,0,0
1595632200.0101175,61.74304527282715,0.333,0
1595632200.0201156,63.54270023345948,0.333,0
1595632200.0301168,65.34291309356689,0.333,0
1595632200.0401204,67.1435551071167,0.333,0
1595632200.0501077,68.9412788772583,0.333,0
1595632200.060116,70.74277919769287,0.333,0
1595632200.070108,72.541318359375,0.333,0
1595632200.080105,74.34080165863037,0.333,0
1595632200.0901036,76.14054244995117,0.333,0
1595632200.1001096,77.94161361694336,0.333,0
1595632200.1101167,79.74289936065674,0.333,0
1595632200.120117,81.5429405593872,0.333,0
1595632200.1301153,83.34263843536377,0.333,0
1595632200.1401021,85.14027637481689,0.333,0
1595632200.150119,86.94332164764404,0.333,0
1595632200.1601045,88.74070209503174,0.333,0
1595632200.1701083,90.54138702392578,0.333,0
1595632200.18011,92.34168571472168,0.333,0
1595632200.1901095,94.14159816741943,0.333,0
1595632200.2001119,95.94202560424804,0.333,0
1595632200.210106,97.74095100402832,0.333,0
1595632200.2201018,99.5402197265625,0.333,0
1595632200.2301054,101.3408617401123,0.333,0
1595632200.2401059,103.14094585418701,0.333,0
1595632200.2501173,104.94300407409668,0.333,0
1595632200.2601073,106.7411999130249,0.333,0
1595632200.2701204,108.54355854034424,0.333,0
1595632200.2801156,110.3426985168457,0.333,0
1595632200.2901096,112.14162391662597,0.333,0
1595632200.3001063,113.94102138519287,0.333,0
1595632200.3101063,115.7410196685791,0.333,0
1595632200.3201187,117.54324954986572,0.333,0
1595632200.3301103,119.34174579620361,0.333,0
1595632200.34011,121.1417011642456,0.333,0
1595632200.347112,122.40203899383545,0.333,0
1595632200.347112,122.40203899383545,0.333,0
1595632200.3501043,122.94066947937011,0.333,0
1595632200.360116,124.74277061462402,0.333,0
1595632200.3701088,126.5414814376831,0.333,0
1595632200.3801157,128.34272426605224,0.333,0
1595632200.3901007,130.14001888275146,0.333,0
1595632200.4001164,131.94284957885742,0.333,0
1595632200.4101174,133.7430195236206,0.333,0
1595632200.420115,135.54258865356445,0.333,0
1595632200.4301038,137.34056991577148,0.333,0
1595632200.4401062,139.1409973526001,0.333,0
1595632200.4501019,140.94022315979004,0.333,0
1595632200.4601045,142.7406935119629,0.333,0
1595632200.4701197,144.54343837738037,0.333,0
1595632200.4801025,146.34034675598144,0.333,0
1595632200.4901066,148.14107460021972,0.333,0
1595632200.5001066,149.94107288360595,0.333,0
1595632200.5101135,151.7423157119751,0.333,0
1595632200.520111,153.54188484191894,0.333,0
1595632200.5301065,155.34106773376465,0.333,0
1595632200.5401115,157.14196723937988,0.333,0
1595632200.5501041,158.94063514709472,0.333,0
1595632200.5601172,160.74299377441406,0.333,0
1595632200.5701172,162.5429920578003,0.333,0
1595632200.5801163,164.34281867980957,0.333,0
1595632200.590102,166.1402420425415,0.333,0
1595632200.6001008,167.94002574920654,0.333,0
1595632200.6101003,169.7399382019043,0.333,0
1595632200.6201086,171.54143852233886,0.333,0
1595632200.630116,173.34276718139648,0.333,0
1595632200.6401029,175.1404051208496,0.333,0
1595632200.6501086,176.94143337249756,0.333,0
1595632200.66012,178.74349159240722,0.333,0
1595632200.6701076,180.54125827789306,0.333,0
1595632200.6801162,182.34280151367187,0.333,0
1595632200.6901104,184.14176982879638,0.333,0
1595632200.7001028,185.940394821167,0.333,0
1595632200.710114,187.74241012573242,0.333,0
1595632200.7201076,189.54124969482422,0.333,0
1595632200.730105,191.34077590942383,0.333,0
1595632200.7401009,193.140044631958,0.333,0
1595632200.7501101,194.94171661376953,0.333,0
1595632200.7601132,196.74227279663086,0.333,0
1595632200.7701075,198.54124111175537,0.333,0
1595632200.780108,200.34132522583008,0.333,0
1595632200.7901185,202.1432117843628,0.333,0
1595632200.800104,203.9405922317505,0.333,0
1595632200.8101168,205.74290794372558,0.333,0
1595632200.8201125,207.54213375091553,0.333,0
1595632200.8301015,209.3401579284668,0.333,0
1595632200.8401203,211.14354652404785,0.333,0
1595632200.850102,212.94024032592773,0.333,0
1595632200.8601034,214.7404961013794,0.333,0
1595632200.870102,216.5402368927002,0.333,0
1595632200.8801053,218.34083599090576,0.333,0
1595632200.8901176,220.14306587219238,0.333,0
1595632200.9001162,221.94280666351318,0.333,0
1595632200.9100997,223.73984378814697,0.333,0
1595632200.9201155,225.54267448425293,0.333,0
1595632200.9301186,227.34323066711426,0.333,0
1595632200.940112,229.14207023620605,0.333,0
1595632200.950116,230.9427551651001,0.333,0
1595632200.9601185,232.74322551727295,0.333,0
1595632200.97011,234.5416788482666,0.333,0
1595632200.9801056,236.34090465545654,0.333,0
1595632200.9901075,238.14124626159668,0.333,0
1595632201.0001047,239.94072956085205,0.333,0
1595632201.010106,241.7409853363037,0.333,0
1595632201.020108,243.54132694244385,0.333,0
1595632201.0301108,245.34184020996094,0.333,0
1595632201.0401003,247.13995021820068,0.333,0
1595632201.0501115,248.9419655227661,0.333,0
1595632201.0601077,250.74127716064453,0.333,0
1595632201.070109,252.54149002075195,0.333,0
1595632201.0801134,254.3423036956787,0.333,0
1595632201.0901077,256.1412720108032,0.333,0
1595632201.10012,257.94350189208984,0.333,0
1595632201.1101196,259.7434143447876,0.333,0
1595632201.1200995,261.5398077392578,0.333,0
1595632201.1301,263.3398918533325,0.333,0
1595632201.1401176,265.1430658721924,0.333,0
1595632201.150108,266.9413475418091,0.333,0
1595632201.1601126,268.74216121673584,0.333,0
1595632201.1701107,270.54181617736816,0.333,0
1595632201.1801188,272.3432735824585,0.333,0
1595632201.1901064,274.14104026794433,0.333,0
1595632201.2001145,275.94249767303467,0.333,0
1595632201.21012,277.7434830093384,0.333,0
1595632201.2201183,279.54318088531494,0.333,0
1595632201.2301033,281.34047550201416,0.333,0
1595632201.2401013,283.1401304626465,0.333,0
1595632201.2501056,284.940901222229,0.333,0
1595632201.2601047,286.7407278442383,0.333,0
1595632201.2701058,288.5409407043457,0.333,0
1595632201.2801027,290.34038108825683,0.333,0
1595632201.2901063,292.14102310180664,0.333,0
1595632201.300116,293.94278091430664,0.333,0
1595632201.3101044,295.7406763458252,0.333,0
1595632201.3201034,297.54050296783447,0.333,0
1595632201.3301108,299.3418316268921,0.333,0
1595632201.340107,301.1411432647705,0.333,0
1595632201.3501086,302.9414419555664,0.333,0
1595632201.3601172,304.7429851913452,0.333,0
1595632201.3701077,306.5412668609619,0.333,0
1595632201.3801134,308.34229511260986,0.333,0
1595632201.390103,310.14044803619385,0.333,0
1595632201.400118,311.9431499862671,0.333,0
1595632201.410116,313.7427620315552,0.333,0
1595632201.4201088,315.54147285461426,0.333,0
1595632201.43011,317.3416857147217,0.333,0
1595632201.4401166,319.1428856277466,0.333,0
1595632201.4501057,320.94090980529785,0.333,0
1595632201.4601145,322.7424959564209,0.333,0
1595632201.4701154,324.5426659011841,0.333,0
1595632201.4801033,326.34047550201416,0.333,0
1595632201.4901123,328.14210456848144,0.333,0
1595632201.5001185,329.94321865081787,0.333,0
1595632201.5100994,331.73978370666504,0.333,0
1595632201.5201118,333.54201358795166,0.333,0
1595632201.5301,335.3399090194702,0.333,0
1595632201.5401185,337.1432117843628,0.333,0
1595632201.5501015,338.9401630783081,0.333,0
1595632201.56011,340.7417063140869,0.333,0
1595632201.5701098,342.5416616821289,0.333,0
1595632201.5801127,344.342174949646,0.333,0
1595632201.5901132,346.1422590637207,0.333,0
1595632201.600103,347.9404119873047,0.333,0
1595632201.6101167,349.74289936065674,0.333,0
1595632201.6201067,351.54109519958496,0.333,0
1595632201.6301174,353.3430246734619,0.333,0
1595632201.6401129,355.1422075653076,0.333,0
1595632201.6501052,356.9408325576782,0.333,0
1595632201.6601007,358.7400154495239,0.333,0
1595632201.6671216,360,0.333,1
1595632201.6671216,6.275686737874809,0.03486492632152671,0
1595632201.6771383,8.078689095357719,0.03486492632152671,0
1595632201.6871367,9.878386971334281,0.03486492632152671,0
1595632201.6971307,11.677312371114555,0.03486492632152671,0
1595632201.7071373,13.478512284139457,0.03486492632152671,0
1595632201.7171333,15.277781006673637,0.03486492632152671,0
1595632201.7271345,17.077993866781057,0.03486492632152671,0
1595632201.7371411,18.87919377980596,0.03486492632152671,0
1595632201.747124,20.676102158407033,0.03486492632152671,0
1595632201.7571342,22.47794580159551,0.03486492632152671,0
1595632201.7671263,24.276527878621877,0.03486492632152671,0
1595632201.7771401,26.079015251973928,0.03486492632152671,0
1595632201.7871277,27.876781937459768,0.03486492632152671,0
1595632201.797141,29.679183480123342,0.03486492632152671,0
1595632201.807124,31.476091858724416,0.03486492632152671,0
1595632201.8171337,33.277849671224416,0.03486492632152671,0
1595632201.8271234,35.0760025948084,0.03486492632152671,0
1595632201.837129,36.87703084645635,0.03486492632152671,0
1595632201.8471382,38.678659912923635,0.03486492632152671,0
1595632201.8571231,40.475954529622854,0.03486492632152671,0
1595632201.8671298,42.277154442647756,0.03486492632152671,0
1595632201.8771343,44.077968117574514,0.03486492632152671,0
1595632201.8871229,45.87590646443731,0.03486492632152671,0
1595632201.8971238,47.67607640920049,0.03486492632152671,0
1595632201.9071243,49.4761605232752,0.03486492632152671,0
1595632201.917141,51.27916288075811,0.03486492632152671,0
1595632201.9271288,53.076972481588186,0.03486492632152671,0
1595632201.9371235,54.876026627401174,0.03486492632152671,0
1595632201.9471383,56.67868566213018,0.03486492632152671,0
1595632201.9571404,58.47907018361455,0.03486492632152671,0
1595632201.9671354,60.27816724477178,0.03486492632152671,0
1595632201.9771235,62.076019760946096,0.03486492632152671,0
1595632201.9871266,63.876575943807424,0.03486492632152671,0
1595632201.9971335,65.67781877217656,0.03486492632152671,0
1595632202.007134,67.47790288625127,0.03486492632152671,0
1595632202.0171306,69.27730035481817,0.03486492632152671,0
1595632202.0271406,71.0791010826624,0.03486492632152671,0
1595632202.0371344,72.87798356709844,0.03486492632152671,0
1595632202.0471408,74.6791405647791,0.03486492632152671,0
1595632202.0571315,76.47746514974004,0.03486492632152671,0
1595632202.067126,78.27647638020879,0.03486492632152671,0
1595632202.077128,80.07681798634893,0.03486492632152671,0
1595632202.0871305,81.87728833852178,0.03486492632152671,0
1595632202.0971322,83.67758702931768,0.03486492632152671,0
1595632202.1071365,85.4783577889002,0.03486492632152671,0
1595632202.1171393,87.27887105641729,0.03486492632152671,0
1595632202.1271212,89.07560777364141,0.03486492632152671,0
1595632202.1371212,90.87560605702764,0.03486492632152671,0
1595632202.1471238,92.67607640920049,0.03486492632152671,0
1595632202.1571407,94.47912168202764,0.03486492632152671,0
1595632202.167125,96.27628755269414,0.03486492632152671,0
1595632202.1771238,98.07607125935918,0.03486492632152671,0
1595632202.187133,99.8777432411707,0.03486492632152671,0
1595632202.197127,101.67666864095098,0.03486492632152671,0
1595632202.2071307,103.47731065450078,0.03486492632152671,0
1595632202.2171297,105.27713727651006,0.03486492632152671,0
1595632202.227132,107.07756471333867,0.03486492632152671,0
1595632202.2371376,108.87855004964239,0.03486492632152671,0
1595632202.2471225,110.6758446663416,0.03486492632152671,0
1595632202.257137,112.47846078572637,0.03486492632152671,0
1595632202.2671232,114.27596997914678,0.03486492632152671,0
1595632202.277129,116.07699823079473,0.03486492632152671,0
1595632202.2871368,117.87841272054082,0.03486492632152671,0
1595632202.2971313,119.67742395100957,0.03486492632152671,0
1595632202.3071215,121.47566270528203,0.03486492632152671,0
1595632202.3171322,123.27759217915899,0.03486492632152671,0
1595632202.3271346,125.0780196159876,0.03486492632152671,0
1595632202.337137,126.87844705281621,0.03486492632152671,0
1595632202.3471355,128.67818784413703,0.03486492632152671,0
1595632202.347248,128.6984438866175,0.03486492632152671,0
1595632202.347248,128.6984438866175,0.03486492632152671,0
1595632202.3571386,130.47874402699836,0.03486492632152671,0
1595632202.3671389,132.27878522572883,0.03486492632152671,0
1595632202.377129,134.0770239800013,0.03486492632152671,0
1595632202.387127,135.87663602528937,0.03486492632152671,0
1595632202.3971367,137.67839383778937,0.03486492632152671,0
1595632202.4071252,139.47633218465216,0.03486492632152671,0
1595632202.417135,141.27808999715216,0.03486492632152671,0
1595632202.4271252,143.07632875142463,0.03486492632152671,0
1595632202.4371352,144.87812947926886,0.03486492632152671,0
1595632202.4471242,146.67615365682013,0.03486492632152671,0
1595632202.4571292,148.47705316243537,0.03486492632152671,0
1595632202.4671245,150.27619313893683,0.03486492632152671,0
1595632202.4771216,152.0756764381922,0.03486492632152671,0
1595632202.4871397,153.87893628774054,0.03486492632152671,0
1595632202.4971328,155.67769002614386,0.03486492632152671,0
1595632202.5071282,157.47687291798957,0.03486492632152671,0
1595632202.5171366,159.27837323842414,0.03486492632152671,0
1595632202.5271273,161.07669782338508,0.03486492632152671,0
1595632202.5371344,162.87798356709845,0.03486492632152671,0
1595632202.5471394,164.6788830727137,0.03486492632152671,0
1595632202.5571399,166.4789671867884,0.03486492632152671,0
1595632202.5671322,168.277592179159,0.03486492632152671,0
1595632202.577121,170.07557344136603,0.03486492632152671,0
1595632202.5871224,171.8758292168177,0.03486492632152671,0
1595632202.5971212,173.67561292348273,0.03486492632152671,0
1595632202.6071281,175.47685575185187,0.03486492632152671,0
1595632202.6171265,177.27655362782843,0.03486492632152671,0
1595632202.6271305,179.07728147206672,0.03486492632152671,0
1595632202.637136,180.87826680837043,0.03486492632152671,0
1595632202.6471376,182.67856549916633,0.03486492632152671,0
1595632202.6571295,184.47710466084845,0.03486492632152671,0
1595632202.667126,186.2764592140711,0.03486492632152671,0
1595632202.677122,188.07577085194953,0.03486492632152671,0
1595632202.6871269,189.87662744222052,0.03486492632152671,0
1595632202.697131,191.6773552864588,0.03486492632152671,0
1595632202.7071235,193.47602319417365,0.03486492632152671,0
1595632202.7171214,195.27563523946174,0.03486492632152671,0
1595632202.7271316,197.0774788826502,0.03486492632152671,0
1595632202.7371387,198.8787646263636,0.03486492632152671,0
1595632202.747126,200.6764883965052,0.03486492632152671,0
1595632202.7571228,202.4758858650721,0.03486492632152671,0
1595632202.7671394,204.278888222555,0.03486492632152671,0
1595632202.7771306,206.0772986382044,0.03486492632152671,0
1595632202.7871232,207.87596654591925,0.03486492632152671,0
1595632202.7971246,209.67622232137091,0.03486492632152671,0
1595632202.807126,211.47647809682258,0.03486492632152671,0
1595632202.8171282,213.27686261830695,0.03486492632152671,0
1595632202.8271246,215.0762171715296,0.03486492632152671,0
1595632202.837121,216.87557172475226,0.03486492632152671,0
1595632202.8471298,218.6771578758753,0.03486492632152671,0
1595632202.8571234,220.4759974449671,0.03486492632152671,0
1595632202.8671317,222.27749776540168,0.03486492632152671,0
1595632202.8771293,224.07706689534552,0.03486492632152671,0
1595632202.887127,225.87663602528937,0.03486492632152671,0
1595632202.8971226,227.6758618324793,0.03486492632152671,0
1595632202.9071367,229.4783921211756,0.03486492632152671,0
1595632202.9171333,231.2777895897425,0.03486492632152671,0
1595632202.927125,233.0762858360804,0.03486492632152671,0
1595632202.9371288,234.87697076497443,0.03486492632152671,0
1595632202.9471316,236.67748403249152,0.03486492632152671,0
1595632202.9571388,238.4787697762049,0.03486492632152671,0
1595632202.9671216,240.27567815480597,0.03486492632152671,0
1595632202.9771307,242.07730722127326,0.03486492632152671,0
1595632202.9871356,243.8782067268885,0.03486492632152671,0
1595632202.9971392,245.6788487404383,0.03486492632152671,0
1595632203.0071397,247.478932854513,0.03486492632152671,0
1595632203.0171294,249.277085778097,0.03486492632152671,0
1595632203.0271378,251.07858609853156,0.03486492632152671,0
1595632203.037135,252.87806939778693,0.03486492632152671,0
1595632203.0471365,254.67836808858283,0.03486492632152671,0
1595632203.0571318,256.4775080650843,0.03486492632152671,0
1595632203.067122,258.27574681935675,0.03486492632152671,0
1595632203.077125,260.0763030022181,0.03486492632152671,0
1595632203.0871363,261.8783183067835,0.03486492632152671,0
1595632203.097132,263.67754411397345,0.03486492632152671,0
1595632203.1071348,265.47805738149054,0.03486492632152671,0
1595632203.117133,267.27771234212287,0.03486492632152671,0
1595632203.1271207,269.07552194295295,0.03486492632152671,0
1595632203.1371248,270.8762497871912,0.03486492632152671,0
1595632203.1471212,272.6756043404139,0.03486492632152671,0
1595632203.1571214,274.47564553914435,0.03486492632152671,0
1595632203.1671224,276.27581548390754,0.03486492632152671,0
1595632203.177136,278.07825994191535,0.03486492632152671,0
1595632203.1871345,279.87800073323615,0.03486492632152671,0
1595632203.1971278,281.6767973869837,0.03486492632152671,0
1595632203.2071307,283.4773106545008,0.03486492632152671,0
1595632203.2171366,285.278381821493,0.03486492632152671,0
1595632203.2271364,287.078337189535,0.03486492632152671,0
1595632203.2371387,288.8787646263636,0.03486492632152671,0
1595632203.247133,290.6777329414881,0.03486492632152671,0
1595632203.2571244,292.47618627248175,0.03486492632152671,0
1595632203.267124,294.2760987251795,0.03486492632152671,0
1595632203.2771375,296.0785431831873,0.03486492632152671,0
1595632203.2871335,297.8778119057215,0.03486492632152671,0
1595632203.297123,299.67592191396125,0.03486492632152671,0
1595632203.3071392,301.4788384407557,0.03486492632152671,0
1595632203.3171394,303.27887963948615,0.03486492632152671,0
1595632203.3271356,305.07819127736457,0.03486492632152671,0
1595632203.3371239,306.8760867088831,0.03486492632152671,0
1595632203.34712,308.67539834676154,0.03486492632152671,0
1595632203.3571231,310.47595452962287,0.03486492632152671,0
1595632203.3671393,312.2788710564173,0.03486492632152671,0
1595632203.3771284,314.07689523396857,0.03486492632152671,0
1595632203.387139,315.8788247078455,0.03486492632152671,0
1595632203.3971386,317.6787371605433,0.03486492632152671,0
1595632203.407123,319.475945946554,0.03486492632152671,0
1595632203.4171202,321.2754292458094,0.03486492632152671,0
1595632203.4271252,323.0763287514246,0.03486492632152671,0
1595632203.437131,324.8773570030726,0.03486492632152671,0
1595632203.4471378,326.6785998314417,0.03486492632152671,0
1595632203.4571311,328.4773964851893,0.03486492632152671,0
1595632203.4671314,330.27743768391974,0.03486492632152671,0
1595632203.477139,332.0788092583216,0.03486492632152671,0
1595632203.4871287,333.8769621819056,0.03486492632152671,0
1595632203.4971323,335.6776041954554,0.03486492632152671,0
1595632203.5071278,337.4767870873011,0.03486492632152671,0
1595632203.5171335,339.27781533894904,0.03486492632152671,0
1595632203.5271285,341.07691240010627,0.03486492632152671,0
1595632203.5371282,342.87686776814826,0.03486492632152671,0
1595632203.5471215,344.6756644218958,0.03486492632152671,0
1595632203.5571337,346.4778513878382,0.03486492632152671,0
1595632203.5671284,348.2769055336512,0.03486492632152671,0
1595632203.57712,350.0754017799891,0.03486492632152671,0
1595632203.5871263,351.8765158623255,0.03486492632152671,0
1595632203.5971277,353.67677163777716,0.03486492632152671,0
1595632203.6071358,355.4782290428675,0.03486492632152671,0
1595632203.6171198,357.27535199818976,0.03486492632152671,0
1595632203.6271255,359.0763802498377,0.03486492632152671,0
1595632203.6322718,360,0.03486492632152671,1
1595632203.6322718,6.598510319955093,0.036658390666417184,0
1595632203.642274,8.398894841439468,0.036658390666417184,0
1595632203.6522756,10.199193532235366,0.036658390666417184,0
1595632203.6622767,11.999406392342788,0.036658390666417184,0
1595632203.6722722,13.798589284188491,0.036658390666417184,0
1595632203.682276,15.599274213082534,0.036658390666417184,0
1595632203.69229,17.401804501778823,0.036658390666417184,0
1595632203.7022784,19.199699933297378,0.036658390666417184,0
1595632203.7122853,21.00094276166652,0.036658390666417184,0
1595632203.7222886,22.801541859872085,0.036658390666417184,0
1595632203.7322743,24.59896522260402,0.036658390666417184,0
1595632203.7422786,26.399735982186538,0.036658390666417184,0
1595632203.7522748,28.199047620064956,0.036658390666417184,0
1595632203.762281,30.000161702401382,0.036658390666417184,0
1595632203.7722807,31.800117070443374,0.036658390666417184,0
1595632203.7822905,33.60187488294338,0.036658390666417184,0
1595632203.7922766,35.39938407636379,0.036658390666417184,0
1595632203.8022757,37.199210698373065,0.036658390666417184,0
1595632203.812285,39.00088268018459,0.036658390666417184,0
1595632203.8222733,40.79877811170314,0.036658390666417184,0
1595632203.8322854,42.600965077645526,0.036658390666417184,0
1595632203.8422794,44.3998904774258,0.036658390666417184,0
1595632203.8522873,46.20130496717189,0.036658390666417184,0
1595632203.8622847,48.0008311817715,0.036658390666417184,0
1595632203.8722866,49.80117278791164,0.036658390666417184,0
1595632203.8822813,51.60022693372463,0.036658390666417184,0
1595632203.8922732,53.39876609540676,0.036658390666417184,0
1595632203.902279,55.199794347054706,0.036658390666417184,0
1595632203.9122846,57.000822598702655,0.036658390666417184,0
1595632203.9222858,58.80103545881008,0.036658390666417184,0
1595632203.9322839,60.6006904194424,0.036658390666417184,0
1595632203.9422715,62.39845710492824,0.036658390666417184,0
1595632203.952279,64.1998286793301,0.036658390666417184,0
1595632203.9622798,65.99995570874904,0.036658390666417184,0
1595632203.97228,67.79999690747951,0.036658390666417184,0
1595632203.9822721,69.59857898450588,0.036658390666417184,0
1595632203.9922895,71.4017100880215,0.036658390666417184,0
1595632204.00228,73.1999917576382,0.036658390666417184,0
1595632204.0122747,74.99904590345119,0.036658390666417184,0
1595632204.0222855,76.80097537732814,0.036658390666417184,0
1595632204.0322816,78.60028701520656,0.036658390666417184,0
1595632204.0422795,80.39989906049465,0.036658390666417184,0
1595632204.052281,82.20015483594631,0.036658390666417184,0
1595632204.0622776,83.9995523045132,0.036658390666417184,0
1595632204.072288,85.80143886304592,0.036658390666417184,0
1595632204.0822892,87.60165172315334,0.036658390666417184,0
1595632204.092273,89.39873176313137,0.036658390666417184,0
1595632204.102289,91.20160537458156,0.036658390666417184,0
1595632204.1122775,92.99954372144435,0.036658390666417184,0
1595632204.1222734,94.79881244397853,0.036658390666417184,0
1595632204.1322827,96.60048442579006,0.036658390666417184,0
1595632204.1422746,98.39902358747219,0.036658390666417184,0
1595632204.1522748,100.19906478620265,0.036658390666417184,0
1595632204.1622884,102.00150924421047,0.036658390666417184,0
1595632204.1722786,103.79974799848293,0.036658390666417184,0
1595632204.182289,105.6015916416714,0.036658390666417184,0
1595632204.192273,107.39871459699367,0.036658390666417184,0
1595632204.2022781,109.19965701795314,0.036658390666417184,0
1595632204.212286,111.00107150769924,0.036658390666417184,0
1595632204.2222762,112.7993102619717,0.036658390666417184,0
1595632204.2322853,114.60093932843898,0.036658390666417184,0
1595632204.242279,116.39982181287502,0.036658390666417184,0
1595632204.2522755,118.19917636609767,0.036658390666417184,0
1595632204.262283,120.00054794049953,0.036658390666417184,0
1595632204.2722769,121.79943042493557,0.036658390666417184,0
1595632204.2785532,122.92917686200832,0.036658390666417184,0
1595632204.2785532,122.92917686200832,0.036658390666417184,0
1595632204.2822795,123.59990077710842,0.036658390666417184,0
1595632204.2922773,125.3995128223965,0.036658390666417184,0
1595632204.3022745,127.19899612165187,0.036658390666417184,0
1595632204.3122892,129.00165515638088,0.036658390666417184,0
1595632204.322277,130.79946475721096,0.036658390666417184,0
1595632204.3322744,132.59899097181057,0.036658390666417184,0
1595632204.3422852,134.40092044568752,0.036658390666417184,0
1595632204.3522875,136.20134788251613,0.036658390666417184,0
1595632204.3622863,138.00113158918117,0.036658390666417184,0
1595632204.3722773,139.79949908948635,0.036658390666417184,0
1595632204.382275,141.59911113477443,0.036658390666417184,0
1595632204.3922815,143.4002681324551,0.036658390666417184,0
1595632204.4022787,145.19975143171047,0.036658390666417184,0
1595632204.4122775,146.9995351383755,0.036658390666417184,0
1595632204.4222784,148.7997050831387,0.036658390666417184,0
1595632204.4322808,150.6001325199673,0.036658390666417184,0
1595632204.4422855,152.4009891102383,0.036658390666417184,0
1595632204.4522834,154.20060115552639,0.036658390666417184,0
1595632204.462289,156.00162940717433,0.036658390666417184,0
1595632204.472271,157.79836612439846,0.036658390666417184,0
1595632204.482286,159.6010680744717,0.036658390666417184,0
1595632204.4922764,161.3993497440884,0.036658390666417184,0
1595632204.5022838,163.20067840314601,0.036658390666417184,0
1595632204.512273,164.99874549604152,0.036658390666417184,0
1595632204.522287,166.80123286939357,0.036658390666417184,0
1595632204.5322716,168.59848457074855,0.036658390666417184,0
1595632204.5422711,170.3983970234463,0.036658390666417184,0
1595632204.5522823,172.20041232801174,0.036658390666417184,0
1595632204.5622902,174.00182681775783,0.036658390666417184,0
1595632204.572278,175.7996364185879,0.036658390666417184,0
1595632204.5822732,177.59877639508937,0.036658390666417184,0
1595632204.5922832,179.4005771229336,0.036658390666417184,0
1595632204.6022844,181.200789983041,0.036658390666417184,0
1595632204.6122854,183.0009599278042,0.036658390666417184,0
1595632204.6222887,184.80155902600976,0.036658390666417184,0
1595632204.632282,186.6003556797573,0.036658390666417184,0
1595632204.642287,188.40125518537255,0.036658390666417184,0
1595632204.6522744,190.19897895551415,0.036658390666417184,0
1595632204.6622767,191.99940639234276,0.036658390666417184,0
1595632204.6722736,193.7988467762539,0.036658390666417184,0
1595632204.6822793,195.59987502790185,0.036658390666417184,0
1595632204.6922739,197.3988862583706,0.036658390666417184,0
1595632204.7022715,199.19845538831444,0.036658390666417184,0
1595632204.7122881,201.00145774579735,0.036658390666417184,0
1595632204.7222767,202.79939609266015,0.036658390666417184,0
1595632204.7322717,204.59849315381737,0.036658390666417184,0
1595632204.742276,206.3992639133999,0.036658390666417184,0
1595632204.7522726,208.1986613819668,0.036658390666417184,0
1595632204.762275,209.9990888187954,0.036658390666417184,0
1595632204.772273,211.79874377942772,0.036658390666417184,0
1595632204.7822776,213.59955745435448,0.036658390666417184,0
1595632204.792281,215.40015655256005,0.036658390666417184,0
1595632204.8022892,217.20165687299462,0.036658390666417184,0
1595632204.812279,218.9998097965786,0.036658390666417184,0
1595632204.8222756,220.7992072651455,0.036658390666417184,0
1595632204.8322759,222.59924846387597,0.036658390666417184,0
1595632204.8422804,224.40006213880272,0.036658390666417184,0
1595632204.852285,226.20087581372948,0.036658390666417184,0
1595632204.8622835,228.00061660505028,0.036658390666417184,0
1595632204.8722804,229.80005698896142,0.036658390666417184,0
1595632204.8822732,231.5987678120205,0.036658390666417184,0
1595632204.8922784,233.39971023297997,0.036658390666417184,0
1595632204.9022808,235.20013766980858,0.036658390666417184,0
1595632204.912288,237.00142341352196,0.036658390666417184,0
1595632204.922274,238.79893260694237,0.036658390666417184,0
1595632204.9322777,240.59957462049218,0.036658390666417184,0
1595632204.942275,242.3991008350918,0.036658390666417184,0
1595632204.9522858,244.20103030896874,0.036658390666417184,0
1595632204.9622784,245.99969821668358,0.036658390666417184,0
1595632204.972287,247.8012414524624,0.036658390666417184,0
1595632204.9822733,249.59879356122704,0.036658390666417184,0
1595632204.992275,251.39909225202294,0.036658390666417184,0
1595632205.0022728,253.19870429731102,0.036658390666417184,0
1595632205.012289,255.00162082410546,0.036658390666417184,0
1595632205.0222714,256.7984433720181,0.036658390666417184,0
1595632205.0322812,258.6002011845181,0.036658390666417184,0
1595632205.0422797,260.3999419758389,0.036658390666417184,0
1595632205.052282,262.2003694126675,0.036658390666417184,0
1595632205.062271,263.99839359021877,0.036658390666417184,0
1595632205.0722713,265.79843478894924,0.036658390666417184,0
1595632205.0822732,267.5987763950894,0.036658390666417184,0
1595632205.0922818,269.4003196308682,0.036658390666417184,0
1595632205.1022797,271.19993167615627,0.036658390666417184,0
1595632205.1122875,273.00134616590236,0.036658390666417184,0
1595632205.1222787,274.7997565815518,0.036658390666417184,0
1595632205.1322753,276.59915405011867,0.036658390666417184,0
1595632205.142274,278.39889484143947,0.036658390666417184,0
1595632205.1522834,280.20060973859523,0.036658390666417184,0
1595632205.1622806,282.0000930378506,0.036658390666417184,0
1595632205.1722803,283.8000484058926,0.036658390666417184,0
1595632205.1822822,285.60039001203273,0.036658390666417184,0
1595632205.192276,287.39927249646877,0.036658390666417184,0
1595632205.202279,289.1998286793301,0.036658390666417184,0
1595632205.212279,290.9998269627163,0.036658390666417184,0
1595632205.222274,292.79892402387355,0.036658390666417184,0
1595632205.2322717,294.5984931538174,0.036658390666417184,0
1595632205.2422817,296.40029388166164,0.036658390666417184,0
1595632205.252282,298.2003350803921,0.036658390666417184,0
1595632205.262275,299.9990888187954,0.036658390666417184,0
1595632205.2722821,301.8003745625088,0.036658390666417184,0
1595632205.2822843,303.6007590839932,0.036658390666417184,0
1595632205.2922754,305.3991694996426,0.036658390666417184,0
1595632205.302274,307.1989102909634,0.036658390666417184,0
1595632205.3122876,309.0013547489712,0.036658390666417184,0
1595632205.3222802,310.80002265668605,0.036658390666417184,0
1595632205.3322716,312.5984759876797,0.036658390666417184,0
1595632205.342278,314.39963298536037,0.036658390666417184,0
1595632205.3522763,316.19933086133693,0.036658390666417184,0
1595632205.3622816,318.0002732822964,0.036658390666417184,0
1595632205.3722715,319.7984691212246,0.036658390666417184,0
1595632205.382284,321.60069900251125,0.036658390666417184,0
1595632205.3922863,323.40112643933986,0.036658390666417184,0
1595632205.4022737,325.19885020948146,0.036658390666417184,0
1595632205.412283,327.000522191293,0.036658390666417184,0
1595632205.4222827,328.800477559335,0.036658390666417184,0
1595632205.4322891,330.60163455701564,0.036658390666417184,0
1595632205.4422846,332.40081744886135,0.036658390666417184,0
1595632205.452288,334.2014165470669,0.036658390666417184,0
1595632205.462288,336.00141483045314,0.036658390666417184,0
1595632205.4722857,337.80102687574123,0.036658390666417184,0
1595632205.4822714,339.59845023847316,0.036658390666417184,0
1595632205.4922922,341.4021821568081,0.036658390666417184,0
1595632205.5022726,343.1986613819668,0.036658390666417184,0
1595632205.5122733,344.99878841138576,0.036658390666417184,0
1595632205.522286,346.8010612080166,0.036658390666417184,0
1595632205.5322776,348.5995574543545,0.036658390666417184,0
1595632205.5422773,350.3995128223965,0.036658390666417184,0
1595632205.5522773,352.19951110578273,0.036658390666417184,0
1595632205.5622847,354.00083976484035,0.036658390666417184,0
1595632205.5722826,355.80045181012844,0.036658390666417184,0
1595632205.5822766,357.5993772099087,0.036658390666417184,0
1595632205.5922751,359.3991180012295,0.036658390666417184,0
1595632205.5956237,360,0.036658390666417184,1
1595632205.5956237,6.302713674317342,0.035015075968429676,0
1595632205.6056395,8.1055443704233,0.035015075968429676,0
1595632205.6156354,9.904813092957479,0.035015075968429676,0
1595632205.6256385,11.705369275818807,0.035015075968429676,0
1595632205.6356401,13.505667966614705,0.035015075968429676,0
1595632205.6456423,15.30605248809908,0.035015075968429676,0
1595632205.6556334,17.104462903748495,0.035015075968429676,0
1595632205.6656356,18.90484742523287,0.035015075968429676,0
1595632205.6756275,20.703386586915,0.035015075968429676,0
1595632205.6856253,22.502998632203084,0.035015075968429676,0
1595632205.695627,24.303297322998983,0.035015075968429676,0
1595632205.7056258,26.103081029664022,0.035015075968429676,0
1595632205.715624,27.902778905640584,0.035015075968429676,0
1595632205.7256336,29.704493802796346,0.035015075968429676,0
1595632205.7356305,31.50393418670748,0.035015075968429676,0
1595632205.7456262,33.30315999389742,0.035015075968429676,0
1595632205.7556372,35.10513238311861,0.035015075968429676,0
1595632205.7656393,36.90551690460298,0.035015075968429676,0
1595632205.7756426,38.70611600280855,0.035015075968429676,0
1595632205.7856371,40.5051272332773,0.035015075968429676,0
1595632205.79564,42.30564050079439,0.035015075968429676,0
1595632205.805632,44.10422257782076,0.035015075968429676,0
1595632205.815626,45.90310506225679,0.035015075968429676,0
1595632205.825639,47.70546368957613,0.035015075968429676,0
1595632205.8356376,49.50520448089693,0.035015075968429676,0
1595632205.8456285,51.303571981202104,0.035015075968429676,0
1595632205.8556402,53.10567311645601,0.035015075968429676,0
1595632205.8656244,54.902838987122514,0.035015075968429676,0
1595632205.8756409,56.705798429261186,0.035015075968429676,0
1595632205.8856301,58.503865522156694,0.035015075968429676,0
1595632205.8956344,60.304636281739214,0.035015075968429676,0
1595632205.9056273,62.103347104798296,0.035015075968429676,0
1595632205.9156256,63.90304498077486,0.035015075968429676,0
1595632205.9256287,65.7036011636362,0.035015075968429676,0
1595632205.9356315,67.50411443115328,0.035015075968429676,0
1595632205.9456258,69.3030827462778,0.035015075968429676,0
1595632205.9556265,71.10320977569674,0.035015075968429676,0
1595632205.965641,72.9058258950815,0.035015075968429676,0
1595632205.975637,74.70509461761569,0.035015075968429676,0
1595632205.9856374,76.50517873169039,0.035015075968429676,0
1595632205.9956274,78.30337457061862,0.035015075968429676,0
1595632206.0056272,80.10332993866061,0.035015075968429676,0
1595632206.0156393,81.90551690460299,0.035015075968429676,0
1595632206.025633,83.70439938903903,0.035015075968429676,0
1595632206.0356417,85.50594262481783,0.035015075968429676,0
1595632206.0456364,87.30499677063082,0.035015075968429676,0
1595632206.055631,89.10400800109957,0.035015075968429676,0
1595632206.0656288,90.90362004638766,0.035015075968429676,0
1595632206.0756283,92.70353249908541,0.035015075968429676,0
1595632206.0856314,94.50408868194674,0.035015075968429676,0
1595632206.0956264,96.30318574310397,0.035015075968429676,0
1595632206.1056259,98.10309819580172,0.035015075968429676,0
1595632206.115633,99.9043839395151,0.035015075968429676,0
1595632206.125627,101.70330933929537,0.035015075968429676,0
1595632206.1356268,103.50326470733737,0.035015075968429676,0
1595632206.1456409,105.30579499603365,0.035015075968429676,0
1595632206.1556263,107.10317544342135,0.035015075968429676,0
1595632206.1656287,108.90360288024996,0.035015075968429676,0
1595632206.1756313,110.70407323242281,0.035015075968429676,0
1595632206.1856284,112.50355653167819,0.035015075968429676,0
1595632206.1956244,114.30282525421237,0.035015075968429676,0
1595632206.2056406,116.1057417810068,0.035015075968429676,0
1595632206.2099388,116.87941960693453,0.035015075968429676,0
1595632206.2099388,116.87941960693453,0.035015075968429676,0
1595632206.2156374,117.90518216491793,0.035015075968429676,0
1595632206.2256293,119.70372132660006,0.035015075968429676,0
1595632206.2356246,121.50286130310153,0.035015075968429676,0
1595632206.2456248,123.302902501832,0.035015075968429676,0
1595632206.2556372,125.10513238311862,0.035015075968429676,0
1595632206.2656374,126.90517358184908,0.035015075968429676,0
1595632206.2756283,128.70354108215426,0.035015075968429676,0
1595632206.2856312,130.50405434967135,0.035015075968429676,0
1595632206.295636,132.30491093994235,0.035015075968429676,0
1595632206.305639,134.10546712280367,0.035015075968429676,0
1595632206.315639,135.9054654061899,0.035015075968429676,0
1595632206.3256373,137.70516328216647,0.035015075968429676,0
1595632206.335631,139.50400285125826,0.035015075968429676,0
1595632206.345626,141.30314282775973,0.035015075968429676,0
1595632206.3556297,143.10378484130953,0.035015075968429676,0
1595632206.3656406,144.90575723053072,0.035015075968429676,0
1595632206.3756242,146.7027943551645,0.035015075968429676,0
1595632206.3856368,148.50506715179537,0.035015075968429676,0
1595632206.395637,150.30510835052584,0.035015075968429676,0
1595632206.4056268,152.10326127410983,0.035015075968429676,0
1595632206.415627,153.9033024728403,0.035015075968429676,0
1595632206.4256415,155.70591859222506,0.035015075968429676,0
1595632206.4356306,157.50394276977633,0.035015075968429676,0
1595632206.4456244,159.30282525421237,0.035015075968429676,0
1595632206.4556322,161.10423974395846,0.035015075968429676,0
1595632206.4656289,162.90363721252535,0.035015075968429676,0
1595632206.4756265,164.7032063424692,0.035015075968429676,0
1595632206.485638,166.50526456237887,0.035015075968429676,0
1595632206.4956408,168.30577782989596,0.035015075968429676,0
1595632206.50563,170.10384492279147,0.035015075968429676,0
1595632206.5156288,171.9036286294565,0.035015075968429676,0
1595632206.5256417,173.7059443414316,0.035015075968429676,0
1595632206.5356402,175.5056851327524,0.035015075968429676,0
1595632206.5456297,177.30379514099215,0.035015075968429676,0
1595632206.5556424,179.106067937623,0.035015075968429676,0
1595632206.565635,180.90473584533788,0.035015075968429676,0
1595632206.5756283,182.70353249908544,0.035015075968429676,0
1595632206.5856345,184.50464658142187,0.035015075968429676,0
1595632206.5956347,186.30468778015234,0.035015075968429676,0
1595632206.6056385,188.10537270904638,0.035015075968429676,0
1595632206.6156235,189.9026673257456,0.035015075968429676,0
1595632206.6256301,191.7038672387705,0.035015075968429676,0
1595632206.6356242,193.50279263855077,0.035015075968429676,0
1595632206.6456263,195.30317716003515,0.035015075968429676,0
1595632206.655627,197.1033041894541,0.035015075968429676,0
1595632206.6656327,198.90433244110204,0.035015075968429676,0
1595632206.6756372,200.7051461160288,0.035015075968429676,0
1595632206.685631,202.50402860046484,0.035015075968429676,0
1595632206.695627,204.30329732299901,0.035015075968429676,0
1595632206.7056406,206.10574178100683,0.035015075968429676,0
1595632206.7156286,207.90359429718114,0.035015075968429676,0
1595632206.7256396,209.70556668640234,0.035015075968429676,0
1595632206.7356274,211.5033762872324,0.035015075968429676,0
1595632206.745626,213.3031170785532,0.035015075968429676,0
1595632206.755628,215.1035016000376,0.035015075968429676,0
1595632206.7656357,216.90487317443944,0.035015075968429676,0
1595632206.7756286,218.70358399749853,0.035015075968429676,0
1595632206.7856312,220.50405434967138,0.035015075968429676,0
1595632206.7956386,222.305383008729,0.035015075968429676,0
1595632206.8056288,224.10362176300146,0.035015075968429676,0
1595632206.8156314,225.9040921151743,0.035015075968429676,0
1595632206.8256373,227.7051632821665,0.035015075968429676,0
1595632206.8356407,229.50576238037206,0.035015075968429676,0
1595632206.84564,231.30563191772558,0.035015075968429676,0
1595632206.8556368,233.1050723016367,0.035015075968429676,0
1595632206.865633,234.90438393951513,0.035015075968429676,0
1595632206.8756297,236.70378140808202,0.035015075968429676,0
1595632206.8856335,238.50446633697607,0.035015075968429676,0
1595632206.8956344,240.30463628173925,0.035015075968429676,0
1595632206.905632,242.1042054116831,0.035015075968429676,0
1595632206.915629,243.90364579559423,0.035015075968429676,0
1595632206.925631,245.7040303170786,0.035015075968429676,0
1595632206.9356277,247.5034277856455,0.035015075968429676,0
1595632206.9456275,249.3033831536875,0.035015075968429676,0
1595632206.95563,251.10385350586034,0.035015075968429676,0
1595632206.9656265,252.903208059083,0.035015075968429676,0
1595632206.9756238,254.7027342736826,0.035015075968429676,0
1595632206.9856317,256.5041487634287,0.035015075968429676,0
1595632206.9956381,258.30530576110937,0.035015075968429676,0
1595632207.005635,260.1047461450205,0.035015075968429676,0
1595632207.015634,261.9045727670298,0.035015075968429676,0
1595632207.025626,263.7031119287119,0.035015075968429676,0
1595632207.0356386,265.50538472534276,0.035015075968429676,0
1595632207.0456364,267.30499677063085,0.035015075968429676,0
1595632207.0556417,269.1059391915903,0.035015075968429676,0
1595632207.0656304,270.90392045379735,0.035015075968429676,0
1595632207.0756288,272.7036183297739,0.035015075968429676,0
1595632207.0856228,274.5025437295542,0.035015075968429676,0
1595632207.0956266,276.30322865844823,0.035015075968429676,0
1595632207.1056318,278.1041710794077,0.035015075968429676,0
1595632207.1156352,279.9047701776133,0.035015075968429676,0
1595632207.1256287,281.70360974670507,0.035015075968429676,0
1595632207.1356342,283.5045950830088,0.035015075968429676,0
1595632207.1456401,285.30566625000097,0.035015075968429676,0
1595632207.155625,287.1029608667002,0.035015075968429676,0
1595632207.1656277,288.90343121887304,0.035015075968429676,0
1595632207.1756346,290.7046740472422,0.035015075968429676,0
1595632207.185628,292.50347070098974,0.035015075968429676,0
1595632207.195632,294.304198545228,0.035015075968429676,0
1595632207.2056246,296.10286645294286,0.035015075968429676,0
1595632207.2156382,297.9053109109507,0.035015075968429676,0
1595632207.2256231,299.7026055276499,0.035015075968429676,0
1595632207.2356255,301.5030329644785,0.035015075968429676,0
1595632207.2456229,303.3025591790781,0.035015075968429676,0
1595632207.255634,305.10457448364355,0.035015075968429676,0
1595632207.2656288,306.90362862945653,0.035015075968429676,0
1595632207.2756238,308.70272569061376,0.035015075968429676,0
1595632207.2856283,310.5035393655405,0.035015075968429676,0
1595632207.2956312,312.3040526330576,0.035015075968429676,0
1595632207.3056316,314.1041367471323,0.035015075968429676,0
1595632207.3156247,315.90289048553564,0.035015075968429676,0
1595632207.3256395,317.70554952026464,0.035015075968429676,0
1595632207.335641,319.5058052957163,0.035015075968429676,0
1595632207.3456354,321.30481652618505,0.035015075968429676,0
1595632207.355637,323.10511521698095,0.035015075968429676,0
1595632207.3656356,324.90485600830175,0.035015075968429676,0
1595632207.3756335,326.70446805358984,0.035015075968429676,0
1595632207.3856316,328.50412301422216,0.035015075968429676,0
1595632207.3956366,330.3050225198374,0.035015075968429676,0
1595632207.4056265,332.1032183587656,0.035015075968429676,0
1595632207.415635,333.9047615945444,0.035015075968429676,0
1595632207.4256241,335.7027857720957,0.035015075968429676,0
1595632207.4356372,337.50514439941503,0.035015075968429676,0
1595632207.445627,339.303297322999,0.035015075968429676,0
1595632207.455629,341.1036818444834,0.035015075968429676,0
1595632207.4656296,342.9037659585581,0.035015075968429676,0
1595632207.4756405,344.7057383477793,0.035015075968429676,0
1595632207.4856324,346.5042775094614,0.035015075968429676,0
1595632207.495625,348.30294541717626,0.035015075968429676,0
1595632207.5056264,350.1032011926279,0.035015075968429676,0
1595632207.5156353,351.90478734375097,0.035015075968429676,0
1595632207.5256238,353.70272569061376,0.035015075968429676,0
1595632207.5356238,355.502723974,0.035015075968429676,0
1595632207.5456245,357.30285100341894,0.035015075968429676,0
1595632207.5556316,359.1041367471323,0.035015075968429676,0
1595632207.560614,360,0.035015075968429676,1
1595632207.560614,5.992535987040897,0.03329186659467165,0
1595632207.570615,7.792705931804081,0.03329186659467165,0
1595632207.580621,9.593777098796268,0.03329186659467165,0
1595632207.5906265,11.39476243509998,0.03329186659467165,0
1595632207.6006224,13.194031157634159,0.03329186659467165,0
1595632207.6106205,14.993686118266483,0.03329186659467165,0
1595632207.620623,16.794156470439333,0.03329186659467165,0
1595632207.6306276,18.59497014536609,0.03329186659467165,0
1595632207.6406283,20.395097174785036,0.03329186659467165,0
1595632207.6506238,22.19428006663074,0.03329186659467165,0
1595632207.66062,23.993591704509157,0.03329186659467165,0
1595632207.6706247,25.794448294780153,0.03329186659467165,0
1595632207.680618,27.593244948527712,0.03329186659467165,0
1595632207.6906164,29.392942824504274,0.03329186659467165,0
1595632207.700628,31.19504395975818,0.03329186659467165,0
1595632207.7106194,32.99349729075183,0.03329186659467165,0
1595632207.7206206,34.793710150859255,0.03329186659467165,0
1595632207.730623,36.59413758768787,0.03329186659467165,0
1595632207.740617,38.39306298746814,0.03329186659467165,0
1595632207.7506309,40.19555036082019,0.03329186659467165,0
1595632207.7606165,41.992973723552126,0.03329186659467165,0
1595632207.7706223,43.794001975200075,0.03329186659467165,0
1595632207.7806149,45.59266988291492,0.03329186659467165,0
1595632207.7906256,47.39459935679187,0.03329186659467165,0
1595632207.8006268,49.194812216899294,0.03329186659467165,0
1595632207.8106186,50.99335137858142,0.03329186659467165,0
1595632207.8206158,52.792834677836794,0.03329186659467165,0
1595632207.830619,54.59343377604236,0.03329186659467165,0
1595632207.8406308,56.39553491129627,0.03329186659467165,0
1595632207.85063,58.19540444864978,0.03329186659467165,0
1595632207.8606312,59.995617308757204,0.03329186659467165,0
1595632207.870622,61.79394189371814,0.03329186659467165,0
1595632207.8806329,63.59591428293933,0.03329186659467165,0
1595632207.8906288,65.39518300547351,0.03329186659467165,0
1595632207.900619,67.19342175974597,0.03329186659467165,0
1595632207.9106324,68.99582330240955,0.03329186659467165,0
1595632207.9206226,70.79406205668201,0.03329186659467165,0
1595632207.9306273,72.594918646953,0.03329186659467165,0
1595632207.9406145,74.39259950175037,0.03329186659467165,0
1595632207.9506166,76.19298402323474,0.03329186659467165,0
1595632207.960615,77.9926818992113,0.03329186659467165,0
1595632207.9706302,79.79542676462879,0.03329186659467165,0
1595632207.9806283,81.59508172526111,0.03329186659467165,0
1595632207.9906213,83.39383546366443,0.03329186659467165,0
1595632208.0006309,85.19555036082019,0.03329186659467165,0
1595632208.0106184,86.99331704630603,0.03329186659467165,0
1595632208.0206192,88.79344407572498,0.03329186659467165,0
1595632208.030619,90.59339944376697,0.03329186659467165,0
1595632208.0406291,92.39524308695545,0.03329186659467165,0
1595632208.0506175,94.193138518474,0.03329186659467165,0
1595632208.060621,95.9937805320238,0.03329186659467165,0
1595632208.0706189,97.79339257731189,0.03329186659467165,0
1595632208.0806231,99.59416333689441,0.03329186659467165,0
1595632208.0906198,101.3935608054613,0.03329186659467165,0
1595632208.100618,103.19321576609363,0.03329186659467165,0
1595632208.1106215,104.99385777964343,0.03329186659467165,0
1595632208.1206295,106.79531518473377,0.03329186659467165,0
1595632208.1306193,108.59346810831775,0.03329186659467165,0
1595632208.1362906,109.61429540171375,0.03329186659467165,0
1595632208.1362906,109.61429540171375,0.03329186659467165,0
1595632208.1406186,110.39333764567127,0.03329186659467165,0
1595632208.1506267,112.1947950507616,0.03329186659467165,0
1595632208.1606147,113.99264756693591,0.03329186659467165,0
1595632208.1706233,115.79419080271472,0.03329186659467165,0
1595632208.1806328,117.59590569987049,0.03329186659467165,0
1595632208.1906261,119.39470235361804,0.03329186659467165,0
1595632208.200618,121.19324151530017,0.03329186659467165,0
1595632208.210625,122.99448434366931,0.03329186659467165,0
1595632208.2206159,124.79285184397449,0.03329186659467165,0
1595632208.230633,126.59594003214588,0.03329186659467165,0
1595632208.2406285,128.39512292399158,0.03329186659467165,0
1595632208.2506232,130.19417706980457,0.03329186659467165,0
1595632208.260625,131.99447576060047,0.03329186659467165,0
1595632208.2706156,133.7928003455614,0.03329186659467165,0
1595632208.2806146,135.59262696757068,0.03329186659467165,0
1595632208.290622,137.3939556266283,0.03329186659467165,0
1595632208.3006217,139.1939109946703,0.03329186659467165,0
1595632208.3106232,140.99416677012195,0.03329186659467165,0
1595632208.3206165,142.7929634238695,0.03329186659467165,0
1595632208.3306236,144.5942491675829,0.03329186659467165,0
1595632208.3406181,146.39326039805164,0.03329186659467165,0
1595632208.3506238,148.1942886496996,0.03329186659467165,0
1595632208.3606255,149.99458734049549,0.03329186659467165,0
1595632208.3706167,151.7929977561449,0.03329186659467165,0
1595632208.3806322,153.59578553690662,0.03329186659467165,0
1595632208.390631,155.39556924357166,0.03329186659467165,0
1595632208.4006252,157.19453755869617,0.03329186659467165,0
1595632208.4106188,158.99337712778797,0.03329186659467165,0
1595632208.420622,160.79397622599353,0.03329186659467165,0
1595632208.430627,162.59487573160877,0.03329186659467165,0
1595632208.44063,164.39538899912586,0.03329186659467165,0
1595632208.450616,166.19285527720203,0.03329186659467165,0
1595632208.4606154,167.99276772989978,0.03329186659467165,0
1595632208.4706163,169.79293767466297,0.03329186659467165,0
1595632208.480632,171.59576837076892,0.03329186659467165,0
1595632208.4906256,173.39460793986072,0.03329186659467165,0
1595632208.5006218,175.19391957773914,0.03329186659467165,0
1595632208.510628,176.99503366007556,0.03329186659467165,0
1595632208.5206218,178.7939161445116,0.03329186659467165,0
1595632208.5306268,180.59481565012686,0.03329186659467165,0
1595632208.5406315,182.39567224039786,0.03329186659467165,0
1595632208.5506237,184.19425431742422,0.03329186659467165,0
1595632208.560627,185.9948534156298,0.03329186659467165,0
1595632208.5706146,187.79262010111563,0.03329186659467165,0
1595632208.58062,189.59360543741934,0.03329186659467165,0
1595632208.5906296,191.3953203345751,0.03329186659467165,0
1595632208.6006174,193.19312993540518,0.03329186659467165,0
1595632208.6106296,194.99531690134756,0.03329186659467165,0
1595632208.6206143,196.79256860270254,0.03329186659467165,0
1595632208.6306148,198.59265271677725,0.03329186659467165,0
1595632208.6406152,200.39273683085196,0.03329186659467165,0
1595632208.6506157,202.19282094492667,0.03329186659467165,0
1595632208.6606286,203.99513665690176,0.03329186659467165,0
1595632208.6706266,205.7947916175341,0.03329186659467165,0
1595632208.6806145,207.59260121836417,0.03329186659467165,0
1595632208.6906157,209.3928140784716,0.03329186659467165,0
1595632208.7006269,211.19482938303702,0.03329186659467165,0
1595632208.7106144,212.99259606852286,0.03329186659467165,0
1595632208.7206142,214.79255143656485,0.03329186659467165,0
1595632208.73062,216.5935796882128,0.03329186659467165,0
1595632208.7406292,218.39525167002432,0.03329186659467165,0
1595632208.7506232,220.1941770698046,0.03329186659467165,0
1595632208.7606146,221.99263040079825,0.03329186659467165,0
1595632208.7706256,223.79460279001944,0.03329186659467165,0
1595632208.7806306,225.59550229563467,0.03329186659467165,0
1595632208.7906299,227.3953718329882,0.03329186659467165,0
1595632208.8006299,229.19537011637442,0.03329186659467165,0
1595632208.8106327,230.9958833838915,0.03329186659467165,0
1595632208.8206258,232.79463712229483,0.03329186659467165,0
1595632208.8306248,234.5944637443041,0.03329186659467165,0
1595632208.8406146,236.3926166678881,0.03329186659467165,0
1595632208.8506322,238.19579068674796,0.03329186659467165,0
1595632208.8606188,239.99338571085684,0.03329186659467165,0
1595632208.8706238,241.79428521647208,0.03329186659467165,0
1595632208.8806238,243.5942834998583,0.03329186659467165,0
1595632208.8906295,245.39531175150626,0.03329186659467165,0
1595632208.900624,247.194322981975,0.03329186659467165,0
1595632208.9106154,248.99277631296866,0.03329186659467165,0
1595632208.920628,250.79504910959952,0.03329186659467165,0
1595632208.9306278,252.5950044776415,0.03329186659467165,0
1595632208.9406235,254.39423028483145,0.03329186659467165,0
1595632208.950626,256.19465772166006,0.03329186659467165,0
1595632208.9606187,257.99336854471915,0.03329186659467165,0
1595632208.970629,259.7952121879076,0.03329186659467165,0
1595632208.9806151,261.59272138132803,0.03329186659467165,0
1595632208.9906251,263.39452210917227,0.03329186659467165,0
1595632209.0006237,265.1942629004931,0.03329186659467165,0
1595632209.0106277,266.99499074473135,0.03329186659467165,0
1595632209.0206141,268.792542853496,0.03329186659467165,0
1595632209.0306196,270.5935281897997,0.03329186659467165,0
1595632209.0406272,272.39489976420157,0.03329186659467165,0
1595632209.0506148,274.1926664496874,0.03329186659467165,0
1595632209.0606215,275.9938663627123,0.03329186659467165,0
1595632209.0706213,277.7938217307543,0.03329186659467165,0
1595632209.0806258,279.59463540568106,0.03329186659467165,0
1595632209.0906243,281.39437619700186,0.03329186659467165,0
1595632209.1006243,283.1943744803881,0.03329186659467165,0
1595632209.110623,284.9941152717089,0.03329186659467165,0
1595632209.120622,286.79394189371817,0.03329186659467165,0
1595632209.130622,288.5939401771044,0.03329186659467165,0
1595632209.1406188,290.39338056101553,0.03329186659467165,0
1595632209.1506252,292.1945375586962,0.03329186659467165,0
1595632209.16063,293.9953941489672,0.03329186659467165,0
1595632209.1706247,295.7944482947802,0.03329186659467165,0
1595632209.1806183,297.593287863872,0.03329186659467165,0
1595632209.190629,299.39521733774893,0.03329186659467165,0
1595632209.2006197,301.19354192270987,0.03329186659467165,0
1595632209.2106133,302.99238149180167,0.03329186659467165,0
1595632209.2206159,304.7928518439745,0.03329186659467165,0
1595632209.230624,306.59430924906485,0.03329186659467165,0
1595632209.2406318,308.39572373881094,0.03329186659467165,0
1595632209.2506247,310.19443456187,0.03329186659467165,0
1595632209.2606213,311.9938320304369,0.03329186659467165,0
1595632209.2706223,313.7940019752001,0.03329186659467165,0
1595632209.2806127,315.5922836448168,0.03329186659467165,0
1595632209.290621,317.3937839652514,0.03329186659467165,0
1595632209.3006144,319.19258061899893,0.03329186659467165,0
1595632209.3106294,320.9952825690722,0.03329186659467165,0
1595632209.320616,322.79287759318106,0.03329186659467165,0
1595632209.3306284,324.5951074744677,0.03329186659467165,0
1595632209.3406153,326.3927454139208,0.03329186659467165,0
1595632209.350626,328.19467488779776,0.03329186659467165,0
1595632209.3606157,329.99282781138174,0.03329186659467165,0
1595632209.3706315,331.7956585074877,0.03329186659467165,0
1595632209.3806286,333.5951418067431,0.03329186659467165,0
1595632209.3906252,335.39453927530997,0.03329186659467165,0
1595632209.4006162,337.19290677561514,0.03329186659467165,0
1595632209.4106326,338.9958662177538,0.03329186659467165,0
1595632209.4206252,340.79453412546866,0.03329186659467165,0
1595632209.4306219,342.59393159403555,0.03329186659467165,0
1595632209.4406252,344.3945306922411,0.03329186659467165,0
1595632209.4506211,346.1937994147753,0.03329186659467165,0
1595632209.4606285,347.9951280738329,0.03329186659467165,0
1595632209.4706318,349.7957271720385,0.03329186659467165,0
1595632209.4806175,351.5931505347704,0.03329186659467165,0
1595632209.4906178,353.3931917335009,0.03329186659467165,0
1595632209.5006256,355.194606223247,0.03329186659467165,0
1595632209.5106277,356.99499074473135,0.03329186659467165,0
1595632209.5206234,358.7942165519213,0.03329186659467165,0
1595632209.5273304,360,0.03329186659467165,1
1595632209.5273304,5.6200451037312575,0.031222472798506984,0
1595632209.537344,7.42248956173907,0.031222472798506984,0
1595632209.5473304,9.220041670503718,0.031222472798506984,0
1595632209.5573332,11.020554938020808,0.031222472798506984,0
1595632209.5673456,12.82278481930743,0.031222472798506984,0
1595632209.5773335,14.620594420137508,0.031222472798506984,0
1595632209.587349,16.423382200899226,0.031222472798506984,0
1595632209.5973427,18.22226468533526,0.031222472798506984,0
1595632209.607346,20.022863783540828,0.031222472798506984,0
1595632209.6173391,21.821617521944148,0.031222472798506984,0
1595632209.6273448,23.622645773592097,0.031222472798506984,0
1595632209.637333,25.420498289766414,0.031222472798506984,0
1595632209.6473343,27.220754065218074,0.031222472798506984,0
1595632209.657333,29.020494856538875,0.031222472798506984,0
1595632209.6673326,30.820450224580867,0.031222472798506984,0
1595632209.6773345,32.620791830721004,0.031222472798506984,0
1595632209.6873338,34.42066136807452,0.031222472798506984,0
1595632209.6973424,36.22220460385333,0.031222472798506984,0
1595632209.7073417,38.02207414120684,0.031222472798506984,0
1595632209.7173338,39.82065621823321,0.031222472798506984,0
1595632209.7273412,41.62198487729083,0.031222472798506984,0
1595632209.737342,43.42211190670977,0.031222472798506984,0
1595632209.7473435,45.22241059750567,0.031222472798506984,0
1595632209.75734,47.02176515072833,0.031222472798506984,0
1595632209.767334,48.8206905505086,0.031222472798506984,0
1595632209.7773383,50.62146131009112,0.031222472798506984,0
1595632209.7873366,52.42115918606768,0.031222472798506984,0
1595632209.7973433,54.222359099092586,0.031222472798506984,0
1595632209.8073485,56.02330152005206,0.031222472798506984,0
1595632209.8173425,57.82222691983233,0.031222472798506984,0
1595632209.8273442,59.62252561062823,0.031222472798506984,0
1595632209.837332,61.42033521145831,0.031222472798506984,0
1595632209.8473456,63.22277966946612,0.031222472798506984,0
1595632209.8573387,65.02153340786944,0.031222472798506984,0
1595632209.8673365,66.82114545315753,0.031222472798506984,0
1595632209.8773463,68.62290326565753,0.031222472798506984,0
1595632209.8873327,70.42045537442218,0.031222472798506984,0
1595632209.8973432,72.22234193295489,0.031222472798506984,0
1595632209.9073431,74.02234021634112,0.031222472798506984,0
1595632209.9173393,75.82165185421954,0.031222472798506984,0
1595632209.927333,77.62053433865557,0.031222472798506984,0
1595632209.937345,79.42267838925372,0.031222472798506984,0
1595632209.9473336,81.22061673611651,0.031222472798506984,0
1595632209.9573448,83.02263204068194,0.031222472798506984,0
1595632209.9673462,84.8228878161336,0.031222472798506984,0
1595632209.9773395,86.62168446988116,0.031222472798506984,0
1595632209.987346,88.42284146756182,0.031222472798506984,0
1595632209.9973385,90.22150937527667,0.031222472798506984,0
1595632210.0073457,92.02279511899005,0.031222472798506984,0
1595632210.0173395,93.82167760342608,0.031222472798506984,0
1595632210.0273407,95.6218904635335,0.031222472798506984,0
1595632210.0373425,97.42223206967364,0.031222472798506984,0
1595632210.0473454,99.22274533719073,0.031222472798506984,0
1595632210.05733,101.01995412320147,0.031222472798506984,0
1595632210.0626535,101.97821084469805,0.031222472798506984,0
1595632210.0626535,101.97821084469805,0.031222472798506984,0
1595632210.0673344,102.82076779812823,0.031222472798506984,0
1595632210.077334,104.62068025082598,0.031222472798506984,0
1595632210.087348,106.42321053952227,0.031222472798506984,0
1595632210.0973315,108.22024766415606,0.031222472798506984,0
1595632210.1073484,110.02329293698321,0.031222472798506984,0
1595632210.117335,111.8208879610921,0.031222472798506984,0
1595632210.1273317,113.62028542965899,0.031222472798506984,0
1595632210.137336,115.42105618924151,0.031222472798506984,0
1595632210.1473482,117.2232431551839,0.031222472798506984,0
1595632210.1573477,119.02315560788165,0.031222472798506984,0
1595632210.1673486,120.82332555264483,0.031222472798506984,0
1595632210.1773338,122.62066308468829,0.031222472798506984,0
1595632210.1873426,124.42224923581134,0.031222472798506984,0
1595632210.1973448,126.22263375729571,0.031222472798506984,0
1595632210.2073326,128.0204433581258,0.031222472798506984,0
1595632210.217344,129.82250157803546,0.031222472798506984,0
1595632210.2273383,131.62146989315997,0.031222472798506984,0
1595632210.2373405,133.42185441464434,0.031222472798506984,0
1595632210.2473378,135.22138062924395,0.031222472798506984,0
1595632210.2573469,137.02300969571124,0.031222472798506984,0
1595632210.2673378,138.8213771960164,0.031222472798506984,0
1595632210.27733,140.61995927304278,0.031222472798506984,0
1595632210.287336,142.4210733553792,0.031222472798506984,0
1595632210.2973468,144.22300282925616,0.031222472798506984,0
1595632210.30733,146.01995412320147,0.031222472798506984,0
1595632210.3173337,147.82063905209552,0.031222472798506984,0
1595632210.3273318,149.62029401272784,0.031222472798506984,0
1595632210.3373456,151.4227813860799,0.031222472798506984,0
1595632210.3473315,153.22024766415606,0.031222472798506984,0
1595632210.3573377,155.0213617464925,0.031222472798506984,0
1595632210.367333,156.82050172299395,0.031222472798506984,0
1595632210.377343,158.6223024508382,0.031222472798506984,0
1595632210.3873334,160.4205841204549,0.031222472798506984,0
1595632210.3973305,162.22006741971026,0.031222472798506984,0
1595632210.4073472,164.02306977719317,0.031222472798506984,0
1595632210.4173312,165.82019273251544,0.031222472798506984,0
1595632210.4273465,167.62293759793292,0.031222472798506984,0
1595632210.4373322,169.42036096066485,0.031222472798506984,0
1595632210.447333,171.22053090542803,0.031222472798506984,0
1595632210.457331,173.02014295071612,0.031222472798506984,0
1595632210.4673479,174.82318822354327,0.031222472798506984,0
1595632210.4773436,176.6224140307332,0.031222472798506984,0
1595632210.4873424,178.42219773739825,0.031222472798506984,0
1595632210.4973326,180.22043649167074,0.031222472798506984,0
1595632210.507333,182.02052060574545,0.031222472798506984,0
1595632210.5173302,183.82000390500082,0.031222472798506984,0
1595632210.5273294,185.61987344235433,0.031222472798506984,0
1595632210.5373464,187.42291871518148,0.031222472798506984,0
1595632210.547331,189.22017041653646,0.031222472798506984,0
1595632210.5573428,191.02227155179037,0.031222472798506984,0
1595632210.5673316,192.8202528139974,0.031222472798506984,0
1595632210.5773416,194.62205354184164,0.031222472798506984,0
1595632210.5873473,196.4230817934896,0.031222472798506984,0
1595632210.5973363,198.22110597104086,0.031222472798506984,0
1595632210.6073446,200.02260629147543,0.031222472798506984,0
1595632210.6173413,201.82200376004232,0.031222472798506984,0
1595632210.6273465,203.6229461810018,0.031222472798506984,0
1595632210.637347,205.4230302950765,0.031222472798506984,0
1595632210.6473405,207.2218698641683,0.031222472798506984,0
1595632210.6573346,209.02079526394857,0.031222472798506984,0
1595632210.6673303,210.8200210711385,0.031222472798506984,0
1595632210.6773345,212.62079183072103,0.031222472798506984,0
1595632210.6873398,214.4217342516805,0.031222472798506984,0
1595632210.697334,216.22070256680502,0.031222472798506984,0
1595632210.7073338,218.020657934847,0.031222472798506984,0
1595632210.717337,219.82121411770834,0.031222472798506984,0
1595632210.7273362,221.62108365506185,0.031222472798506984,0
1595632210.7373314,223.42022363156332,0.031222472798506984,0
1595632210.747334,225.22069398373617,0.031222472798506984,0
1595632210.7573476,227.02313844174398,0.031222472798506984,0
1595632210.7673304,228.82004682034506,0.031222472798506984,0
1595632210.7773464,230.62292043179525,0.031222472798506984,0
1595632210.7873363,232.42111627072347,0.031222472798506984,0
1595632210.7973366,234.22115746945394,0.031222472798506984,0
1595632210.8073437,236.02244321316732,0.031222472798506984,0
1595632210.817344,237.8224844118978,0.031222472798506984,0
1595632210.8273408,239.62192479580892,0.031222472798506984,0
1595632210.8373477,241.42316762417806,0.031222472798506984,0
1595632210.8473299,243.21994725674642,0.031222472798506984,0
1595632210.8573399,245.02174798459066,0.031222472798506984,0
1595632210.8673332,246.82054463833822,0.031222472798506984,0
1595632210.87734,248.62178746670736,0.031222472798506984,0
1595632210.8873448,250.42264405697836,0.031222472798506984,0
1595632210.897342,252.22212735623373,0.031222472798506984,0
1595632210.9073415,254.02203980893148,0.031222472798506984,0
1595632210.9173446,255.8225959917928,0.031222472798506984,0
1595632210.9273295,257.619890608492,0.031222472798506984,0
1595632210.937335,259.42087594479574,0.031222472798506984,0
1595632210.9473462,261.22289124936117,0.031222472798506984,0
1595632210.9573386,263.0215162417318,0.031222472798506984,0
1595632210.9673467,264.8229736468221,0.031222472798506984,0
1595632210.9773397,266.6217273852254,0.031222472798506984,0
1595632210.987346,268.42284146756185,0.031222472798506984,0
1595632210.997338,270.2214235445882,0.031222472798506984,0
1595632211.00734,272.02176515072836,0.031222472798506984,0
1595632211.017332,273.8203472277547,0.031222472798506984,0
1595632211.0273316,275.6202596804525,0.031222472798506984,0
1595632211.03733,277.41995755642904,0.031222472798506984,0
1595632211.0473454,279.22274533719076,0.031222472798506984,0
1595632211.057336,281.0210699221517,0.031222472798506984,0
1595632211.0673425,282.82222691983236,0.031222472798506984,0
1595632211.0773294,284.6198648592855,0.031222472798506984,0
1595632211.0873332,286.4205497881795,0.031222472798506984,0
1595632211.0973477,288.2231659075643,0.031222472798506984,0
1595632211.107339,290.0215763232137,0.031222472798506984,0
1595632211.1173294,291.8198579928304,0.031222472798506984,0
1595632211.1273308,293.62011376828207,0.031222472798506984,0
1595632211.1373339,295.4206699511434,0.031222472798506984,0
1595632211.1473382,297.2214407107259,0.031222472798506984,0
1595632211.1573431,299.02234021634115,0.031222472798506984,0
1595632211.1673288,300.8197635790731,0.031222472798506984,0
1595632211.177344,302.62250844449056,0.031222472798506984,0
1595632211.187334,304.4207042834188,0.031222472798506984,0
1595632211.1973422,306.2221616885091,0.031222472798506984,0
1595632211.2073328,308.02048627347006,0.031222472798506984,0
1595632211.2173312,309.8201841494466,0.031222472798506984,0
1595632211.227343,311.62232820004476,0.031222472798506984,0
1595632211.2373307,313.4200948855306,0.031222472798506984,0
1595632211.2473295,315.21987859219564,0.031222472798506984,0
1595632211.257347,317.0230526110555,0.031222472798506984,0
1595632211.267341,318.82193509549154,0.031222472798506984,0
1595632211.2773466,320.6229633471395,0.031222472798506984,0
1595632211.287343,322.42231790036215,0.031222472798506984,0
1595632211.2973351,324.2208999773885,0.031222472798506984,0
1595632211.307346,326.0228723666097,0.031222472798506984,0
1595632211.3173316,327.8202528139974,0.031222472798506984,0
1595632211.3273478,329.62316934079183,0.031222472798506984,0
1595632211.3373353,331.4209360262777,0.031222472798506984,0
1595632211.347344,333.2224792620565,0.031222472798506984,0
1595632211.3573315,335.0202459475423,0.031222472798506984,0
1595632211.36733,336.8199867388631,0.031222472798506984,0
1595632211.3773446,338.6226028582479,0.031222472798506984,0
1595632211.3873453,340.42272988766683,0.031222472798506984,0
1595632211.3973436,342.2224277636434,0.031222472798506984,0
1595632211.407332,344.02032319516195,0.031222472798506984,0
1595632211.4173448,345.82263890713705,0.031222472798506984,0
1595632211.4273305,347.620062269869,0.031222472798506984,0
1595632211.4373286,349.4197172305013,0.031222472798506984,0
1595632211.447336,351.2210458895589,0.031222472798506984,0
1595632211.4573443,353.0225462099935,0.031222472798506984,0
1595632211.4673462,354.82288781613363,0.031222472798506984,0
1595632211.4773378,356.6213840624715,0.031222472798506984,0
1595632211.4873354,358.42095319241537,0.031222472798506984,0
1595632211.4961166,360,0.031222472798506984,1
1595632211.4961166,5.228534676473013,0.02904741486929452,0
1595632211.5061183,7.028833367268912,0.02904741486929452,0
1595632211.5161245,8.829947449605339,0.02904741486929452,0
1595632211.5261235,10.629774071614616,0.02904741486929452,0
1595632211.5361176,12.42869947139489,0.02904741486929452,0
1595632211.5461283,14.230628945271842,0.02904741486929452,0
1595632211.556121,16.029339768330924,0.02904741486929452,0
1595632211.5661242,17.829895951192253,0.02904741486929452,0
1595632211.5761251,19.630065895955436,0.02904741486929452,0
1595632211.586127,21.430407502095573,0.02904741486929452,0
1595632211.5961275,23.23049161617028,0.02904741486929452,0
1595632211.6061335,25.031562783162467,0.02904741486929452,0
1595632211.6161187,26.828900315205924,0.02904741486929452,0
1595632211.6261184,28.628855683247917,0.02904741486929452,0
1595632211.6361282,30.430613495747917,0.02904741486929452,0
1595632211.6461284,32.23065469447838,0.02904741486929452,0
1595632211.656125,34.030052163045276,0.02904741486929452,0
1595632211.666126,35.83022210780846,0.02904741486929452,0
1595632211.6761267,37.630349137227405,0.02904741486929452,0
1595632211.6861343,39.43172071162926,0.02904741486929452,0
1595632211.696133,41.23146150295006,0.02904741486929452,0
1595632211.7061186,43.028884865681995,0.02904741486929452,0
1595632211.7161264,44.83029935542809,0.02904741486929452,0
1595632211.7261262,46.63025472347008,0.02904741486929452,0
1595632211.7361217,48.429437615315784,0.02904741486929452,0
1595632211.7461338,50.23162458125817,0.02904741486929452,0
1595632211.7561312,52.031150795857776,0.02904741486929452,0
1595632211.7661273,53.830462433736194,0.02904741486929452,0
1595632211.7761176,55.628701188008655,0.02904741486929452,0
1595632211.7861242,57.42990110103356,0.02904741486929452,0
1595632211.7961252,59.23007104579674,0.02904741486929452,0
1595632211.8061285,61.03067014400231,0.02904741486929452,0
1595632211.8161209,62.82929513637291,0.02904741486929452,0
1595632211.8261335,64.63156793300378,0.02904741486929452,0
1595632211.8361232,66.42972085658776,0.02904741486929452,0
1595632211.8461237,68.22980497066247,0.02904741486929452,0
1595632211.8561327,70.03143403712976,0.02904741486929452,0
1595632211.866123,71.82967279140222,0.02904741486929452,0
1595632211.8761227,73.62962815944421,0.02904741486929452,0
1595632211.8861296,75.43087098781335,0.02904741486929452,0
1595632211.8961213,77.22936723415124,0.02904741486929452,0
1595632211.9061248,79.03000924770105,0.02904741486929452,0
1595632211.9161272,80.83043668452966,0.02904741486929452,0
1595632211.926124,82.62987706844079,0.02904741486929452,0
1595632211.9361231,84.42970369045007,0.02904741486929452,0
1595632211.9461288,86.23073194209802,0.02904741486929452,0
1595632211.9561164,88.02849862758386,0.02904741486929452,0
1595632211.9661207,89.82926938716638,0.02904741486929452,0
1595632211.9761188,91.6289243477987,0.02904741486929452,0
1595632211.986122,93.42948053066003,0.02904741486929452,0
1595632211.9877577,93.72392270747888,0.02904741486929452,0
1595632211.9877577,93.72392270747888,0.02904741486929452,0
1595632211.9961255,95.23012254420983,0.02904741486929452,0
1595632212.0061343,97.03170869533288,0.02904741486929452,0
1595632212.016128,98.83059117976892,0.02904741486929452,0
1595632212.0261328,100.63144777003991,0.02904741486929452,0
1595632212.0361178,102.42874238673913,0.02904741486929452,0
1595632212.0461352,104.23187349025476,0.02904741486929452,0
1595632212.0561347,106.03178594295251,0.02904741486929452,0
1595632212.0661275,107.83049676601159,0.02904741486929452,0
1595632212.0761259,109.63019464198815,0.02904741486929452,0
1595632212.0861275,111.43049333278405,0.02904741486929452,0
1595632212.096129,113.23074910823571,0.02904741486929452,0
1595632212.1061168,115.02855870906579,0.02904741486929452,0
1595632212.1161206,116.82924363795983,0.02904741486929452,0
1595632212.1261246,118.62997148219812,0.02904741486929452,0
1595632212.1361194,120.4290256280111,0.02904741486929452,0
1595632212.1461258,122.23018262569177,0.02904741486929452,0
1595632212.1561341,124.03168294612634,0.02904741486929452,0
1595632212.1661184,125.82884881679284,0.02904741486929452,0
1595632212.1761322,127.63133619014489,0.02904741486929452,0
1595632212.1861293,129.43081948940025,0.02904741486929452,0
1595632212.1961308,131.2310752648519,0.02904741486929452,0
1595632212.2061205,133.0292281884359,0.02904741486929452,0
1595632212.2161322,134.8313293236898,0.02904741486929452,0
1595632212.2261245,136.6299543160604,0.02904741486929452,0
1595632212.2361183,138.42883680049644,0.02904741486929452,0
1595632212.2461169,140.22857759181724,0.02904741486929452,0
1595632212.2561219,142.02947709743248,0.02904741486929452,0
1595632212.2661211,143.829346634786,0.02904741486929452,0
1595632212.2761352,145.63187692348228,0.02904741486929452,0
1595632212.2861307,147.43105981532798,0.02904741486929452,0
1595632212.2961173,149.22865483943687,0.02904741486929452,0
1595632212.306134,151.03165719691978,0.02904741486929452,0
1595632212.316131,152.83114049617515,0.02904741486929452,0
1595632212.3261278,154.63053796474205,0.02904741486929452,0
1595632212.3361273,156.4304504174398,0.02904741486929452,0
1595632212.3461263,158.23027703944908,0.02904741486929452,0
1595632212.3561218,160.02945993129478,0.02904741486929452,0
1595632212.366126,161.8302306908773,0.02904741486929452,0
1595632212.3761191,163.62898442928062,0.02904741486929452,0
1595632212.3861282,165.4306134957479,0.02904741486929452,0
1595632212.3961303,167.23099801723228,0.02904741486929452,0
1595632212.4061263,169.03026673976646,0.02904741486929452,0
1595632212.4161232,170.8297071236776,0.02904741486929452,0
1595632212.4261224,172.6295766610311,0.02904741486929452,0
1595632212.4361188,174.42893121425377,0.02904741486929452,0
1595632212.4461339,176.231633164327,0.02904741486929452,0
1595632212.456117,178.02858445827232,0.02904741486929452,0
1595632212.4661267,179.83034227077232,0.02904741486929452,0
1595632212.4761245,181.6299543160604,0.02904741486929452,0
1595632212.4861193,183.4290084618734,0.02904741486929452,0
1595632212.4961276,185.23050878230796,0.02904741486929452,0
1595632212.5061193,187.02900502864586,0.02904741486929452,0
1595632212.5161295,188.83084867183433,0.02904741486929452,0
1595632212.5261264,190.63028905574546,0.02904741486929452,0
1595632212.53613,192.43093106929527,0.02904741486929452,0
1595632212.5461333,194.23153016750084,0.02904741486929452,0
1595632212.5561256,196.03015515987144,0.02904741486929452,0
1595632212.5661192,197.82899472896324,0.02904741486929452,0
1595632212.5761335,199.63156793300377,0.02904741486929452,0
1595632212.5861213,201.42937753383384,0.02904741486929452,0
1595632212.5961347,203.23177907649742,0.02904741486929452,0
1595632212.6061182,205.0288162011312,0.02904741486929452,0
1595632212.616126,206.8302306908773,0.02904741486929452,0
1595632212.6261263,208.63027188960777,0.02904741486929452,0
1595632212.636133,210.43147180263267,0.02904741486929452,0
1595632212.6461346,212.23177049342857,0.02904741486929452,0
1595632212.6561265,214.0303096551107,0.02904741486929452,0
1595632212.6661286,215.83069417659507,0.02904741486929452,0
1595632212.6761298,217.6309070367025,0.02904741486929452,0
1595632212.6861303,219.4309911507772,0.02904741486929452,0
1595632212.6961346,221.23176191035972,0.02904741486929452,0
1595632212.7061198,223.02909944240318,0.02904741486929452,0
1595632212.7161262,224.83025644008384,0.02904741486929452,0
1595632212.7261195,226.6290530938314,0.02904741486929452,0
1595632212.7361214,228.42939469997154,0.02904741486929452,0
1595632212.7461166,230.228534676473,0.02904741486929452,0
1595632212.7561157,232.02836129848228,0.02904741486929452,0
1595632212.76613,233.8309345025228,0.02904741486929452,0
1595632212.776123,235.62968824092613,0.02904741486929452,0
1595632212.7861195,237.42904279414878,0.02904741486929452,0
1595632212.7961197,239.22908399287925,0.02904741486929452,0
1595632212.8061194,241.02903936092125,0.02904741486929452,0
1595632212.8161309,242.8310975808309,0.02904741486929452,0
1595632212.8261216,244.62942216579185,0.02904741486929452,0
1595632212.8361294,246.43083665553795,0.02904741486929452,0
1595632212.846119,248.2289466637777,0.02904741486929452,0
1595632212.8561153,250.02830121700035,0.02904741486929452,0
1595632212.8661187,251.8289003152059,0.02904741486929452,0
1595632212.8761272,253.63044355098472,0.02904741486929452,0
1595632212.8861248,255.43001268092857,0.02904741486929452,0
1595632212.896131,257.231126763265,0.02904741486929452,0
1595632212.9061174,259.0286788720297,0.02904741486929452,0
1595632212.9161308,260.83108041469325,0.02904741486929452,0
1595632212.9261284,262.6306495446371,0.02904741486929452,0
1595632212.936128,264.43056199733485,0.02904741486929452,0
1595632212.946128,266.2305602807211,0.02904741486929452,0
1595632212.9561207,268.02927110378016,0.02904741486929452,0
1595632212.9661252,269.8300847787069,0.02904741486929452,0
1595632212.9761186,271.6288814324545,0.02904741486929452,0
1595632212.986121,273.4293088692831,0.02904741486929452,0
1595632212.996126,275.2302083748983,0.02904741486929452,0
1595632213.0061266,277.03033540431727,0.02904741486929452,0
1595632213.0161188,278.82891748134364,0.02904741486929452,0
1595632213.0261178,280.6287441033529,0.02904741486929452,0
1595632213.036119,282.42895696346034,0.02904741486929452,0
1595632213.0461333,284.23153016750086,0.02904741486929452,0
1595632213.0561275,286.0304984826254,0.02904741486929452,0
1595632213.066118,287.8287801522421,0.02904741486929452,0
1595632213.0761185,289.6288642663168,0.02904741486929452,0
1595632213.0861266,291.4303216714071,0.02904741486929452,0
1595632213.0961282,293.230620362203,0.02904741486929452,0
1595632213.106119,295.02894494716395,0.02904741486929452,0
1595632213.1161299,296.83091733638514,0.02904741486929452,0
1595632213.126125,298.6300573128866,0.02904741486929452,0
1595632213.1361158,300.42838189784754,0.02904741486929452,0
1595632213.1461196,302.2290668267416,0.02904741486929452,0
1595632213.1561325,304.0313825387167,0.02904741486929452,0
1595632213.166124,305.8298787850546,0.02904741486929452,0
1595632213.1761336,307.63159368221034,0.02904741486929452,0
1595632213.1861262,309.4302615899252,0.02904741486929452,0
1595632213.1961157,311.2283715981649,0.02904741486929452,0
1595632213.2061205,313.0292281884359,0.02904741486929452,0
1595632213.216124,314.8298702019857,0.02904741486929452,0
1595632213.226131,316.63111303035487,0.02904741486929452,0
1595632213.23612,318.42913720790614,0.02904741486929452,0
1595632213.2461169,320.22857759181727,0.02904741486929452,0
1595632213.2561321,322.03132245723475,0.02904741486929452,0
1595632213.266121,323.8293037194418,0.02904741486929452,0
1595632213.276126,325.630203225057,0.02904741486929452,0
1595632213.286128,327.4305877465414,0.02904741486929452,0
1595632213.2961252,329.23007104579676,0.02904741486929452,0
1595632213.3061197,331.0290822762655,0.02904741486929452,0
1595632213.3161316,332.83122632686366,0.02904741486929452,0
1595632213.3261292,334.6307954568075,0.02904741486929452,0
1595632213.3361201,336.4291629571127,0.02904741486929452,0
1595632213.3461185,338.22886083308924,0.02904741486929452,0
1595632213.3561256,340.0301465768026,0.02904741486929452,0
1595632213.3661177,341.828728653829,0.02904741486929452,0
1595632213.37612,343.6291560906576,0.02904741486929452,0
1595632213.3861234,345.42975518886317,0.02904741486929452,0
1595632213.3961318,347.23125550929774,0.02904741486929452,0
1595632213.4061244,349.0299234170126,0.02904741486929452,0
1595632213.4161177,350.82872007076014,0.02904741486929452,0
1595632213.4261281,352.63060662929286,0.02904741486929452,0
1595632213.4361324,354.4313773888754,0.02904741486929452,0
1595632213.4461246,356.22995946590174,0.02904741486929452,0
1595632213.4561193,358.02901361171473,0.02904741486929452,0
1595632213.4661314,359.8312005776571,0.02904741486929452,0
1595632213.4670794,360,0.02904741486929452,1
1595632213.4670794,4.805328273874188,0.02669626818818993,0
1595632213.4770908,6.607386493783856,0.02669626818818993,0
1595632213.4870908,8.407384777170087,0.02669626818818993,0
1595632213.4970944,10.208026790719892,0.02669626818818993,0
1595632213.50709,12.007252597909833,0.02669626818818993,0
1595632213.517098,13.808667087655927,0.02669626818818993,0
1595632213.5270922,15.607635402780438,0.02669626818818993,0
1595632213.5370924,17.407676601510907,0.02669626818818993,0
1595632213.547081,19.2056149483737,0.02669626818818993,0
1595632213.5570974,21.008574390512372,0.02669626818818993,0
1595632213.5670924,22.8076714516696,0.02669626818818993,0
1595632213.5770829,24.605953121286298,0.02669626818818993,0
1595632213.5870883,26.40693845759001,0.02669626818818993,0
1595632213.5970955,28.208224201303388,0.02669626818818993,0
1595632213.6070979,30.008651638132,0.02669626818818993,0
1595632213.6170957,31.808263683420087,0.02669626818818993,0
1595632213.6270835,33.606073284250165,0.02669626818818993,0
1595632213.6370845,35.40624322901335,0.02669626818818993,0
1595632213.6470926,37.20770063410368,0.02669626818818993,0
1595632213.657096,39.00829973230925,0.02669626818818993,0
1595632213.667088,40.806881809335614,0.02669626818818993,0
1595632213.6770906,42.607352161508466,0.02669626818818993,0
1595632213.6870937,44.407908344369794,0.02669626818818993,0
1595632213.6970844,46.20623292933073,0.02669626818818993,0
1595632213.7070813,48.005673313241864,0.02669626818818993,0
1595632213.7170815,49.80571451197233,0.02669626818818993,0
1595632213.7270937,51.607901477914716,0.02669626818818993,0
1595632213.73708,53.405453586679364,0.02669626818818993,0
1595632213.7470791,55.20528020868864,0.02669626818818993,0
1595632213.7570906,57.00733842859831,0.02669626818818993,0
1595632213.767081,58.80562009821501,0.02669626818818993,0
1595632213.7770963,60.60836496363249,0.02669626818818993,0
1595632213.7870927,62.407719516855146,0.02669626818818993,0
1595632213.7970881,64.20690240870084,0.02669626818818993,0
1595632213.8070838,66.00612821589078,0.02669626818818993,0
1595632213.8170815,67.80569734583463,0.02669626818818993,0
1595632213.8270955,69.60822763453092,0.02669626818818993,0
1595632213.8370852,71.4063805581149,0.02669626818818993,0
1595632213.8470938,73.20792379389371,0.02669626818818993,0
1595632213.8570929,75.00775041590299,0.02669626818818993,0
1595632213.867093,76.80779161463346,0.02669626818818993,0
1595632213.8770869,78.6066740990695,0.02669626818818993,0
1595632213.8870962,80.40834608088102,0.02669626818818993,0
1595632213.8970912,82.20744314203824,0.02669626818818993,0
1595632213.907097,84.00851430903043,0.02669626818818993,0
1595632213.9091032,84.36960401545133,0.02669626818818993,0
1595632213.9091032,84.36960401545133,0.02669626818818993,0
1595632213.9170933,85.80782594690885,0.02669626818818993,0
1595632213.927091,87.6073950768527,0.02669626818818993,0
1595632213.9370904,89.40730752955045,0.02669626818818993,0
1595632213.9470844,91.20623292933072,0.02669626818818993,0
1595632213.9570935,93.00786199579801,0.02669626818818993,0
1595632213.9670887,94.80700197229947,0.02669626818818993,0
1595632213.9770875,96.60678567896451,0.02669626818818993,0
1595632213.9870832,98.40601148615445,0.02669626818818993,0
1595632213.9970834,100.20605268488492,0.02669626818818993,0
1595632214.0070915,102.00751008997526,0.02669626818818993,0
1595632214.017083,103.80596342096891,0.02669626818818993,0
1595632214.0270848,105.60630502710904,0.02669626818818993,0
1595632214.0370862,107.4065608025607,0.02669626818818993,0
1595632214.047079,109.20527162561979,0.02669626818818993,0
1595632214.0570948,111.00810232172574,0.02669626818818993,0
1595632214.06709,112.80724229822721,0.02669626818818993,0
1595632214.0770843,114.60621061335172,0.02669626818818993,0
1595632214.087095,116.40814008722867,0.02669626818818993,0
1595632214.0970962,118.2083529473361,0.02669626818818993,0
1595632214.1070874,120.00676336298551,0.02669626818818993,0
1595632214.11709,121.80723371515836,0.02669626818818993,0
1595632214.1270952,123.60817613611783,0.02669626818818993,0
1595632214.137082,125.40581407557096,0.02669626818818993,0
1595632214.1470895,127.20714273462858,0.02669626818818993,0
1595632214.157093,129.00778474817838,0.02669626818818993,0
1595632214.1670914,130.80748262415494,0.02669626818818993,0
1595632214.1770942,132.60799589167203,0.02669626818818993,0
1595632214.1870935,134.40786542902555,0.02669626818818993,0
1595632214.197091,136.2074345589694,0.02669626818818993,0
1595632214.20708,138.00541582117643,0.02669626818818993,0
1595632214.2170804,139.80549993525113,0.02669626818818993,0
1595632214.227097,141.60850229273404,0.02669626818818993,0
1595632214.2370796,143.40536775599088,0.02669626818818993,0
1595632214.247081,145.20562353144254,0.02669626818818993,0
1595632214.2570941,147.00798215876188,0.02669626818818993,0
1595632214.2670894,148.80712213526334,0.02669626818818993,0
1595632214.2770965,150.60840787897672,0.02669626818818993,0
1595632214.2870822,152.40583124170865,0.02669626818818993,0
1595632214.2970924,154.20767488489713,0.02669626818818993,0
1595632214.3070836,156.00608530054654,0.02669626818818993,0
1595632214.3170884,157.80694189081754,0.02669626818818993,0
1595632214.327089,159.6070689202365,0.02669626818818993,0
1595632214.337084,161.4061659813937,0.02669626818818993,0
1595632214.3470902,163.20728006373014,0.02669626818818993,0
1595632214.3570952,165.00817956934537,0.02669626818818993,0
1595632214.367096,166.80830659876432,0.02669626818818993,0
1595632214.37709,168.6072319985446,0.02669626818818993,0
1595632214.3870845,170.40624322901334,0.02669626818818993,0
1595632214.3970952,172.2081727028903,0.02669626818818993,0
1595632214.4070902,174.00726976404752,0.02669626818818993,0
1595632214.4170916,175.80752553949918,0.02669626818818993,0
1595632214.42709,177.60722341547574,0.02669626818818993,0
1595632214.4370823,179.40584840784635,0.02669626818818993,0
1595632214.4470837,181.206104183298,0.02669626818818993,0
1595632214.4570978,183.0086344719943,0.02669626818818993,0
1595632214.4670968,184.80846109400358,0.02669626818818993,0
1595632214.4770844,186.60622777948942,0.02669626818818993,0
1595632214.4870918,188.40755643854703,0.02669626818818993,0
1595632214.497085,190.2063530922946,0.02669626818818993,0
1595632214.5070913,192.00746717463102,0.02669626818818993,0
1595632214.5170941,193.8079804421481,0.02669626818818993,0
1595632214.5270922,195.60763540278043,0.02669626818818993,0
1595632214.537081,197.40561666498746,0.02669626818818993,0
1595632214.5470889,199.20703115473356,0.02669626818818993,0
1595632214.5570784,201.0051411629733,0.02669626818818993,0
1595632214.5670857,202.80646982203092,0.02669626818818993,0
1595632214.5770824,204.6058672905978,0.02669626818818993,0
1595632214.5870848,206.40629472742643,0.02669626818818993,0
1595632214.5970783,208.20513429651822,0.02669626818818993,0
1595632214.6070817,210.0057333947238,0.02669626818818993,0
1595632214.6170828,211.8059462548312,0.02669626818818993,0
1595632214.6270869,213.6066740990695,0.02669626818818993,0
1595632214.6370807,215.40555658350553,0.02669626818818993,0
1595632214.6470919,217.20757188807096,0.02669626818818993,0
1595632214.657081,219.00559606562223,0.02669626818818993,0
1595632214.6670804,220.80550851831998,0.02669626818818993,0
1595632214.6770823,222.60585012446012,0.02669626818818993,0
1595632214.687095,224.40812292109098,0.02669626818818993,0
1595632214.697092,226.20760622034635,0.02669626818818993,0
1595632214.7070816,228.0057162285861,0.02669626818818993,0
1595632214.7170956,229.80824651728238,0.02669626818818993,0
1595632214.7270973,231.60854520807828,0.02669626818818993,0
1595632214.7370813,233.40566816340055,0.02669626818818993,0
1595632214.747096,235.20832719812955,0.02669626818818993,0
1595632214.7570863,237.006565952402,0.02669626818818993,0
1595632214.7670865,238.80660715113248,0.02669626818818993,0
1595632214.7770827,240.6059187890109,0.02669626818818993,0
1595632214.7870948,242.40810575495328,0.02669626818818993,0
1595632214.797085,244.20634450922574,0.02669626818818993,0
1595632214.8070931,246.00780191431608,0.02669626818818993,0
1595632214.8170898,247.80719938288297,0.02669626818818993,0
1595632214.8270893,249.60711183558072,0.02669626818818993,0
1595632214.8370807,251.40556516657438,0.02669626818818993,0
1595632214.8470948,253.20809545527067,0.02669626818818993,0
1595632214.8570943,255.00800790796842,0.02669626818818993,0
1595632214.8670805,256.80551710138883,0.02669626818818993,0
1595632214.8770866,258.60663118372526,0.02669626818818993,0
1595632214.8870938,260.40791692743863,0.02669626818818993,0
1595632214.8970873,262.20675649653043,0.02669626818818993,0
1595632214.9070966,264.00842847834195,0.02669626818818993,0
1595632214.9170861,265.8065384865817,0.02669626818818993,0
1595632214.927084,267.6061505318698,0.02669626818818993,0
1595632214.9370923,269.40765085230436,0.02669626818818993,0
1595632214.9470875,271.2067908288058,0.02669626818818993,0
1595632214.9570894,273.00713243494596,0.02669626818818993,0
1595632214.9670963,274.8083752633151,0.02669626818818993,0
1595632214.977093,276.607772731882,0.02669626818818993,0
1595632214.9870942,278.4079855919894,0.02669626818818993,0
1595632214.9970818,280.20575227747526,0.02669626818818993,0
1595632215.007078,282.0050639153537,0.02669626818818993,0
1595632215.0170896,283.8071650506076,0.02669626818818993,0
1595632215.0270915,285.6075066567477,0.02669626818818993,0
1595632215.0370808,287.4055737496432,0.02669626818818993,0
1595632215.0470886,289.2069882393893,0.02669626818818993,0
1595632215.0570889,291.0070294381198,0.02669626818818993,0
1595632215.0670855,292.8064269066867,0.02669626818818993,0
1595632215.0770946,294.60805597315397,0.02669626818818993,0
1595632215.0870883,296.40693845759,0.02669626818818993,0
1595632215.0970955,298.2082242013034,0.02669626818818993,0
1595632215.1070843,300.0062054635104,0.02669626818818993,0
1595632215.117078,301.80508794794645,0.02669626818818993,0
1595632215.1270907,303.6073607445773,0.02669626818818993,0
1595632215.1370962,305.408346080881,0.02669626818818993,0
1595632215.1470807,307.20555486689176,0.02669626818818993,0
1595632215.157081,309.0055960656222,0.02669626818818993,0
1595632215.1670914,310.80748262415494,0.02669626818818993,0
1595632215.1770928,312.6077383996066,0.02669626818818993,0
1595632215.1870968,314.4084662438449,0.02669626818818993,0
1595632215.1970928,316.20773496637906,0.02669626818818993,0
1595632215.2070947,318.0080765725192,0.02669626818818993,0
1595632215.2170918,319.8075598717746,0.02669626818818993,0
1595632215.2270906,321.6073435784396,0.02669626818818993,0
1595632215.2370863,323.40656938562955,0.02669626818818993,0
1595632215.247092,325.2075976372775,0.02669626818818993,0
1595632215.2570868,327.0066517830905,0.02669626818818993,0
1595632215.267078,328.8050621987399,0.02669626818818993,0
1595632215.2770844,330.60621919642057,0.02669626818818993,0
1595632215.2870789,332.4052304268893,0.02669626818818993,0
1595632215.2970939,334.20793237696256,0.02669626818818993,0
1595632215.3070776,336.0050124169406,0.02669626818818993,0
1595632215.317078,337.8050965310153,0.02669626818818993,0
1595632215.3270957,339.60827054987516,0.02669626818818993,0
1595632215.337083,341.40599432001676,0.02669626818818993,0
1595632215.3470962,343.2083529473361,0.02669626818818993,0
1595632215.3570957,345.00826540003385,0.02669626818818993,0
1595632215.3670862,346.80654706965055,0.02669626818818993,0
1595632215.3770816,348.60572996149625,0.02669626818818993,0
1595632215.387079,350.40525617609586,0.02669626818818993,0
1595632215.3970935,352.2078722954806,0.02669626818818993,0
1595632215.4070854,354.00641145716276,0.02669626818818993,0
1595632215.4170957,355.80825510035123,0.02669626818818993,0
1595632215.4270797,357.6053780556735,0.02669626818818993,0
1595632215.4370964,359.4083804131564,0.02669626818818993,0
1595632215.4403987,360,0.02669626818818993,1
1595632215.4403987,4.325722098683205,0.024031789437128914,0
1595632215.4504027,6.126449942921486,0.024031789437128914,0
1595632215.4603999,7.925933242176857,0.024031789437128914,0
1595632215.4704177,9.729150176380958,0.024031789437128914,0
1595632215.480402,11.526316047047462,0.024031789437128914,0
1595632215.490412,13.3281167748917,0.024031789437128914,0
1595632215.500402,15.126312613819923,0.024031789437128914,0
1595632215.5104141,16.928499579762306,0.024031789437128914,0
1595632215.5204153,18.728712439869728,0.024031789437128914,0
1595632215.5303986,20.52570664915928,0.024031789437128914,0
1595632215.5404122,22.32815110716709,0.024031789437128914,0
1595632215.5504103,24.127806067799416,0.024031789437128914,0
1595632215.5604012,25.92617356810459,0.024031789437128914,0
1595632215.5704167,27.72896134886631,0.024031789437128914,0
1595632215.5804014,29.52621305022129,0.024031789437128914,0
1595632215.590409,31.327584624623146,0.024031789437128914,0
1595632215.6004157,33.128784537648045,0.024031789437128914,0
1595632215.6104026,34.92642247710117,0.024031789437128914,0
1595632215.6204083,36.72745072874912,0.024031789437128914,0
1595632215.6304035,38.526590705250584,0.024031789437128914,0
1595632215.6404045,40.32676065001377,0.024031789437128914,0
1595632215.650406,42.12701642546543,0.024031789437128914,0
1595632215.6604064,43.927100539540135,0.024031789437128914,0
1595632215.6704097,45.7276996377457,0.024031789437128914,0
1595632215.680406,47.52705419096836,0.024031789437128914,0
1595632215.6904063,49.327095389698826,0.024031789437128914,0
1595632215.7004013,51.12619245085605,0.024031789437128914,0
1595632215.7104003,52.92601907286533,0.024031789437128914,0
1595632215.7204065,54.727133155201756,0.024031789437128914,0
1595632215.7303984,56.525672316883885,0.024031789437128914,0
1595632215.7404175,58.32910382780918,0.024031789437128914,0
1595632215.7504017,60.12626969847568,0.024031789437128914,0
1595632215.7604036,61.92661130461582,0.024031789437128914,0
1595632215.770399,63.72579419646152,0.024031789437128914,0
1595632215.780417,65.52901113066562,0.024031789437128914,0
1595632215.790406,67.32703530821689,0.024031789437128914,0
1595632215.8004131,69.12832105193027,0.024031789437128914,0
1595632215.8104131,70.9283193353165,0.024031789437128914,0
1595632215.8204107,72.72788846526035,0.024031789437128914,0
1595632215.829193,74.30871808562168,0.024031789437128914,0
1595632215.829193,74.30871808562168,0.024031789437128914,0
1595632215.8304124,74.52818715605625,0.024031789437128914,0
1595632215.840402,76.326297164296,0.024031789437128914,0
1595632215.8503983,78.12565171751865,0.024031789437128914,0
1595632215.8603992,79.92582166228183,0.024031789437128914,0
1595632215.8704028,81.72646367583164,0.024031789437128914,0
1595632215.8804123,83.5281785729874,0.024031789437128914,0
1595632215.8904061,85.32706105742344,0.024031789437128914,0
1595632215.9004111,87.12796056303867,0.024031789437128914,0
1595632215.9104097,88.92770135435947,0.024031789437128914,0
1595632215.9204123,90.72817170653232,0.024031789437128914,0
1595632215.9304082,92.5274404290665,0.024031789437128914,0
1595632215.940403,94.32649457487949,0.024031789437128914,0
1595632215.9503982,96.12563455138095,0.024031789437128914,0
1595632215.9603987,97.92571866545566,0.024031789437128914,0
1595632215.9704099,99.72773397002109,0.024031789437128914,0
1595632215.9804037,101.52661645445713,0.024031789437128914,0
1595632215.9904156,103.32876050505527,0.024031789437128914,0
1595632216.000415,105.12867295775303,0.024031789437128914,0
1595632216.0103996,106.92588174376377,0.024031789437128914,0
1595632216.0203993,108.72583711180576,0.024031789437128914,0
1595632216.0304055,110.52695119414219,0.024031789437128914,0
1595632216.0404055,112.32694947752842,0.024031789437128914,0
1595632216.0504117,114.12806355986484,0.024031789437128914,0
1595632216.0604153,115.92870557341465,0.024031789437128914,0
1595632216.0704038,117.72664392027744,0.024031789437128914,0
1595632216.0804007,119.52608430418857,0.024031789437128914,0
1595632216.0904107,121.32788503203281,0.024031789437128914,0
1595632216.1004107,123.12788331541904,0.024031789437128914,0
1595632216.1104057,124.92698037657627,0.024031789437128914,0
1595632216.1204042,126.72672116789707,0.024031789437128914,0
1595632216.1304083,128.52744901213535,0.024031789437128914,0
1595632216.1404119,130.32809102568515,0.024031789437128914,0
1595632216.1504107,132.1278747323502,0.024031789437128914,0
1595632216.1604068,133.9271863702286,0.024031789437128914,0
1595632216.1704164,135.72890126738437,0.024031789437128914,0
1595632216.180411,137.52795541319736,0.024031789437128914,0
1595632216.1904092,139.32761037382969,0.024031789437128914,0
1595632216.2004173,141.12906777892002,0.024031789437128914,0
1595632216.2104175,142.9291089776505,0.024031789437128914,0
1595632216.2204015,144.72623193297275,0.024031789437128914,0
1595632216.2304053,146.5269168618668,0.024031789437128914,0
1595632216.2403998,148.32592809233554,0.024031789437128914,0
1595632216.25041,150.12777173552402,0.024031789437128914,0
1595632216.2604122,151.9281562570084,0.024031789437128914,0
1595632216.2704067,153.72716748747715,0.024031789437128914,0
1595632216.2804008,155.52609288725742,0.024031789437128914,0
1595632216.2904034,157.32656323943027,0.024031789437128914,0
1595632216.3004158,159.1287931207169,0.024031789437128914,0
1595632216.310418,160.92917764220127,0.024031789437128914,0
1595632216.3203986,162.7256997827042,0.024031789437128914,0
1595632216.3304012,164.52617013487705,0.024031789437128914,0
1595632216.3404143,166.32852876219638,0.024031789437128914,0
1595632216.3504004,168.1260379556168,0.024031789437128914,0
1595632216.3604147,169.92861115965732,0.024031789437128914,0
1595632216.370399,171.72577703032383,0.024031789437128914,0
1595632216.3804147,173.52860772642978,0.024031789437128914,0
1595632216.3904064,175.32710397276767,0.024031789437128914,0
1595632216.4004042,177.12671601805576,0.024031789437128914,0
1595632216.4104137,178.92843091521152,0.024031789437128914,0
1595632216.420398,180.72559678587803,0.024031789437128914,0
1595632216.43041,182.52774083647617,0.024031789437128914,0
1595632216.4403977,184.32555043730625,0.024031789437128914,0
1595632216.4504147,186.1285957101334,0.024031789437128914,0
1595632216.4604158,187.92880857024082,0.024031789437128914,0
1595632216.4704058,189.72700440916904,0.024031789437128914,0
1595632216.4804099,191.52773225340732,0.024031789437128914,0
1595632216.49041,193.3277734521378,0.024031789437128914,0
1595632216.5004005,195.1260551217545,0.024031789437128914,0
1595632216.5104043,196.92674005064853,0.024031789437128914,0
1595632216.5203993,198.72583711180576,0.024031789437128914,0
1595632216.5304,200.5259641412247,0.024031789437128914,0
1595632216.540418,202.3291810754288,0.024031789437128914,0
1595632216.5504103,204.1278060677994,0.024031789437128914,0
1595632216.5603998,205.92591607603916,0.024031789437128914,0
1595632216.5704148,207.7286180261124,0.024031789437128914,0
1595632216.5804012,209.52617013487705,0.024031789437128914,0
1595632216.5904138,211.3284429315079,0.024031789437128914,0
