Timestamp,Phase,Heading,Ping?
196.85431738622592,196.85431738622592,0,0
1595876131.000125,360,196.85431738622592,1
1595876131.000125,0,196.85431738622592,0
1595876131.5981328,107.64142771490023,196.85431738622592,0
1595876131.5981328,75.34899940043016,164.56188907175584,0
1595876132.1037672,166.36317481546922,164.56188907175584,0
1595876132.1137612,168.1621002152495,164.56188907175584,0
1595876132.1237767,169.9648879960112,164.56188907175584,0
1595876132.1337786,171.76522960215135,164.56188907175584,0
1595876132.1437774,173.5650133088164,164.56188907175584,0
1595876132.1537614,175.36213626413866,164.56188907175584,0
1595876132.163778,177.16513862162157,164.56188907175584,0
1595876132.1737754,178.96466483622117,164.56188907175584,0
1595876132.1837723,180.7641052201323,164.56188907175584,0
1595876132.1937678,182.563288111978,164.56188907175584,0
1595876132.2037632,184.3624710038237,164.56188907175584,0
1595876132.2137768,186.16491546183153,164.56188907175584,0
1595876132.223767,187.963154216104,164.56188907175584,0
1595876132.2337656,189.7628950074248,164.56188907175584,0
1595876132.2437747,191.56452407389207,164.56188907175584,0
1595876132.2537742,193.36443652658983,164.56188907175584,0
1595876132.2637625,195.16233195810838,164.56188907175584,0
1595876132.2737672,196.96318854837938,164.56188907175584,0
1595876132.283776,198.76477469950242,164.56188907175584,0
1595876132.2937665,200.56305636911912,164.56188907175584,0
1595876132.3037694,202.3635696366362,164.56188907175584,0
1595876132.3137739,204.16438331156297,164.56188907175584,0
1595876132.3237622,205.96227874308153,164.56188907175584,0
1595876132.3337603,207.76193370371385,164.56188907175584,0
1595876132.34377,209.56369151621385,164.56188907175584,0
1595876132.3537614,211.3621448472075,164.56188907175584,0
1595876132.3637629,213.16240062265916,164.56188907175584,0
1595876132.373767,214.96312846689744,164.56188907175584,0
1595876132.383765,216.76278342752977,164.56188907175584,0
1595876132.3937736,218.56432666330858,164.56188907175584,0
1595876132.4037647,220.362737078958,164.56188907175584,0
1595876132.4137766,222.16488112955614,164.56188907175584,0
1595876132.4237685,223.96342029123826,164.56188907175584,0
1595876132.4337635,225.7625173523955,164.56188907175584,0
1595876132.4437654,227.56285895853563,164.56188907175584,0
1595876132.4537745,229.3644880250029,164.56188907175584,0
1595876132.4637747,231.16452922373338,164.56188907175584,0
1595876132.4737709,232.9638408616118,164.56188907175584,0
1595876132.483775,234.76456870585008,164.56188907175584,0
1595876132.493778,236.5651248887114,164.56188907175584,0
1595876132.503777,238.3649515107207,164.56188907175584,0
1595876132.5137618,240.16220321207567,164.56188907175584,0
1595876132.5237696,241.96361770182176,164.56188907175584,0
1595876132.533773,243.76421680002733,164.56188907175584,0
1595876132.5437725,245.56412925272508,164.56188907175584,0
1595876132.5537696,247.36361255198045,164.56188907175584,0
1595876132.5637636,249.16253795176073,164.56188907175584,0
1595876132.573771,250.96386661081834,164.56188907175584,0
1595876132.5837626,252.76236285715623,164.56188907175584,0
1595876132.5937781,254.56515063791795,164.56188907175584,0
1595876132.603774,256.36441936045213,164.56188907175584,0
1595876132.6137626,258.1623577073149,164.56188907175584,0
1595876132.6237726,259.96415843515916,164.56188907175584,0
1595876132.6337595,261.7617963746123,164.56188907175584,0
1595876132.6437619,263.5622238114409,164.56188907175584,0
1595876132.6537654,265.3628658249907,164.56188907175584,0
1595876132.663761,267.1620487168364,164.56188907175584,0
1595876132.6737719,268.9640211060576,164.56188907175584,0
1595876132.6837673,270.7632039979033,164.56188907175584,0
1595876132.69377,272.56367435007616,164.56188907175584,0
1595876132.7037766,274.36487426310106,164.56188907175584,0
1595876132.7137613,276.16212596445604,164.56188907175584,0
1595876132.7237728,277.9641841843657,164.56188907175584,0
1595876132.7337668,279.763109584146,164.56188907175584,0
1595876132.743768,281.5633224442534,164.56188907175584,0
1595876132.7537727,283.3641790345244,164.56188907175584,0
1595876132.7637768,285.1649068787627,164.56188907175584,0
1595876132.7737725,286.9641326859526,164.56188907175584,0
1595876132.783769,288.7634872391753,164.56188907175584,0
1595876132.793765,290.5627988770537,164.56188907175584,0
1595876132.8037636,292.3625396683745,164.56188907175584,0
1595876132.813773,294.164211650186,164.56188907175584,0
1595876132.823761,295.96206416636034,164.56188907175584,0
1595876132.8337696,297.76360740213914,164.56188907175584,0
1595876132.8437662,299.56300487070604,164.56188907175584,0
1595876132.8537693,301.36356105356737,164.56188907175584,0
1595876132.8637762,303.1648038819365,164.56188907175584,0
1595876132.8737617,304.9621843293242,164.56188907175584,0
1595876132.8837776,306.7650579407744,164.56188907175584,0
1595876132.8937705,308.5637687638335,164.56188907175584,0
1595876132.903764,310.3626083329253,164.56188907175584,0
1595876132.9137752,312.1646236374907,164.56188907175584,0
1595876132.9237647,313.96273364573045,164.56188907175584,0
1595876132.9337618,315.7622169449858,164.56188907175584,0
1595876132.943778,317.56513347178026,164.56188907175584,0
1595876132.953765,319.3627714112334,164.56188907175584,0
1595876132.9637592,321.1617397263579,164.56188907175584,0
1595876132.9737754,322.9646562531523,164.56188907175584,0
1595876132.9837692,324.76353873758836,164.56188907175584,0
1595876132.9937744,326.56448115854784,164.56188907175584,0
1595876133.003769,328.3634923890166,164.56188907175584,0
1595876133.0137713,330.1639198258452,164.56188907175584,0
1595876133.02377,331.96370353251024,164.56188907175584,0
1595876133.0337667,333.76310100107713,164.56188907175584,0
1595876133.0437694,335.56357135325,164.56188907175584,0
1595876133.0537744,337.3644708588652,164.56188907175584,0
1595876133.0637689,339.16348208933397,164.56188907175584,0
1595876133.0737681,340.9633516266875,164.56188907175584,0
1595876133.083771,342.7638648942046,164.56188907175584,0
1595876133.0937638,344.56257571726366,164.56188907175584,0
1595876133.1037753,346.3646339371733,164.56188907175584,0
1595876133.1137745,348.16450347452684,164.56188907175584,0
1595876133.1237612,349.9620984986357,164.56188907175584,0
1595876133.1337595,351.7617963746123,164.56188907175584,0
1595876133.14376,353.561880488687,164.56188907175584,0
1595876133.1537728,355.3641962006621,164.56188907175584,0
1595876133.1637611,357.16209163218065,164.56188907175584,0
1595876133.1737692,358.963549037271,164.56188907175584,0
1595876133.1795359,360,164.56188907175584,1
1595876133.1795359,0,164.56188907175584,0
1595876133.475728,53.31458797007127,164.56188907175584,0
1595876133.475728,37.32021157904989,148.56751268073447,0
1595876134.1037757,150.36879842444785,148.56751268073447,0
1595876134.1137726,152.16823880835898,148.56751268073447,0
1595876134.1237855,153.97055452033408,148.56751268073447,0
1595876134.1337824,155.7699949042452,148.56751268073447,0
1595876134.1437852,157.5705081717623,148.56751268073447,0
1595876134.1537843,159.37033479377158,148.56751268073447,0
1595876134.1637833,161.17016141578085,148.56751268073447,0
1595876134.1737738,162.96844308539755,148.56751268073447,0
1595876134.1837735,164.76839845343954,148.56751268073447,0
1595876134.1937833,166.57015626593954,148.56751268073447,0
1595876134.2037709,168.36792295142538,148.56751268073447,0
1595876134.213786,170.17062490149863,148.56751268073447,0
1595876134.2237747,171.96860616370566,148.56751268073447,0
1595876134.2337775,173.76911943122275,148.56751268073447,0
1595876134.2437725,175.56821649237997,148.56751268073447,0
1595876134.2537873,177.37087552710898,148.56751268073447,0
1595876134.263777,179.16902845069296,148.56751268073447,0
1595876134.2737715,180.9680396811617,148.56751268073447,0
1595876134.2837844,182.7703553931368,148.56751268073447,0
1595876134.2937808,184.56970994635947,148.56751268073447,0
1595876134.3037813,186.36979406043417,148.56751268073447,0
1595876134.313772,188.1681186453951,148.56751268073447,0
1595876134.3237836,189.97021978064902,148.56751268073447,0
1595876134.3337734,191.768372704233,148.56751268073447,0
1595876134.3437786,193.56931512519247,148.56751268073447,0
1595876134.353775,195.36866967841513,148.56751268073447,0
1595876134.363786,197.17064206763632,148.56751268073447,0
1595876134.3737814,198.96982495948203,148.56751268073447,0
1595876134.383772,200.76810662909872,148.56751268073447,0
1595876134.3937695,202.56767575904257,148.56751268073447,0
1595876134.4037724,204.36818902655966,148.56751268073447,0
1595876134.4137857,206.17059056922324,148.56751268073447,0
1595876134.4237726,207.96822850867636,148.56751268073447,0
1595876134.4337735,209.76839845343954,148.56751268073447,0
1595876134.443787,211.57084291144736,148.56751268073447,0
1595876134.4537833,213.37015454932578,148.56751268073447,0
1595876134.4637833,215.170152832712,148.56751268073447,0
1595876134.4737802,216.96959321662314,148.56751268073447,0
1595876134.4837823,218.7699777381075,148.56751268073447,0
1595876134.4937723,220.56817357703574,148.56751268073447,0
1595876134.503785,222.3704463736666,148.56751268073447,0
1595876134.5137875,224.17091672583945,148.56751268073447,0
1595876134.5237768,225.96898381873496,148.56751268073447,0
1595876134.5337806,227.769668747629,148.56751268073447,0
1595876134.543784,229.57026784583456,148.56751268073447,0
1595876134.5537758,231.3688070075167,148.56751268073447,0
1595876134.5637858,233.17060773536093,148.56751268073447,0
1595876134.573785,234.97047727271445,148.56751268073447,0
1595876134.583769,236.7676002280367,148.56751268073447,0
1595876134.593774,238.56849973365195,148.56751268073447,0
1595876134.6037867,240.3707725302828,148.56751268073447,0
1595876134.6137826,242.170041252817,148.56751268073447,0
1595876134.6237688,243.9675504462374,148.56751268073447,0
1595876134.6337783,245.76926534339316,148.56751268073447,0
1595876134.6437695,247.56767575904257,148.56751268073447,0
1595876134.6537848,249.37042062446005,148.56751268073447,0
1595876134.6637733,251.16835897132285,148.56751268073447,0
1595876134.6737714,252.96801393195517,148.56751268073447,0
1595876134.683781,254.76972882911093,148.56751268073447,0
1595876134.693786,256.57062833472617,148.56751268073447,0
1595876134.7037826,258.37002580329306,148.56751268073447,0
1595876134.7137856,260.1705819861544,148.56751268073447,0
1595876134.7237866,261.9707519309176,148.56751268073447,0
1595876134.7337766,263.7689477698458,148.56751268073447,0
1595876134.7437756,265.5687743918551,148.56751268073447,0
1595876134.7537827,267.37006013556845,148.56751268073447,0
1595876134.7637858,269.1706163184298,148.56751268073447,0
1595876134.7737827,270.9700567023409,148.56751268073447,0
1595876134.7837782,272.7692395941866,148.56751268073447,0
1595876134.7937734,274.5683795706881,148.56751268073447,0
1595876134.803778,276.36919324561484,148.56751268073447,0
1595876134.8137739,278.168461968149,148.56751268073447,0
1595876134.823777,279.96901815101035,148.56751268073447,0
1595876134.833785,281.7704755561007,148.56751268073447,0
1595876134.8437772,283.56905763312704,148.56751268073447,0
1595876134.8537755,285.3687555091036,148.56751268073447,0
1595876134.8637834,287.1701699988497,148.56751268073447,0
1595876134.8737752,288.96870916053183,148.56751268073447,0
1595876134.88378,290.7695657508028,148.56751268073447,0
1595876134.8937767,292.5689632193697,148.56751268073447,0
1595876134.9037826,294.3700343863619,148.56751268073447,0
1595876134.913778,296.1692172782076,148.56751268073447,0
1595876134.9237864,297.9707175986422,148.56751268073447,0
1595876134.9337854,299.77054422065146,148.56751268073447,0
1595876134.943776,301.56882589026816,148.56751268073447,0
1595876134.9537745,303.36856668158896,148.56751268073447,0
1595876134.9637845,305.1703674094332,148.56751268073447,0
1595876134.9737685,306.96749036475546,148.56751268073447,0
1595876134.983769,308.76757447883017,148.56751268073447,0
1595876134.9937687,310.56752984687216,148.56751268073447,0
1595876135.0037794,312.3694593207491,148.56751268073447,0
1595876135.0137703,314.1678268210543,148.56751268073447,0
1595876135.0237699,315.96773927375204,148.56751268073447,0
1595876135.033775,317.7686816947115,148.56751268073447,0
1595876135.043773,319.5682937399996,148.56751268073447,0
1595876135.0537791,321.36940782233603,148.56751268073447,0
1595876135.063779,323.16940610572226,148.56751268073447,0
1595876135.0737836,324.970219780649,148.56751268073447,0
1595876135.0837834,326.770175148691,148.56751268073447,0
1595876135.093783,328.57008760138876,148.56751268073447,0
1595876135.1037812,330.3697854773653,148.56751268073447,0
1595876135.1137774,332.16909711524374,148.56751268073447,0
1595876135.1237829,333.97008245154746,148.56751268073447,0
1595876135.1337686,335.7675058142794,148.56751268073447,0
1595876135.1437786,337.5693065421236,148.56751268073447,0
1595876135.153779,339.36939065619833,148.56751268073447,0
1595876135.163781,341.16973226233847,148.56751268073447,0
1595876135.173784,342.9702884451998,148.56751268073447,0
1595876135.183772,344.7681409613741,148.56751268073447,0
1595876135.1937828,346.57007043525107,148.56751268073447,0
1595876135.2037776,348.36912458106406,148.56751268073447,0
1595876135.213786,350.1706249014986,148.56751268073447,0
1595876135.2237747,351.96860616370566,148.56751268073447,0
1595876135.2337856,353.77057855292685,148.56751268073447,0
1595876135.2437813,355.5698043601168,148.56751268073447,0
1595876135.2537723,357.36817186042197,148.56751268073447,0
1595876135.2637837,359.17023008033163,148.56751268073447,0
1595876135.2684047,360,148.56751268073447,1
1595876135.2684047,0,148.56751268073447,0
1595876135.41833,26.986540009225678,148.56751268073447,0
1595876135.41833,18.890578006457975,140.47155067796677,0
1595876136.1037908,142.27352306718797,140.47155067796677,0
1595876136.1137817,144.07189056749314,140.47155067796677,0
1595876136.1237986,145.8749358403203,140.47155067796677,0
1595876136.1337874,147.67291710252732,140.47155067796677,0
1595876136.143785,149.47248623247117,140.47155067796677,0
1595876136.1537826,151.27205536241502,140.47155067796677,0
1595876136.163783,153.07213947648972,140.47155067796677,0
1595876136.1737945,154.8741976963994,140.47155067796677,0
1595876136.1837819,156.671921466541,140.47155067796677,0
1595876136.1937943,158.47415134782761,140.47155067796677,0
1595876136.2037876,160.27294800157517,140.47155067796677,0
1595876136.2137804,162.07165882463426,140.47155067796677,0
1595876136.2237923,163.8738028752324,140.47155067796677,0
1595876136.2337832,165.67217037553758,140.47155067796677,0
1595876136.2437906,167.4734990345952,140.47155067796677,0
1595876136.2537932,169.27396938676804,140.47155067796677,0
1595876136.2637978,171.0747830616948,140.47155067796677,0
1595876136.2737956,172.8743951069829,140.47155067796677,0
1595876136.2837927,174.67387840623826,140.47155067796677,0
1595876136.2937799,176.47155926103562,140.47155067796677,0
1595876136.3037798,178.27155754442185,140.47155067796677,0
1595876136.3137982,180.07486030931443,140.47155067796677,0
1595876136.323787,181.87284157152146,140.47155067796677,0
1595876136.3337805,183.67168114061326,140.47155067796677,0
1595876136.3437974,185.4747264134404,140.47155067796677,0
1595876136.353791,187.2735659825322,140.47155067796677,0
1595876136.3637977,189.0747658955571,140.47155067796677,0
1595876136.3737934,190.87399170274705,140.47155067796677,0
1595876136.3837795,192.67150089616746,140.47155067796677,0
1595876136.393781,194.47175667161912,140.47155067796677,0
1595876136.4037964,196.27454445238084,140.47155067796677,0
1595876136.4137945,198.07419941301316,140.47155067796677,0
1595876136.4237823,199.87200901384324,140.47155067796677,0
1595876136.4337924,201.67380974168748,140.47155067796677,0
1595876136.4437978,203.4747950779912,140.47155067796677,0
1595876136.453782,205.2719609486577,140.47155067796677,0
1595876136.4637945,207.0741908299443,140.47155067796677,0
1595876136.4737947,208.87423202867478,140.47155067796677,0
1595876136.4837985,210.67491695756883,140.47155067796677,0
1595876136.4937804,212.47165367479295,140.47155067796677,0
1595876136.5037951,214.27431270952195,140.47155067796677,0
1595876136.5137799,216.07156441087693,140.47155067796677,0
1595876136.5237808,217.87173435564011,140.47155067796677,0
1595876136.5337849,219.6724621998784,140.47155067796677,0
1595876136.5437958,221.4744345890996,140.47155067796677,0
1595876136.5537794,223.27147171373338,140.47155067796677,0
1595876136.5637832,225.07215664262742,140.47155067796677,0
1595876136.5737855,226.87258407945603,140.47155067796677,0
1595876136.5837808,228.6717240559575,140.47155067796677,0
1595876136.5937974,230.4747264134404,140.47155067796677,0
1595876136.6037972,232.2746817814824,140.47155067796677,0
1595876136.6137874,234.07292053575486,140.47155067796677,0
1595876136.6237893,235.873262141895,140.47155067796677,0
1595876136.6337876,237.67296001787156,140.47155067796677,0
1595876136.6437945,239.4742028462407,140.47155067796677,0
1595876136.6537912,241.2736003148076,140.47155067796677,0
1595876136.6637976,243.07475731248826,140.47155067796677,0
1595876136.6737916,244.87368271226853,140.47155067796677,0
1595876136.6837964,246.67453930253953,140.47155067796677,0
1595876136.6937895,248.47329304094285,140.47155067796677,0
1595876136.703786,250.2726475941655,140.47155067796677,0
1595876136.7137942,252.07414791460008,140.47155067796677,0
1595876136.7237854,253.8725583302495,140.47155067796677,0
1595876136.7337794,255.67148373002976,140.47155067796677,0
1595876136.7437923,257.47379944200486,140.47155067796677,0
1595876136.753792,259.27375481004685,140.47155067796677,0
1595876136.7637873,261.0728947865483,140.47155067796677,0
1595876136.7737894,262.8732793080327,140.47155067796677,0
1595876136.783797,264.67465088243455,140.47155067796677,0
1595876136.7937794,266.47147343034715,140.47155067796677,0
1595876136.8037949,268.27426121110886,140.47155067796677,0
1595876136.8137963,270.0745169865605,140.47155067796677,0
1595876136.823783,271.8721120106694,140.47155067796677,0
1595876136.8337846,273.6724107014653,140.47155067796677,0
1595876136.84378,275.471593593311,140.47155067796677,0
1595876136.8537915,277.2736518132207,140.47155067796677,0
1595876136.8637934,279.0739934193608,140.47155067796677,0
1595876136.8737836,280.8722321736333,140.47155067796677,0
1595876136.8837914,282.6736466633794,140.47155067796677,0
1595876136.8937848,284.47244331712693,140.47155067796677,0
1595876136.9037867,286.27278492326707,140.47155067796677,0
1595876136.913797,288.07462856645554,140.47155067796677,0
1595876136.9237792,289.87145111436814,140.47155067796677,0
1595876136.9337838,291.6722647892949,140.47155067796677,0
1595876136.9437852,293.47252056474656,140.47155067796677,0
1595876136.9537852,295.2725188481328,140.47155067796677,0
1595876136.9637814,297.0718304860112,140.47155067796677,0
1595876136.973787,298.87285873765916,140.47155067796677,0
1595876136.983784,300.6722991215703,140.47155067796677,0
1595876136.9937954,302.47435734147996,140.47155067796677,0
1595876137.0037804,304.2716519581792,140.47155067796677,0
1595876137.0137887,306.07315227861375,140.47155067796677,0
1595876137.0237818,307.87190601701707,140.47155067796677,0
1595876137.0337923,309.6737925755498,140.47155067796677,0
1595876137.043796,311.4744775044438,140.47155067796677,0
1595876137.0537963,313.2745187031743,140.47155067796677,0
1595876137.06378,315.0715987431523,140.47155067796677,0
1595876137.0737936,316.87404320116013,140.47155067796677,0
1595876137.0837789,318.6713807332036,140.47155067796677,0
1595876137.0937915,320.47365352983445,140.47155067796677,0
1595876137.103779,322.2714202153203,140.47155067796677,0
1595876137.1137922,324.0737788426396,140.47155067796677,0
1595876137.123782,325.8719317662236,140.47155067796677,0
1595876137.1337948,327.6742474781987,140.47155067796677,0
1595876137.1437922,329.4737736927983,140.47155067796677,0
1595876137.1537836,331.27222702379197,140.47155067796677,0
1595876137.1637957,333.07441398973435,140.47155067796677,0
1595876137.1737876,334.8729531514165,140.47155067796677,0
1595876137.1837847,336.67243645067185,140.47155067796677,0
1595876137.1937816,338.471876834583,140.47155067796677,0
1595876137.203786,340.2726475941655,140.47155067796677,0
1595876137.2137964,342.0745341526982,140.47155067796677,0
1595876137.2237797,343.87152836198777,140.47155067796677,0
1595876137.2337923,345.67380115861863,140.47155067796677,0
1595876137.2437787,347.4713532673833,140.47155067796677,0
1595876137.2537913,349.27362606401414,140.47155067796677,0
1595876137.2637866,351.0727660405156,140.47155067796677,0
1595876137.273779,352.8713910328862,140.47155067796677,0
1595876137.2837815,354.67186138505906,140.47155067796677,0
1595876137.293788,356.4730183827397,140.47155067796677,0
1595876137.3037913,358.2736174809453,140.47155067796677,0
1595876137.313393,360,140.47155067796677,1
1595876137.313393,0,140.47155067796677,0
1595876137.3909366,13.9578454243657,140.47155067796677,0
1595876137.3909366,9.77049179705599,136.28419705065707,0
1595876138.1038024,138.08634110125521,136.28419705065707,0
1595876138.1137981,139.88556690844516,136.28419705065707,0
1595876138.1238058,141.686938482847,136.28419705065707,0
1595876138.1338072,143.48719425829867,136.28419705065707,0
1595876138.143804,145.2866346422098,136.28419705065707,0
1595876138.153801,147.08607502612094,136.28419705065707,0
1595876138.1638029,148.88641663226107,136.28419705065707,0
1595876138.173801,150.6860715928934,136.28419705065707,0
1595876138.1838064,152.4870569291971,136.28419705065707,0
1595876138.1938095,154.28761311205844,136.28419705065707,0
1595876138.2038057,156.08692474993686,136.28419705065707,0
1595876138.2137933,157.8846914354227,136.28419705065707,0
1595876138.2237926,159.6845609727762,136.28419705065707,0
1595876138.2338006,161.48601837786654,136.28419705065707,0
1595876138.2437923,163.28451462420443,136.28419705065707,0
1595876138.253808,165.0873453203104,136.28419705065707,0
1595876138.2638066,166.8870861116312,136.28419705065707,0
1595876138.2737904,168.68416615160922,136.28419705065707,0
1595876138.283802,170.48626728686313,136.28419705065707,0
1595876138.2937977,172.28549309405307,136.28419705065707,0
1595876138.303795,174.08501930865268,136.28419705065707,0
1595876138.3138041,175.88664837511996,136.28419705065707,0
1595876138.323803,177.686432081785,136.28419705065707,0
1595876138.3337903,179.4841558519266,136.28419705065707,0
1595876138.3437912,181.28432579668979,136.28419705065707,0
1595876138.3538046,183.08672733935336,136.28419705065707,0
1595876138.3638065,184.8870689454935,136.28419705065707,0
1595876138.3737924,186.68453522356967,136.28419705065707,0
1595876138.3837907,188.48423309954623,136.28419705065707,0
1595876138.393805,190.28680630358676,136.28419705065707,0
1595876138.403797,192.0853454652689,136.28419705065707,0
1595876138.413806,193.88697453173617,136.28419705065707,0
1595876138.4238048,195.6867582384012,136.28419705065707,0
1595876138.4337924,197.48452492388705,136.28419705065707,0
1595876138.4438035,199.28654022845248,136.28419705065707,0
1595876138.4538064,201.08705349596957,136.28419705065707,0
1595876138.463797,202.8853780809305,136.28419705065707,0
1595876138.4738007,204.6860200944803,136.28419705065707,0
1595876138.483804,206.48661919268588,136.28419705065707,0
1595876138.4937992,208.28575916918734,136.28419705065707,0
1595876138.5037937,210.0847703996561,136.28419705065707,0
1595876138.513798,211.8855411592386,136.28419705065707,0
1595876138.5238037,213.68656941088656,136.28419705065707,0
1595876138.5338027,215.48639603289584,136.28419705065707,0
1595876138.5438015,217.28617973956088,136.28419705065707,0
1595876138.5538065,219.0870792451761,136.28419705065707,0
1595876138.5637994,220.8857900682352,136.28419705065707,0
1595876138.573795,222.68501587542514,136.28419705065707,0
1595876138.583808,224.48733158740023,136.28419705065707,0
1595876138.5938077,226.28728695544223,136.28419705065707,0
1595876138.6037908,228.08423824938754,136.28419705065707,0
1595876138.61379,229.88410778674105,136.28419705065707,0
1595876138.623797,231.6853506151102,136.28419705065707,0
1595876138.633793,233.4846622529886,136.28419705065707,0
1595876138.643798,235.28556175860385,136.28419705065707,0
1595876138.653808,237.0873624864481,136.28419705065707,0
1595876138.663795,238.8850004259012,136.28419705065707,0
1595876138.6738012,240.68611450823764,136.28419705065707,0
1595876138.6837957,242.4851257387064,136.28419705065707,0
1595876138.693807,244.28714104327182,136.28419705065707,0
1595876138.7037983,246.08559437426547,136.28419705065707,0
1595876138.7138076,247.887266356077,136.28419705065707,0
1595876138.7237995,249.68580551775912,136.28419705065707,0
1595876138.7337992,251.4857608858011,136.28419705065707,0
1595876138.743796,253.28520126971225,136.28419705065707,0
1595876138.7538075,255.0872594896219,136.28419705065707,0
1595876138.7638066,256.8870861116312,136.28419705065707,0
1595876138.7738008,258.68605442675573,136.28419705065707,0
1595876138.7838,260.485881048765,136.28419705065707,0
1595876138.7937996,262.285836416807,136.28419705065707,0
1595876138.8037915,264.08437557848913,136.28419705065707,0
1595876138.813798,265.8855325761698,136.28419705065707,0
1595876138.8237941,267.6848442140482,136.28419705065707,0
1595876138.8337958,269.4851429048441,136.28419705065707,0
1595876138.843804,271.28660030993444,136.28419705065707,0
1595876138.8537967,273.0853111329935,136.28419705065707,0
1595876138.8637917,274.88440819415075,136.28419705065707,0
1595876138.873792,276.6844493928812,136.28419705065707,0
1595876138.8837988,278.48569222125036,136.28419705065707,0
1595876138.893795,280.2850038591288,136.28419705065707,0
1595876138.90379,282.084100920286,136.28419705065707,0
1595876138.9137988,283.88568707140905,136.28419705065707,0
1595876138.9237916,285.68439789446813,136.28419705065707,0
1595876138.933803,287.4864561143778,136.28419705065707,0
1595876138.943792,289.28448029192907,136.28419705065707,0
1595876138.9538045,291.0867101732157,136.28419705065707,0
1595876138.9637923,292.88451977404577,136.28419705065707,0
1595876138.9738045,294.68670673998815,136.28419705065707,0
1595876138.983799,296.4857179704569,136.28419705065707,0
1595876138.993808,298.2873470369242,136.28419705065707,0
1595876139.00379,300.0840837541483,136.28419705065707,0
1595876139.013803,301.88644238146765,136.28419705065707,0
1595876139.0237913,303.6843378129862,136.28419705065707,0
1595876139.033799,305.48570938738806,136.28419705065707,0
1595876139.0438013,307.28613682421667,136.28419705065707,0
1595876139.0537922,309.08450432452184,136.28419705065707,0
1595876139.0638053,310.8868629518412,136.28419705065707,0
1595876139.0738037,312.68656082781774,136.28419705065707,0
1595876139.0837996,314.4858295503519,136.28419705065707,0
1595876139.0937912,316.2843257966898,136.28419705065707,0
1595876139.1038058,318.0869419160746,136.28419705065707,0
1595876139.1137898,319.88406487139684,136.28419705065707,0
1595876139.1238065,321.68706722887976,136.28419705065707,0
1595876139.1337907,323.48423309954626,136.28419705065707,0
1595876139.1437974,325.28543301257116,136.28419705065707,0
1595876139.1538064,327.08706207903845,136.28419705065707,0
1595876139.163799,328.8857299867533,136.28419705065707,0
1595876139.1738083,330.6874019685648,136.28419705065707,0
1595876139.183798,332.4855548921488,136.28419705065707,0
1595876139.193795,334.28499527605993,136.28419705065707,0
1595876139.2037988,336.085680204954,136.28419705065707,0
1595876139.2137897,337.88404770525915,136.28419705065707,0
1595876139.223808,339.6873504701517,136.28419705065707,0
1595876139.2337933,341.4846880021952,136.28419705065707,0
1595876139.243795,343.2849866929911,136.28419705065707,0
1595876139.2538075,345.08725948962194,136.28419705065707,0
1595876139.263799,346.8857128206156,136.28419705065707,0
1595876139.273805,348.6867839876078,136.28419705065707,0
1595876139.283801,350.4860956254862,136.28419705065707,0
1595876139.2937992,352.2857505861185,136.28419705065707,0
1595876139.3037992,354.08574886950476,136.28419705065707,0
1595876139.3138046,355.88673420580847,136.28419705065707,0
1595876139.3238,357.68591709765417,136.28419705065707,0
1595876139.3338063,359.4870311799906,136.28419705065707,0
1595876139.3366668,360,136.28419705065707,1
1595876139.3366668,0,136.28419705065707,0
1595876139.379774,7.759307104673184,136.28419705065707,0
1595876139.379774,5.431514973271229,133.9564049192551,0
1595876140.103812,135.75833439313206,133.9564049192551,0
1595876140.1138065,137.5573456236008,133.9564049192551,0
1595876140.1238139,139.35867428265843,133.9564049192551,0
1595876140.1338122,141.158372158635,133.9564049192551,0
1595876140.143812,142.95832752667698,133.9564049192551,0
1595876140.1538026,144.75665211163792,133.9564049192551,0
1595876140.163819,146.5596115537766,133.9564049192551,0
1595876140.1738036,148.35682033978733,133.9564049192551,0
1595876140.183813,150.1585352369431,133.9564049192551,0
1595876140.193807,151.95741772137913,133.9564049192551,0
1595876140.2038114,153.7582313963059,133.9564049192551,0
1595876140.2138083,155.55767178021702,133.9564049192551,0
1595876140.2238162,157.35908626996311,133.9564049192551,0
1595876140.2338064,159.15732502423558,133.9564049192551,0
1595876140.24381,160.95796703778538,133.9564049192551,0
1595876140.253814,162.75869488202366,133.9564049192551,0
1595876140.2638173,164.55929398022923,133.9564049192551,0
1595876140.2738016,166.35645985089573,133.9564049192551,0
1595876140.2838118,168.1583034940842,133.9564049192551,0
1595876140.293806,169.95727180920872,133.9564049192551,0
1595876140.303809,171.7577850767258,133.9564049192551,0
1595876140.3138046,173.55701088391575,133.9564049192551,0
1595876140.3238053,175.3571379133347,133.9564049192551,0
1595876140.333805,177.1570932813767,133.9564049192551,0
1595876140.3438113,178.95820736371311,133.9564049192551,0
1595876140.3538027,180.75666069470677,133.9564049192551,0
1595876140.3638053,182.55713104687962,133.9564049192551,0
1595876140.3738105,184.3580734678391,133.9564049192551,0
1595876140.3838124,186.15841507397923,133.9564049192551,0
1595876140.3938186,187.95952915631565,133.9564049192551,0
1595876140.4038062,189.7572958418015,133.9564049192551,0
1595876140.4138157,191.55901073895726,133.9564049192551,0
1595876140.4238026,193.35664867841038,133.9564049192551,0
1595876140.4338114,195.15823482953343,133.9564049192551,0
1595876140.4438019,196.95651649915013,133.9564049192551,0
1595876140.453801,198.7563431211594,133.9564049192551,0
1595876140.4638064,200.55732845746311,133.9564049192551,0
1595876140.4738126,202.35844253979954,133.9564049192551,0
1595876140.4838128,204.15848373853,133.9564049192551,0
1595876140.4938035,205.95680832349095,133.9564049192551,0
1595876140.5038111,207.7581798978928,133.9564049192551,0
1595876140.5138164,209.55912231885227,133.9564049192551,0
1595876140.5238154,211.35894894086155,133.9564049192551,0
1595876140.5338051,213.15710186444554,133.9564049192551,0
1595876140.543812,214.95834469281468,133.9564049192551,0
1595876140.553808,216.75761341534886,133.9564049192551,0
1595876140.5638156,218.5589849897507,133.9564049192551,0
1595876140.5738058,220.35722374402317,133.9564049192551,0
1595876140.5838115,222.15825199567112,133.9564049192551,0
1595876140.5938058,223.95722031079563,133.9564049192551,0
1595876140.6038013,225.75640320264134,133.9564049192551,0
1595876140.6138177,227.55936264478,133.9564049192551,0
1595876140.6238186,229.3595325895432,133.9564049192551,0
1595876140.633805,231.15708469830784,133.9564049192551,0
1595876140.6438138,232.9586708494309,133.9564049192551,0
1595876140.6538093,234.7578537412766,133.9564049192551,0
1595876140.6638165,236.55913948498997,133.9564049192551,0
1595876140.673803,238.35673450909886,133.9564049192551,0
1595876140.6838043,240.15694736920628,133.9564049192551,0
1595876140.6938186,241.9595205732468,133.9564049192551,0
1595876140.7038064,243.75733017407688,133.9564049192551,0
1595876140.7138083,245.55767178021702,133.9564049192551,0
1595876140.723803,247.35672592603,133.9564049192551,0
1595876140.7338138,249.15865539990696,133.9564049192551,0
1595876140.743804,250.95689415417942,133.9564049192551,0
1595876140.7538128,252.75848030530247,133.9564049192551,0
1595876140.7638078,254.5575773664597,133.9564049192551,0
1595876140.7738123,256.3583910413864,133.9564049192551,0
1595876140.7838116,258.15826057873994,133.9564049192551,0
1595876140.793817,259.95924591504365,133.9564049192551,0
1595876140.8038177,261.7593729444626,133.9564049192551,0
1595876140.8138132,263.5585558363083,133.9564049192551,0
1595876140.8238094,265.3578674741867,133.9564049192551,0
1595876140.8338113,267.15820908032686,133.9564049192551,0
1595876140.8438187,268.9595377393845,133.9564049192551,0
1595876140.8538125,270.7584202238205,133.9564049192551,0
1595876140.8638127,272.558461422551,133.9564049192551,0
1595876140.8738027,274.3566572614792,133.9564049192551,0
1595876140.8838015,276.15644096814424,133.9564049192551,0
1595876140.8938158,277.95901417218477,133.9564049192551,0
1595876140.9038055,279.75716709576875,133.9564049192551,0
1595876140.9138005,281.556264156926,133.9564049192551,0
1595876140.9238172,283.3592665144089,133.9564049192551,0
1595876140.933817,285.1592218824509,133.9564049192551,0
1595876140.943807,286.9574177213791,133.9564049192551,0
1595876140.9538174,288.7593042799118,133.9564049192551,0
1595876140.9638155,290.55895924054414,133.9564049192551,0
1595876140.9738183,292.35947250806123,133.9564049192551,0
1595876140.983809,294.15779709302217,133.9564049192551,0
1595876140.993812,295.9583532758835,133.9564049192551,0
1595876141.0038087,297.7577507444504,133.9564049192551,0
1595876141.0138109,299.55813526593477,133.9564049192551,0
1595876141.0238185,301.3595068403366,133.9564049192551,0
1595876141.0338104,303.15804600201875,133.9564049192551,0
1595876141.0438092,304.9578297086838,133.9564049192551,0
1595876141.0538132,306.75855755292207,133.9564049192551,0
1595876141.063804,308.556882137883,133.9564049192551,0
1595876141.0738192,310.3596270033005,133.9564049192551,0
1595876141.0838034,312.156792873967,133.9564049192551,0
1595876141.0938134,313.95859360181123,133.9564049192551,0
1595876141.1038105,315.7580769010666,133.9564049192551,0
1595876141.113805,317.55708813153535,133.9564049192551,0
1595876141.123818,319.35940384351045,133.9564049192551,0
1595876141.1338024,321.1566126295212,133.9564049192551,0
1595876141.1438131,322.95854210339814,133.9564049192551,0
1595876141.1538138,324.7586691328171,133.9564049192551,0
1595876141.1638174,326.5593111463669,133.9564049192551,0
1595876141.1738157,328.35900902234346,133.9564049192551,0
1595876141.1838024,330.15660404645234,133.9564049192551,0
1595876141.1938148,331.95883392773897,133.9564049192551,0
1595876141.203814,333.7587034650925,133.9564049192551,0
1595876141.2138066,335.5573713728073,133.9564049192551,0
1595876141.2238064,337.3573267408493,133.9564049192551,0
1595876141.2338011,339.1563808866623,133.9564049192551,0
1595876141.2438002,340.9562075086716,133.9564049192551,0
1595876141.2538147,342.75882362805635,133.9564049192551,0
1595876141.263809,344.55779194318086,133.9564049192551,0
1595876141.2738008,346.356331104863,133.9564049192551,0
1595876141.2838101,348.1580030866745,133.9564049192551,0
1595876141.2938156,349.9589884229782,133.9564049192551,0
1595876141.303804,351.7568838544968,133.9564049192551,0
1595876141.313816,353.55907082043916,133.9564049192551,0
1595876141.3238142,355.3587257810715,133.9564049192551,0
1595876141.333809,357.1577799268845,133.9564049192551,0
1595876141.3438163,358.9591085859421,133.9564049192551,0
1595876141.349614,360,133.9564049192551,1
1595876141.349614,0,133.9564049192551,0
1595876141.374888,4.549347157109111,133.9564049192551,0
1595876141.374888,3.1845430099763776,132.59160077212238,0
1595876142.103832,134.39447438357257,132.59160077212238,0
1595876142.1138206,136.19241273043536,132.59160077212238,0
1595876142.1238284,137.99382722018146,132.59160077212238,0
1595876142.1338277,139.79369675753497,132.59160077212238,0
1595876142.1438339,141.5948108398714,132.59160077212238,0
1595876142.153822,143.39266335604572,132.59160077212238,0
1595876142.163826,145.193391200284,132.59160077212238,0
1595876142.1738288,146.9939044678011,132.59160077212238,0
1595876142.1838279,148.79373108981036,132.59160077212238,0
1595876142.1938312,150.59433018801593,132.59160077212238,0
1595876142.2038186,152.39205395815753,132.59160077212238,0
1595876142.2138305,154.19419800875568,132.59160077212238,0
1595876142.22383,155.99411046145343,132.59160077212238,0
1595876142.2338305,157.79419457552814,132.59160077212238,0
1595876142.2438178,159.59191834566974,132.59160077212238,0
1595876142.2538283,161.39380490420245,132.59160077212238,0
1595876142.2638283,163.19380318758868,132.59160077212238,0
1595876142.2738178,164.99191319582843,132.59160077212238,0
1595876142.2838175,166.79186856387042,132.59160077212238,0
1595876142.2938266,168.5934976303377,132.59160077212238,0
1595876142.3038275,170.3936675751009,132.59160077212238,0
1595876142.3138206,172.1924213135042,132.59160077212238,0
1595876142.3238304,173.9941791260042,132.59160077212238,0
1595876142.333823,175.79284703371906,132.59160077212238,0
1595876142.343832,177.59447610018634,132.59160077212238,0
1595876142.353824,179.39301526186847,132.59160077212238,0
1595876142.363822,181.1926702225008,132.59160077212238,0
1595876142.3738258,182.99335515139484,132.59160077212238,0
1595876142.3838217,184.79262387392902,132.59160077212238,0
1595876142.393817,186.59176385043048,132.59160077212238,0
1595876142.403827,188.39356457827472,132.59160077212238,0
1595876142.4138346,190.19493615267658,132.59160077212238,0
1595876142.4238272,191.99360406039142,132.59160077212238,0
1595876142.4338312,193.7943319046297,132.59160077212238,0
1595876142.443823,195.59287106631183,132.59160077212238,0
1595876142.4538321,197.39450013277911,132.59160077212238,0
1595876142.4638171,199.19179474947833,132.59160077212238,0
1595876142.4738197,200.99226510165118,132.59160077212238,0
1595876142.4838233,202.792907115201,132.59160077212238,0
1595876142.4938157,204.5915321075716,132.59160077212238,0
1595876142.5038328,206.39462029574298,132.59160077212238,0
1595876142.513826,208.1933740341463,132.59160077212238,0
1595876142.523825,209.99320065615558,132.59160077212238,0
1595876142.5338314,211.79435765383624,132.59160077212238,0
1595876142.543816,213.59160935519122,132.59160077212238,0
1595876142.5538251,215.3932384216585,132.59160077212238,0
1595876142.5638223,217.19272172091388,132.59160077212238,0
1595876142.5738285,218.9938358032503,132.59160077212238,0
1595876142.5838306,220.79422032473468,132.59160077212238,0
1595876142.5938206,222.5924161636629,132.59160077212238,0
1595876142.603821,224.3925002777376,132.59160077212238,0
1595876142.6138198,226.19228398440265,132.59160077212238,0
1595876142.623831,227.99429928896808,132.59160077212238,0
1595876142.633829,229.7939542496004,132.59160077212238,0
1595876142.6438215,231.592579241971,132.59160077212238,0
1595876142.6538262,233.393435832242,132.59160077212238,0
1595876142.6638262,235.19343411562824,132.59160077212238,0
1595876142.6738315,236.9943765365877,132.59160077212238,0
1595876142.6838305,238.79420315859699,132.59160077212238,0
1595876142.6938207,240.59244191286945,132.59160077212238,0
1595876142.7038193,242.39218270419025,132.59160077212238,0
1595876142.713817,244.1917518341341,132.59160077212238,0
1595876142.7238154,245.9914926254549,132.59160077212238,0
1595876142.733824,247.7930358612337,132.59160077212238,0
1595876142.7438235,249.59294831393146,132.59160077212238,0
1595876142.7538157,251.39153039095783,132.59160077212238,0
1595876142.763834,253.1948331558504,132.59160077212238,0
1595876142.7738173,254.99182736513995,132.59160077212238,0
1595876142.7838173,256.7918256485262,132.59160077212238,0
1595876142.7938175,258.59186684725665,132.59160077212238,0
1595876142.8038192,260.39216553805255,132.59160077212238,0
1595876142.8138337,262.1947816574373,132.59160077212238,0
1595876142.823829,263.9939216339388,132.59160077212238,0
1595876142.8338187,265.79207455752277,132.59160077212238,0
1595876142.8438292,267.5939611160555,132.59160077212238,0
1595876142.8538256,269.39331566927814,132.59160077212238,0
1595876142.863828,271.19374310610675,132.59160077212238,0
1595876142.8738298,272.9940847122469,132.59160077212238,0
1595876142.8838336,274.79476964114093,132.59160077212238,0
1595876142.8938248,276.59318005679035,132.59160077212238,0
1595876142.903834,278.39485203860187,132.59160077212238,0
1595876142.913834,280.1948503219881,132.59160077212238,0
1595876142.9238207,281.992445346097,132.59160077212238,0
1595876142.9338305,283.794203158597,132.59160077212238,0
1595876142.9438288,285.59390103457355,132.59160077212238,0
1595876142.9538167,287.3917106354036,132.59160077212238,0
1595876142.9638247,289.19316804049396,132.59160077212238,0
1595876142.973819,290.99213635561847,132.59160077212238,0
1595876142.9838228,292.7928212845125,132.59160077212238,0
1595876142.9938242,294.5930770599642,132.59160077212238,0
1595876143.0038295,296.39401948092365,132.59160077212238,0
1595876143.0138273,298.19363152621173,132.59160077212238,0
1595876143.0238292,299.99397313235187,132.59160077212238,0
1595876143.0338337,301.7947868072786,132.59160077212238,0
1595876143.0438333,303.5946992599764,132.59160077212238,0
1595876143.0538213,305.3925517761507,132.59160077212238,0
1595876143.063833,307.1946529114046,132.59160077212238,0
1595876143.0738237,308.99297749636554,132.59160077212238,0
1595876143.0838168,310.79173123476886,132.59160077212238,0
1595876143.0938308,312.59426152346515,132.59160077212238,0
1595876143.1038277,314.3937019073763,132.59160077212238,0
1595876143.113827,316.1935714447298,132.59160077212238,0
1595876143.1238158,317.99155270693683,132.59160077212238,0
1595876143.1338186,319.7920659744539,132.59160077212238,0
1595876143.143817,321.5917638504305,132.59160077212238,0
1595876143.153821,323.39249169466876,132.59160077212238,0
1595876143.1638193,325.1921895706453,132.59160077212238,0
1595876143.173817,326.9917587005892,132.59160077212238,0
1595876143.1838248,328.79317319033527,132.59160077212238,0
1595876143.1938283,330.5938152038851,132.59160077212238,0
1595876143.203832,332.3944572174349,132.59160077212238,0
1595876143.2138164,334.1916660034456,132.59160077212238,0
1595876143.2238328,335.9946254455843,132.59160077212238,0
1595876143.2338228,337.7928212845125,132.59160077212238,0
1595876143.2438304,339.59419285891437,132.59160077212238,0
1595876143.2538218,341.392646189908,132.59160077212238,0
1595876143.263831,343.1942752563753,132.59160077212238,0
1595876143.2738223,344.99272858736896,132.59160077212238,0
1595876143.2838163,346.79165398714923,132.59160077212238,0
1595876143.293828,348.59375512240314,132.59160077212238,0
1595876143.3038251,350.3932384216585,132.59160077212238,0
1595876143.3138185,352.19203507540607,132.59160077212238,0
1595876143.323828,353.99374997256183,132.59160077212238,0
1595876143.333817,355.7917741501131,132.59160077212238,0
1595876143.3438225,357.5927594864168,132.59160077212238,0
1595876143.3538315,359.3943885528841,132.59160077212238,0
1595876143.3572044,360,132.59160077212238,1
1595876143.3572044,0,132.59160077212238,0
1595876143.3737423,2.976832743863099,132.59160077212238,0
1595876143.3737423,2.083782920704169,131.69855094896346,0
1595876144.1038344,133.5003516768077,131.69855094896346,0
1595876144.1138349,135.3004357908824,131.69855094896346,0
1595876144.1238265,137.0989320372203,131.69855094896346,0
1595876144.1338332,138.9001319502452,131.69855094896346,0
1595876144.1438398,140.7013318632701,131.69855094896346,0
1595876144.1538382,142.50102973924666,131.69855094896346,0
1595876144.1638381,144.3010280226329,131.69855094896346,0
1595876144.1738293,146.0994384382823,131.69855094896346,0
1595876144.1838403,147.9014108275035,131.69855094896346,0
1595876144.193831,149.69973541246443,131.69855094896346,0
1595876144.2038345,151.50037742601424,131.69855094896346,0
1595876144.2138283,153.29925991045027,131.69855094896346,0
1595876144.223828,155.09921527849227,131.69855094896346,0
1595876144.2338245,156.89856983171492,131.69855094896346,0
1595876144.2438307,158.69968391405135,131.69855094896346,0
1595876144.2538347,160.50041175828963,131.69855094896346,0
1595876144.263837,162.30083919511824,131.69855094896346,0
1595876144.2738278,164.09916378007918,131.69855094896346,0
1595876144.2838326,165.90002037035018,131.69855094896346,0
1595876144.2938256,167.6987741087535,131.69855094896346,0
1595876144.3038378,169.50096107469588,131.69855094896346,0
1595876144.313838,171.30100227342635,131.69855094896346,0
1595876144.3238263,173.0988977049449,131.69855094896346,0
1595876144.3338413,174.90159965501815,131.69855094896346,0
1595876144.3438263,176.69889427171736,131.69855094896346,0
1595876144.3538404,178.50142456041365,131.69855094896346,0
1595876144.363828,180.2991912458995,131.69855094896346,0
1595876144.3738258,182.09880329118758,131.69855094896346,0
1595876144.3838348,183.90043235765486,131.69855094896346,0
1595876144.393842,185.70171810136824,131.69855094896346,0
1595876144.403835,187.50047183977156,131.69855094896346,0
1595876144.413842,189.3017146681407,131.69855094896346,0
1595876144.423829,191.09939552293807,131.69855094896346,0
1595876144.4338422,192.9017541502574,131.69855094896346,0
1595876144.4438324,194.69999290452986,131.69855094896346,0
1595876144.4538326,196.50003410326033,131.69855094896346,0
1595876144.4638402,198.3014056776622,131.69855094896346,0
1595876144.4738286,200.09930110918074,131.69855094896346,0
1595876144.4838421,201.90174556718856,131.69855094896346,0
1595876144.493839,203.7011859510997,131.69855094896346,0
1595876144.503828,205.49921012865096,131.69855094896346,0
1595876144.5138414,207.30161167131453,131.69855094896346,0
1595876144.5238347,209.1004083250621,131.69855094896346,0
1595876144.533836,210.9006211851695,131.69855094896346,0
1595876144.5438259,212.69881702409774,131.69855094896346,0
1595876144.55383,214.49954486833602,131.69855094896346,0
1595876144.563825,216.29864192949324,131.69855094896346,0
1595876144.5738406,218.1014726255992,131.69855094896346,0
1595876144.5838404,219.9014279936412,131.69855094896346,0
1595876144.5938303,221.69962383256942,131.69855094896346,0
1595876144.6038322,223.49996543870955,131.69855094896346,0
1595876144.613828,225.2991912458995,131.69855094896346,0
1595876144.6238272,227.099060783253,131.69855094896346,0
1595876144.6338258,228.8988015745738,131.69855094896346,0
1595876144.6438386,230.7011172865489,131.69855094896346,0
1595876144.653833,232.50008560167342,131.69855094896346,0
1595876144.6638334,234.30016971574813,131.69855094896346,0
1595876144.673825,236.09866596208602,131.69855094896346,0
1595876144.6838415,237.9016254042247,131.69855094896346,0
1595876144.6938293,239.69943500505477,131.69855094896346,0
1595876144.703839,241.50119281755477,131.69855094896346,0
1595876144.7138271,243.29904533372908,131.69855094896346,0
1595876144.7238274,245.09908653245955,131.69855094896346,0
1595876144.7338262,246.8988702391246,131.69855094896346,0
1595876144.7438254,248.6987397764781,131.69855094896346,0
1595876144.7538388,250.50114131914168,131.69855094896346,0
1595876144.7638264,252.29890800462752,131.69855094896346,0
1595876144.7738419,254.10169578538924,131.69855094896346,0
1595876144.7838256,255.89877582536727,131.69855094896346,0
1595876144.7938392,257.70122028337505,131.69855094896346,0
1595876144.8038244,259.4985578154185,131.69855094896346,0
1595876144.813841,261.3015601729014,131.69855094896346,0
1595876144.8238275,263.09911228166607,131.69855094896346,0
1595876144.833829,264.8993680571177,131.69855094896346,0
1595876144.8438373,266.7008683775523,131.69855094896346,0
1595876144.8538358,268.5006091688731,131.69855094896346,0
1595876144.8638391,270.30120826707866,131.69855094896346,0
1595876144.8738341,272.1003053282359,131.69855094896346,0
1595876144.8838391,273.9012048338511,131.69855094896346,0
1595876144.8938339,275.7002589796641,131.69855094896346,0
1595876144.9038236,277.4984119032481,131.69855094896346,0
1595876144.9138372,279.3008563612559,131.69855094896346,0
1595876144.923829,281.09939552293804,131.69855094896346,0
1595876144.9338377,282.90093875871685,131.69855094896346,0
1595876144.9438393,284.70123744951275,131.69855094896346,0
1595876144.953836,286.50063491807964,131.69855094896346,0
1595876144.9638414,288.30162025438335,131.69855094896346,0
1595876144.973826,290.0988290403941,131.69855094896346,0
1595876144.9838424,291.90178848253277,131.69855094896346,0
1595876144.9938352,293.70049930559185,131.69855094896346,0
1595876145.003841,295.5015275572398,131.69855094896346,0
1595876145.01384,297.3013541792491,131.69855094896346,0
1595876145.0238342,299.1003224943736,131.69855094896346,0
1595876145.0338306,300.89967704759624,131.69855094896346,0
1595876145.0438328,302.7000615690806,131.69855094896346,0
1595876145.0538247,304.49860073076275,131.69855094896346,0
1595876145.0638368,306.30078769670513,131.69855094896346,0
1595876145.0738277,308.0991551970103,131.69855094896346,0
1595876145.0838287,309.8993251417735,131.69855094896346,0
1595876145.093831,311.6997525786021,131.69855094896346,0
1595876145.1038315,313.4998366926768,131.69855094896346,0
1595876145.1138263,315.2988908384898,131.69855094896346,0
1595876145.1238265,317.09893203722027,131.69855094896346,0
1595876145.1338406,318.90146232591655,131.69855094896346,0
1595876145.1438286,320.69931484209087,131.69855094896346,0
1595876145.1538415,322.50163055406597,131.69855094896346,0
1595876145.1638296,324.2994830702403,131.69855094896346,0
1595876145.1738403,326.10141254411724,131.69855094896346,0
1595876145.1838305,327.8996512983897,131.69855094896346,0
1595876145.1938396,329.701280364857,131.69855094896346,0
1595876145.2038362,331.5006778334239,131.69855094896346,0
1595876145.2138345,333.30037570940044,131.69855094896346,0
1595876145.2238343,335.10033107744243,131.69855094896346,0
1595876145.233828,336.89921356187847,131.69855094896346,0
1595876145.2438245,338.6985681151011,131.69855094896346,0
1595876145.2538307,340.49968219743755,131.69855094896346,0
1595876145.263836,342.300624618397,131.69855094896346,0
1595876145.2738388,344.1011378859141,131.69855094896346,0
1595876145.283842,345.9017369841197,131.69855094896346,0
1595876145.2938414,347.7016065214732,131.69855094896346,0
1595876145.3038237,349.4984290693858,131.69855094896346,0
1595876145.3138418,351.30168891893413,131.69855094896346,0
1595876145.3238235,353.098382720814,131.69855094896346,0
1595876145.3338342,354.90031219469097,131.69855094896346,0
1595876145.3438299,356.6995380018809,131.69855094896346,0
1595876145.3538284,358.4992787932017,131.69855094896346,0
1595876145.3621745,360,131.69855094896346,1
1595876145.3621745,0,131.69855094896346,0
1595876145.3738365,2.0991466139414854,131.69855094896346,0
1595876145.3738365,1.4694026297590397,131.068806964781,0
1595876146.1038446,132.87086518469067,131.068806964781,0
1595876146.1138375,134.66957600774975,131.068806964781,0
1595876146.1238513,136.4720633811018,131.068806964781,0
1595876146.1338398,138.2700017279646,131.068806964781,0
1595876146.143836,140.06931336584302,131.068806964781,0
1595876146.153835,141.8691399878523,131.068806964781,0
1595876146.163842,143.67038281622143,131.068806964781,0
1595876146.1738436,145.47068150701733,131.068806964781,0
1595876146.183851,147.27201016607495,131.068806964781,0
1595876146.1938348,149.06909020605298,131.068806964781,0
1595876146.2038336,150.86887391271802,131.068806964781,0
1595876146.213844,152.67076047125073,131.068806964781,0
1595876146.223838,154.469685871031,131.068806964781,0
1595876146.233849,156.2716582602522,131.068806964781,0
1595876146.2438462,158.07114155950757,131.068806964781,0
1595876146.2538373,159.86955197515698,131.068806964781,0
1595876146.2638345,161.66903527441235,131.068806964781,0
1595876146.273848,163.47147973242016,131.068806964781,0
1595876146.2838354,165.26920350256177,131.068806964781,0
1595876146.2938378,167.06963093939038,131.068806964781,0
1595876146.3038514,168.8720753973982,131.068806964781,0
1595876146.31385,170.671816188719,131.068806964781,0
1595876146.3238451,172.47095616522046,131.068806964781,0
1595876146.3338346,174.2690661734602,131.068806964781,0
1595876146.3438413,176.0702660864851,131.068806964781,0
1595876146.3538408,177.87017853918286,131.068806964781,0
1595876146.3638463,179.67116387548657,131.068806964781,0
1595876146.373836,181.46931679907055,131.068806964781,0
1595876146.3838425,183.27047379675122,131.068806964781,0
1595876146.3938513,185.07205994787427,131.068806964781,0
1595876146.4038372,186.86952622595044,131.068806964781,0
1595876146.4138458,188.67106946172925,131.068806964781,0
1595876146.4238365,190.46939404669018,131.068806964781,0
1595876146.4338396,192.2699502295515,131.068806964781,0
1595876146.4438496,194.07175095739575,131.068806964781,0
1595876146.4538445,195.87084801855298,131.068806964781,0
1595876146.4638395,197.6699450797102,131.068806964781,0
1595876146.473837,199.4694712943098,131.068806964781,0
1595876146.483843,201.27058537664624,131.068806964781,0
1595876146.4938383,203.0697253531477,131.068806964781,0
1595876146.5038357,204.8692515677473,131.068806964781,0
1595876146.5138485,206.6715672797224,131.068806964781,0
1595876146.523837,208.4695056265852,131.068806964781,0
1595876146.5338483,210.27152093115063,131.068806964781,0
1595876146.543851,212.07199128332348,131.068806964781,0
1595876146.5538437,213.87070210638257,131.068806964781,0
1595876146.5638423,215.67044289770337,131.068806964781,0
1595876146.5738366,217.46941121282788,131.068806964781,0
1595876146.5838358,219.2692807501814,131.068806964781,0
1595876146.5938337,221.06889279546948,131.068806964781,0
1595876146.6038392,222.8698781317732,131.068806964781,0
1595876146.6138499,224.67180760565014,131.068806964781,0
1595876146.6238492,226.47167714300366,131.068806964781,0
1595876146.633841,228.2702163046858,131.068806964781,0
1595876146.6438422,230.0704291647932,131.068806964781,0
1595876146.6538484,231.87154324712964,131.068806964781,0
1595876146.6638465,233.67119820776196,131.068806964781,0
1595876146.6738358,235.46926530065747,131.068806964781,0
1595876146.6838424,237.27046521368237,131.068806964781,0
1595876146.6938496,239.07175095739575,131.068806964781,0
1595876146.7038507,240.87196381750317,131.068806964781,0
1595876146.7138371,242.66951592626782,131.068806964781,0
1595876146.723841,244.47020085516186,131.068806964781,0
1595876146.7338383,246.26972706976147,131.068806964781,0
1595876146.743849,248.07165654363843,131.068806964781,0
1595876146.7538502,249.87186940374585,131.068806964781,0
1595876146.763844,251.67075188818188,131.068806964781,0
1595876146.7738478,253.47143681707593,131.068806964781,0
1595876146.7838516,255.27212174596997,131.068806964781,0
1595876146.7938366,257.0694163626692,131.068806964781,0
1595876146.8038447,258.8708737677595,131.068806964781,0
1595876146.8138378,260.66962750616284,131.068806964781,0
1595876146.8238342,262.4689820593855,131.068806964781,0
1595876146.8338401,264.2700532263777,131.068806964781,0
1595876146.8438363,266.0693648642561,131.068806964781,0
1595876146.8538342,267.8689769095442,131.068806964781,0
1595876146.8638484,269.6715501135847,131.068806964781,0
1595876146.8738503,271.47189171972485,131.068806964781,0
1595876146.8838427,273.27051671209546,131.068806964781,0
1595876146.893843,275.0705579108259,131.068806964781,0
1595876146.9038491,276.87167199316235,131.068806964781,0
1595876146.9138327,278.66870911779614,131.068806964781,0
1595876146.923841,280.4702094382307,131.068806964781,0
1595876146.933839,282.26986439886304,131.068806964781,0
1595876146.9438431,284.0705922431013,131.068806964781,0
1595876146.953834,285.8689597434065,131.068806964781,0
1595876146.9638462,287.6711467093489,131.068806964781,0
1595876146.9738448,289.4708875006697,131.068806964781,0
1595876146.9838464,291.2711861914656,131.068806964781,0
1595876146.993849,293.0716565436384,131.068806964781,0
1595876147.0038376,294.8695948905012,131.068806964781,0
1595876147.0138505,296.6719106024763,131.068806964781,0
1595876147.023835,298.46911938848706,131.068806964781,0
1595876147.033845,300.2709201163313,131.068806964781,0
1595876147.0438347,302.0690730399153,131.068806964781,0
1595876147.0538473,303.87134583654614,131.068806964781,0
1595876147.063839,305.66984208288403,131.068806964781,0
1595876147.073837,307.46949704351636,131.068806964781,0
1595876147.083845,309.27091153326245,131.068806964781,0
1595876147.093836,311.06932194891186,131.068806964781,0
1595876147.1038465,312.8712085074446,131.068806964781,0
1595876147.1138334,314.6688464468977,131.068806964781,0
1595876147.1238332,316.4688018149397,131.068806964781,0
1595876147.133844,318.27073128881665,131.068806964781,0
1595876147.143847,320.071287471678,131.068806964781,0
1595876147.1538453,321.87098534765454,131.068806964781,0
1595876147.163847,323.67128403845044,131.068806964781,0
1595876147.1738434,325.4706385916731,131.068806964781,0
1595876147.1838405,327.27012189092846,131.068806964781,0
1595876147.1938455,329.0710213965437,131.068806964781,0
1595876147.2038417,330.8703330344221,131.068806964781,0
1595876147.2138443,332.67080338659497,131.068806964781,0
1595876147.223846,334.47110207739087,131.068806964781,0
1595876147.2338445,336.27084286871167,131.068806964781,0
1595876147.2438412,338.07024033727856,131.068806964781,0
1595876147.2538412,339.8702386206648,131.068806964781,0
1595876147.2638416,341.6703227347395,131.068806964781,0
1595876147.273851,343.471994716551,131.068806964781,0
1595876147.2838392,345.2698901480696,131.068806964781,0
1595876147.2938457,347.07104714575024,131.068806964781,0
1595876147.3038425,348.8704875296614,131.068806964781,0
1595876147.3138506,350.6719449347517,131.068806964781,0
1595876147.3238425,352.47048409643384,131.068806964781,0
1595876147.3338416,354.2703107184431,131.068806964781,0
1595876147.3438408,356.07018025579663,131.068806964781,0
1595876147.353836,357.8693202322981,131.068806964781,0
1595876147.3638406,359.67013390722485,131.068806964781,0
1595876147.3656836,360,131.068806964781,1
1595876147.3656836,0,131.068806964781,0
1595876147.3751833,1.7099431342145976,131.068806964781,0
1595876147.3751833,1.1969601939502184,130.55582402451662,0
1595876148.1038496,132.3568951915088,130.55582402451662,0
1595876148.113858,134.15839551194338,130.55582402451662,0
1595876148.123852,135.95732091172366,130.55582402451662,0
1595876148.1338468,137.75637505753664,130.55582402451662,0
1595876148.1438522,139.55736039384036,130.55582402451662,0
1595876148.1538482,141.35662911637453,130.55582402451662,0
1595876148.1638494,143.15684197648196,130.55582402451662,0
1595876148.1738532,144.957526905376,130.55582402451662,0
1595876148.1838489,146.75675271256594,130.55582402451662,0
1595876148.1938558,148.55799554093508,130.55582402451662,0
1595876148.203847,150.3564059565845,130.55582402451662,0
1595876148.2138593,152.15863583787112,130.55582402451662,0
1595876148.223861,153.95893452866702,130.55582402451662,0
1595876148.2338617,155.75906155808596,130.55582402451662,0
1595876148.2438571,157.55824444993166,130.55582402451662,0
1595876148.2538612,159.35897229416994,130.55582402451662,0
1595876148.2638564,161.1581122706714,130.55582402451662,0
1595876148.2738483,162.95665143235354,130.55582402451662,0
1595876148.2838511,164.75716469987063,130.55582402451662,0
1595876148.2938492,166.55681966050295,130.55582402451662,0
1595876148.303847,168.35643170579104,130.55582402451662,0
1595876148.3138583,170.15844701035647,130.55582402451662,0
1595876148.323845,171.95604203446536,130.55582402451662,0
1595876148.3338542,173.75771401627688,130.55582402451662,0
1595876148.3438437,175.55582402451662,130.55582402451662,0
1595876148.3538606,177.35886929734377,130.55582402451662,0
1595876148.363852,179.15732262833743,130.55582402451662,0
1595876148.3738434,180.95577595933108,130.55582402451662,0
1595876148.383846,182.75624631150393,130.55582402451662,0
1595876148.3938448,184.55603001816897,130.55582402451662,0
1595876148.403846,186.3562428782764,130.55582402451662,0
1595876148.413844,188.15589783890871,130.55582402451662,0
1595876148.4238532,189.957526905376,130.55582402451662,0
1595876148.4338493,191.75683854325442,130.55582402451662,0
1595876148.4438527,193.55743764145998,130.55582402451662,0
1595876148.4538434,195.35576222642092,130.55582402451662,0
1595876148.463844,197.15588925583987,130.55582402451662,0
1595876148.4738474,198.95648835404543,130.55582402451662,0
1595876148.4838438,200.7558429072681,130.55582402451662,0
1595876148.4938595,202.55867360337405,130.55582402451662,0
1595876148.5038555,204.35794232590823,130.55582402451662,0
1595876148.5138595,206.1586701701465,130.55582402451662,0
1595876148.5238543,207.9577243159595,130.55582402451662,0
1595876148.5338578,209.7583663295093,130.55582402451662,0
1595876148.5438452,211.5560900996509,130.55582402451662,0
1595876148.5538435,213.35578797562746,130.55582402451662,0
1595876148.563858,215.15840409501223,130.55582402451662,0
1595876148.5738523,216.95737241013674,130.55582402451662,0
1595876148.5838528,218.75745652421145,130.55582402451662,0
1595876148.593846,220.556253177959,130.55582402451662,0
1595876148.6038532,222.3575389216724,130.55582402451662,0
1595876148.6138608,224.15891049607424,130.55582402451662,0
1595876148.6238475,225.95650552018313,130.55582402451662,0
1595876148.63386,227.758778316814,130.55582402451662,0
1595876148.6438482,229.5566308329883,130.55582402451662,0
1595876148.653857,231.35821698411135,130.55582402451662,0
1595876148.6638608,233.1589019130054,130.55582402451662,0
1595876148.6738508,234.95709775193362,130.55582402451662,0
1595876148.683844,236.75589440568118,130.55582402451662,0
1595876148.6938558,238.55799554093508,130.55582402451662,0
1595876148.7038536,240.35760758622317,130.55582402451662,0
1595876148.71385,242.15696213944582,130.55582402451662,0
1595876148.7238564,243.9581191371265,130.55582402451662,0
1595876148.7338564,245.75811742051272,130.55582402451662,0
1595876148.7438529,247.55747197373537,130.55582402451662,0
1595876148.7538488,249.35674069626955,130.55582402451662,0
1595876148.763859,251.15858433945803,130.55582402451662,0
1595876148.7738543,252.9577243159595,130.55582402451662,0
1595876148.7838502,254.75699303849368,130.55582402451662,0
1595876148.7938437,256.55583260758544,130.55582402451662,0
1595876148.803862,258.359135372478,130.55582402451662,0
1595876148.8138483,260.15664456589843,130.55582402451662,0
1595876148.8238456,261.95617078049804,130.55582402451662,0
1595876148.83385,263.75694154008056,130.55582402451662,0
1595876148.8438458,265.55621026261474,130.55582402451662,0
1595876148.8538558,267.358010990459,130.55582402451662,0
1595876148.8638477,269.1565501521411,130.55582402451662,0
1595876148.8738565,270.95813630326415,130.55582402451662,0
1595876148.8838487,272.7567183802905,130.55582402451662,0
1595876148.8938587,274.55851910813476,130.55582402451662,0
1595876148.9038563,276.3580882380786,130.55582402451662,0
1595876148.913855,278.15787194474365,130.55582402451662,0
1595876148.9238496,279.9568831752124,130.55582402451662,0
1595876148.9338582,281.7584264109912,130.55582402451662,0
1595876148.943855,283.55786679490234,130.55582402451662,0
1595876148.9538481,285.35662053330566,130.55582402451662,0
1595876148.9638596,287.1586787532153,130.55582402451662,0
1595876148.973852,288.95730374558593,130.55582402451662,0
1595876148.9838548,290.757817013103,130.55582402451662,0
1595876148.9938614,292.5590169261279,130.55582402451662,0
1595876149.0038607,294.35888646348144,130.55582402451662,0
1595876149.013862,296.15909932358886,130.55582402451662,0
1595876149.023853,297.9575097392383,130.55582402451662,0
1595876149.0338576,299.75832341416503,130.55582402451662,0
1595876149.0438516,301.5572488139453,130.55582402451662,0
1595876149.0538504,303.35703252061035,130.55582402451662,0
1595876149.063855,305.1578461955371,130.55582402451662,0
1595876149.0738497,306.9569003413501,130.55582402451662,0
1595876149.0838559,308.7580144236865,130.55582402451662,0
1595876149.0938451,310.556081516582,130.55582402451662,0
1595876149.1038432,312.35573647721435,130.55582402451662,0
1595876149.1138566,314.1581380198779,130.55582402451662,0
1595876149.1238475,315.9565055201831,130.55582402451662,0
1595876149.133852,317.75731919510986,130.55582402451662,0
1595876149.1438432,319.5557296107593,130.55582402451662,0
1595876149.153846,321.35624287827636,130.55582402451662,0
1595876149.1638498,323.1569278071704,130.55582402451662,0
1595876149.1738489,324.9567544291797,130.55582402451662,0
1595876149.183861,326.75894139512206,130.55582402451662,0
1595876149.1938498,328.5569226573291,130.55582402451662,0
1595876149.2038493,330.35683511002685,130.55582402451662,0
1595876149.2138448,332.15601800187255,130.55582402451662,0
1595876149.223851,333.957132084209,130.55582402451662,0
1595876149.2338545,335.7577740977588,130.55582402451662,0
1595876149.2438457,337.5561845134082,130.55582402451662,0
1595876149.2538445,339.35596822007324,130.55582402451662,0
1595876149.2638502,341.1569964717212,130.55582402451662,0
1595876149.2738554,342.95793889268066,130.55582402451662,0
1595876149.2838564,344.75810883744384,130.55582402451662,0
1595876149.293861,346.5589225123706,130.55582402451662,0
1595876149.3038483,348.3566462825122,130.55582402451662,0
1595876149.3138459,350.15621541245605,130.55582402451662,0
1595876149.3238556,351.95797322495605,130.55582402451662,0
1595876149.3338566,353.75814316971923,130.55582402451662,0
1595876149.343855,355.5578410456958,130.55582402451662,0
1595876149.3538513,357.35719559891845,130.55582402451662,0
1595876149.3638515,359.1572367976489,130.55582402451662,0
1595876149.3685493,360,130.55582402451662,1
1595876149.3685493,0,130.55582402451662,0
1595876149.3777983,1.6648232768359605,130.55582402451662,0
1595876149.3777983,1.1653762937851724,130.05637704146585,0
1595876150.1038764,131.859422314293,130.05637704146585,0
1595876150.1138594,133.6563736082383,130.05637704146585,0
1595876150.1238735,135.4589038969346,130.05637704146585,0
1595876150.133868,137.25791512740335,130.05637704146585,0
1595876150.1438606,139.0565830351182,130.05637704146585,0
1595876150.15386,140.85649548781595,130.05637704146585,0
1595876150.163872,142.6586395384141,130.05637704146585,0
1595876150.1738706,144.4583803297349,130.05637704146585,0
1595876150.1838686,146.25803529036722,130.05637704146585,0
1595876150.1938653,148.0574327589341,130.05637704146585,0
1595876150.2038693,149.8581606031724,130.05637704146585,0
1595876150.2138753,151.65923177016458,130.05637704146585,0
1595876150.2238681,153.45794259322366,130.05637704146585,0
1595876150.233878,155.25970040572366,130.05637704146585,0
1595876150.2438765,157.05944119704446,130.05637704146585,0
1595876150.253867,158.85772286666116,130.05637704146585,0
1595876150.263868,160.65793572676859,130.05637704146585,0
1595876150.2738724,162.4587064863511,130.05637704146585,0
1595876150.283868,164.25793229354105,130.05637704146585,0
1595876150.293877,166.0595184446641,130.05637704146585,0
1595876150.303864,167.85719929946146,130.05637704146585,0
1595876150.3138733,169.65887128127298,130.05637704146585,0
1595876150.323877,171.45955621016702,130.05637704146585,0
1595876150.3338768,173.25951157820901,130.05637704146585,0
1595876150.343864,175.05719243300638,130.05637704146585,0
1595876150.353871,176.85847817671976,130.05637704146585,0
1595876150.363865,178.6573606611558,130.05637704146585,0
1595876150.3738673,180.4577880979844,130.05637704146585,0
1595876150.38386,182.2564989210435,130.05637704146585,0
1595876150.393875,184.0591579557725,130.05637704146585,0
1595876150.4038675,185.85782586348734,130.05637704146585,0
1595876150.413867,187.6577383161851,130.05637704146585,0
1595876150.4238641,189.45722161544046,130.05637704146585,0
1595876150.4338686,191.25803529036722,130.05637704146585,0
1595876150.4438617,193.05678902877054,130.05637704146585,0
1595876150.4538748,194.85914765608987,130.05637704146585,0
1595876150.4638722,196.65867387068948,130.05637704146585,0
1595876150.4738612,198.45669804824075,130.05637704146585,0
1595876150.483861,200.25665341628275,130.05637704146585,0
1595876150.4938776,202.05965577376566,130.05637704146585,0
1595876150.5038753,203.8592249037095,130.05637704146585,0
1595876150.5138688,205.6580644728013,130.05637704146585,0
1595876150.5238736,207.4589210630723,130.05637704146585,0
1595876150.5338757,209.25930558455667,130.05637704146585,0
1595876150.5438693,211.05814515364847,130.05637704146585,0
1595876150.5538764,212.85943089736185,130.05637704146585,0
1595876150.563876,214.6593433500596,130.05637704146585,0
1595876150.5738688,216.45805417311868,130.05637704146585,0
1595876150.5838752,218.25921117079935,130.05637704146585,0
1595876150.5938735,220.0589090467759,130.05637704146585,0
1595876150.6038735,221.85890733016214,130.05637704146585,0
1595876150.6138701,223.65830479872903,130.05637704146585,0
1595876150.6238759,225.45933305037698,130.05637704146585,0
1595876150.6338685,227.25800095809183,130.05637704146585,0
1595876150.6438737,229.0589433790513,130.05637704146585,0
1595876150.6538703,230.8583408476182,130.05637704146585,0
1595876150.6638677,232.6578670622178,130.05637704146585,0
1595876150.6738596,234.45640622389993,130.05637704146585,0
1595876150.6838753,236.2592369200059,130.05637704146585,0
1595876150.693874,238.0589777113267,130.05637704146585,0
1595876150.703859,239.85631524337015,130.05637704146585,0
1595876150.7138605,241.6565710188218,130.05637704146585,0
1595876150.7238753,243.4592300535508,130.05637704146585,0
1595876150.7338717,245.25858460677347,130.05637704146585,0
1595876150.7438774,247.05961285842142,130.05637704146585,0
1595876150.7538667,248.85767995131692,130.05637704146585,0
1595876150.763866,250.65754948867044,130.05637704146585,0
1595876150.7738738,252.45896397841653,130.05637704146585,0
1595876150.7838597,254.2564302564927,130.05637704146585,0
1595876150.7938716,256.05857430709085,130.05637704146585,0
1595876150.8038647,257.85732804549417,130.05637704146585,0
1595876150.813869,259.6580988050767,130.05637704146585,0
1595876150.8238597,261.4564233900376,130.05637704146585,0
1595876150.833873,263.2588249327012,130.05637704146585,0
1595876150.843868,265.05792199385843,130.05637704146585,0
1595876150.8538673,266.85779153121194,130.05637704146585,0
1595876150.863869,268.65809022200784,130.05637704146585,0
1595876150.873866,270.4575735212632,130.05637704146585,0
1595876150.8838701,272.2583013655015,130.05637704146585,0
1595876150.8938615,274.05675469649515,130.05637704146585,0
1595876150.90387,275.85829793227396,130.05637704146585,0
1595876150.9138608,277.6566225172349,130.05637704146585,0
1595876150.9238646,279.45730744612894,130.05637704146585,0
1595876150.9338715,281.2585502744981,130.05637704146585,0
1595876150.943866,283.0575615049668,130.05637704146585,0
1595876150.953866,284.85755978835306,130.05637704146585,0
1595876150.9638681,286.65794430983743,130.05637704146585,0
1595876150.9738588,288.45626889479837,130.05637704146585,0
1595876150.9838688,290.2580696226426,130.05637704146585,0
1595876150.9938588,292.05626546157083,130.05637704146585,0
1595876151.0038676,293.8578516126939,130.05637704146585,0
1595876151.013863,295.6570345045396,130.05637704146585,0
1595876151.0238767,297.4594789625474,130.05637704146585,0
1595876151.033865,299.25737439406595,130.05637704146585,0
1595876151.0438724,301.05870305312357,130.05637704146585,0
1595876151.0538766,302.8594738127061,130.05637704146585,0
1595876151.0638616,304.6567684294053,130.05637704146585,0
1595876151.0738728,306.45878373397073,130.05637704146585,0
1595876151.0838604,308.2565504194566,130.05637704146585,0
1595876151.0938659,310.0575357557603,130.05637704146585,0
1595876151.103861,311.85667573226175,130.05637704146585,0
1595876151.1138647,313.65731774581155,130.05637704146585,0
1595876151.1238682,315.45795975936136,130.05637704146585,0
1595876151.1338754,317.25924550307474,130.05637704146585,0
1595876151.1438763,319.0594154478379,130.05637704146585,0
1595876151.1538749,320.8591562391587,130.05637704146585,0
1595876151.163865,322.6573949934312,130.05637704146585,0
1595876151.1738591,324.45632039321146,130.05637704146585,0
1595876151.1838765,326.2594514967271,130.05637704146585,0
1595876151.1938686,328.05803357375345,130.05637704146585,0
1595876151.2038615,329.85674439681253,130.05637704146585,0
1595876151.2138705,331.6583734632798,130.05637704146585,0
1595876151.2238624,333.45691262496194,130.05637704146585,0
1595876151.2338703,335.25832711470804,130.05637704146585,0
1595876151.2438626,337.05695210707864,130.05637704146585,0
1595876151.2538753,338.8592249037095,130.05637704146585,0
1595876151.263866,340.65754948867044,130.05637704146585,0
