Timestamp,Phase,Heading,Ping?
1596032531.0000927,130.0,130.0,0
1596032531.0101173,131.80317401885986,130.0,0
1596032531.020122,133.60403060913086,130.0,0
1596032531.0301118,135.40218353271484,130.0,0
1596032531.0401118,137.20218181610107,130.0,0
1596032531.0501099,139.0018367767334,130.0,0
1596032531.0601041,140.8008050918579,130.0,0
1596032531.0701163,142.6029920578003,130.0,0
1596032531.0801203,144.40371990203857,130.0,0
1596032531.090112,146.20221614837646,130.0,0
1596032531.1001022,148.00045490264893,130.0,0
1596032531.110119,149.80350017547607,130.0,0
1596032531.120101,151.6002368927002,130.0,0
1596032531.1301045,153.40087890625,130.0,0
1596032531.1401064,155.20122051239014,130.0,0
1596032531.1501052,157.00100421905518,130.0,0
1596032531.1601186,158.80340576171875,130.0,0
1596032531.1701045,160.60087203979492,130.0,0
1596032531.180112,162.40220069885254,130.0,0
1596032531.1901147,164.20271396636963,130.0,0
1596032531.2001085,166.00159645080566,130.0,0
1596032531.2101147,167.8027105331421,130.0,0
1596032531.2201004,169.60013389587402,130.0,0
1596032531.2301195,171.40356540679932,130.0,0
1596032531.2401175,173.20322036743164,130.0,0
1596032531.250105,175.00094413757324,130.0,0
1596032531.260105,176.80094242095947,130.0,0
1596032531.2701097,178.60179901123047,130.0,0
1596032531.2801154,180.40282726287842,130.0,0
1596032531.2901042,182.20080852508545,130.0,0
1596032531.3001103,184.00192260742188,130.0,0
1596032531.3101096,185.8017921447754,130.0,0
1596032531.320118,187.60329246520996,130.0,0
1596032531.3301156,189.4028615951538,130.0,0
1596032531.3401144,191.20264530181885,130.0,0
1596032531.3501143,193.00264358520508,130.0,0
1596032531.3601027,194.80053901672363,130.0,0
1596032531.3701081,196.60152435302734,130.0,0
1596032531.3801155,198.40285301208496,130.0,0
1596032531.3901064,200.20122051239014,130.0,0
1596032531.4001048,202.0009183883667,130.0,0
1596032531.4101074,203.80138874053955,130.0,0
1596032531.4201043,205.60082912445068,130.0,0
1596032531.4301202,207.40370273590088,130.0,0
1596032531.44011,209.20185565948486,130.0,0
1596032531.450106,211.00112438201904,130.0,0
1596032531.4601026,212.80052185058594,130.0,0
1596032531.4701085,214.60159301757812,130.0,0
1596032531.4801173,216.40317916870117,130.0,0
1596032531.4901166,218.2030487060547,130.0,0
1596032531.5000997,220.0,130.0,0
1596032531.5101025,221.8005132675171,130.0,0
1596032531.5201051,223.60098361968994,130.0,0
1596032531.5301044,225.40085315704346,130.0,0
1596032531.5401125,227.2023105621338,130.0,0
1596032531.5501163,229.00299549102783,130.0,0
1596032531.5601048,230.80093383789062,130.0,0
1596032531.5701213,232.6038932800293,130.0,0
1596032531.5801015,234.40032958984375,130.0,0
1596032531.5901175,236.20320320129395,130.0,0
1596032531.600103,238.00058364868164,130.0,0
1596032531.610102,239.80041027069092,130.0,0
1596032531.6201022,241.6004514694214,130.0,0
1596032531.6301062,243.40117931365967,130.0,0
1596032531.640101,245.20023345947266,130.0,0
1596032531.6501129,247.0023775100708,130.0,0
1596032531.660103,248.80061626434326,130.0,0
1596032531.6701143,250.6026315689087,130.0,0
1596032531.680121,252.4038314819336,130.0,0
1596032531.6901171,254.203143119812,130.0,0
1596032531.700114,256.00258350372314,130.0,0
1596032531.7101097,257.8018093109131,130.0,0
1596032531.7201188,259.60343837738037,130.0,0
1596032531.7301068,261.4012908935547,130.0,0
1596032531.7401187,263.20343494415283,130.0,0
1596032531.7501009,265.0002145767212,130.0,0
1596032531.7601106,266.8019723892212,130.0,0
1596032531.7701025,268.6005115509033,130.0,0
1596032531.7801178,270.4032564163208,130.0,0
1596032531.7901084,272.20158100128174,130.0,0
1596032531.8001094,274.0017509460449,130.0,0
1596032531.8101056,275.80106258392334,130.0,0
1596032531.8200994,277.5999450683594,130.0,0
1596032531.8301153,279.40281867980957,130.0,0
1596032531.8401086,281.20161533355713,130.0,0
1596032531.8501146,283.0026865005493,130.0,0
1596032531.8601,284.800066947937,130.0,0
1596032531.870109,286.6016960144043,130.0,0
1596032531.8801029,288.40057849884033,130.0,0
1596032531.8901014,290.20031929016113,130.0,0
1596032531.9001114,292.00212001800537,130.0,0
1596032531.910111,293.8020324707031,130.0,0
1596032531.9201179,295.60327529907227,130.0,0
1596032531.9300988,297.39984035491943,130.0,0
1596032531.9401016,299.2003536224365,130.0,0
1596032531.9501195,301.0035705566406,130.0,0
1596032531.9601145,302.80266761779785,130.0,0
1596032531.9701202,304.6036958694458,130.0,0
1596032531.9801056,306.4010763168335,130.0,0
1596032531.9901068,308.2012891769409,130.0,0
1596032532.000108,310.00150203704834,130.0,0
1596032532.0101156,311.8028736114502,130.0,0
1596032532.02011,313.6018419265747,130.0,0
1596032532.0301104,315.4019260406494,130.0,0
1596032532.040103,317.20059394836426,130.0,0
1596032532.0501144,319.0026521682739,130.0,0
1596032532.0601048,320.8009338378906,130.0,0
1596032532.070121,322.60385036468506,130.0,0
1596032532.08012,324.40367698669434,130.0,0
1596032532.0901132,326.20243072509766,130.0,0
1596032532.1001084,328.0015707015991,130.0,0
1596032532.1101184,329.80337142944336,130.0,0
1596032532.1201067,331.6012668609619,130.0,0
1596032532.1301105,333.40195178985596,130.0,0
1596032532.1401048,335.20092010498047,130.0,0
1596032532.1501122,337.0022487640381,130.0,0
1596032532.1601028,338.800573348999,130.0,0
1596032532.1701128,340.60237407684326,130.0,0
1596032532.1801195,342.40357398986816,130.0,0
1596032532.1901166,344.20305728912354,130.0,0
1596032532.20012,346.0036563873291,130.0,0
1596032532.2101068,347.8012943267822,130.0,0
1596032532.2201114,349.602108001709,130.0,0
1596032532.230105,351.4009475708008,130.0,0
1596032532.2401047,353.2009029388428,130.0,0
1596032532.2500985,354.9997854232788,130.0,0
1596032532.2601194,356.803560256958,130.0,0
1596032532.270106,358.6011552810669,130.0,0
1596032532.2778857,360,130.0,1
1596032532.2801123,360.4022693634033,130.0,0
1596032532.2901134,362.20248222351074,130.0,0
1596032532.3001118,364.0021800994873,130.0,0
1596032532.3101194,365.80355167388916,130.0,0
1596032532.3201036,367.60071754455566,130.0,0
1596032532.330114,369.40256118774414,130.0,0
1596032532.340117,371.20311737060547,130.0,0
1596032532.3436017,371.8303680419922,130.0,0
1596032532.3436017,454.54911041259766,130.0,0
1596032532.3501039,455.71949768066406,130.0,0
1596032532.3601081,457.5202684402466,130.0,0
1596032532.3637207,458.170521736145,130.0,0
1596032532.3637207,480.4511565208435,130.0,0
1596032532.370103,481.59995737075803,130.0,0
1596032532.3801186,483.402788066864,130.0,0
1596032532.3901079,485.2008551597595,130.0,0
1596032532.40011,487.0012396812439,130.0,0
1596032532.410101,488.79960718154905,130.0,0
1596032532.4201062,490.6005496025085,130.0,0
1596032532.4301102,492.4012774467468,130.0,0
1596032532.4401097,494.20118989944456,130.0,0
1596032532.450104,496.00015821456907,130.0,0
1596032532.4601052,497.8003710746765,130.0,0
1596032532.470102,499.5998114585876,130.0,0
1596032532.4801092,501.401097202301,130.0,0
1596032532.4901097,503.2011813163757,130.0,0
1596032532.5001073,505.00075044631956,130.0,0
1596032532.5101125,506.80169286727903,130.0,0
1596032532.5201182,508.602721118927,130.0,0
1596032532.5301008,510.3995865821838,130.0,0
1596032532.5401015,512.1997136116028,130.0,0
1596032532.550112,514.0016001701355,130.0,0
1596032532.5601041,515.8001822471618,130.0,0
1596032532.5701082,517.6009100914001,130.0,0
1596032532.5801063,519.4005650520324,130.0,0
1596032532.5901144,521.2020224571228,130.0,0
1596032532.6001008,522.9995745658874,130.0,0
1596032532.6100984,524.7991436958313,130.0,0
1596032532.620103,526.599957370758,130.0,0
1596032532.6301048,528.4002989768982,130.0,0
1596032532.6400986,530.1991814613342,130.0,0
1596032532.6501195,532.0029562950134,130.0,0
1596032532.6601162,533.8023537635803,130.0,0
1596032532.6701005,535.5995196342468,130.0,0
1596032532.6801116,537.4015349388122,130.0,0
1596032532.6901174,539.2025631904602,130.0,0
1596032532.7001107,541.0013598442077,130.0,0
1596032532.7101188,542.8028172492981,130.0,0
1596032532.7201095,544.601141834259,130.0,0
1596032532.7301085,546.4009684562683,130.0,0
1596032532.7401135,548.2018679618835,130.0,0
1596032532.7501059,550.0004929542541,130.0,0
1596032532.7601202,551.8030661582947,130.0,0
1596032532.7701051,553.6003607749939,130.0,0
1596032532.7801058,555.4004878044128,130.0,0
1596032532.7901015,557.1997136116028,130.0,0
1596032532.8001072,559.0007418632507,130.0,0
1596032532.8101175,560.8025855064392,130.0,0
1596032532.8201096,562.6011675834656,130.0,0
1596032532.8301115,564.4015091896057,130.0,0
1596032532.8400989,566.1992329597473,130.0,0
1596032532.8501074,568.0007761955261,130.0,0
1596032532.8601046,569.8002594947815,130.0,0
1596032532.8701015,571.5996998786926,130.0,0
1596032532.8800998,573.3993977546692,130.0,0
1596032532.890098,575.1990956306457,130.0,0
1596032532.9001126,577.0017117500305,130.0,0
1596032532.910117,578.802482509613,130.0,0
1596032532.920101,580.5996054649353,130.0,0
1596032532.9301147,582.4020928382873,130.0,0
1596032532.9401145,584.2020482063293,130.0,0
1596032532.950117,586.0025185585022,130.0,0
1596032532.9600983,587.7991265296936,130.0,0
1596032532.9701095,589.601141834259,130.0,0
1596032532.980115,591.4021271705627,130.0,0
1596032532.9901075,593.2007950782776,130.0,0
1596032533.000104,595.0001496315002,130.0,0
1596032533.000104,0,130.0,0
1596032533.010123,131.8034315109253,130.0,0
1596032533.0201142,133.6018419265747,130.0,0
1596032533.0301151,135.4020118713379,130.0,0
1596032533.0401142,137.20183849334717,130.0,0
1596032533.050105,139.00020599365234,130.0,0
1596032533.060111,140.80127716064453,130.0,0
1596032533.0701094,142.6009750366211,130.0,0
1596032533.0801115,144.40135955810547,130.0,0
1596032533.0901072,146.2005853652954,130.0,0
1596032533.1001053,148.00024032592773,130.0,0
1596032533.110105,149.80019569396973,130.0,0
1596032533.1201239,151.60358428955078,130.0,0
1596032533.1301174,153.40242385864258,130.0,0
1596032533.1401057,155.20031929016113,130.0,0
1596032533.1501126,157.00156211853027,130.0,0
1596032533.160104,158.80001544952393,130.0,0
1596032533.1701074,160.6006145477295,130.0,0
1596032533.1801145,162.40190029144287,130.0,0
1596032533.1901243,164.20365810394287,130.0,0
1596032533.200115,166.0019826889038,130.0,0
1596032533.2101123,167.80150890350342,130.0,0
1596032533.2201095,169.6009922027588,130.0,0
1596032533.230123,171.4034366607666,130.0,0
1596032533.240118,173.20253372192383,130.0,0
1596032533.250114,175.001802444458,130.0,0
1596032533.2601068,176.8005132675171,130.0,0
1596032533.2701237,178.60355854034424,130.0,0
1596032533.2801068,180.40050983428955,130.0,0
1596032533.2901177,182.20248222351074,130.0,0
1596032533.3001204,184.0029525756836,130.0,0
1596032533.310117,185.8023500442505,130.0,0
1596032533.3201077,187.60067462921143,130.0,0
1596032533.3301165,189.40226078033447,130.0,0
1596032533.340113,191.20161533355713,130.0,0
1596032533.3501244,193.0036735534668,130.0,0
1596032533.360118,194.8025131225586,130.0,0
1596032533.3701143,196.60186767578125,130.0,0
1596032533.3801136,198.40173721313477,130.0,0
1596032533.3901184,200.20259380340576,130.0,0
1596032533.4001207,202.00302124023438,130.0,0
1596032533.4101045,203.8001012802124,130.0,0
1596032533.4201047,205.60014247894287,130.0,0
1596032533.43011,207.40108489990234,130.0,0
1596032533.440122,209.2032289505005,130.0,0
1596032533.4501064,211.00043773651123,130.0,0
1596032533.4601183,212.80258178710938,130.0,0
1596032533.4701095,214.6009922027588,130.0,0
1596032533.4801123,216.40150547027588,130.0,0
1596032533.4901059,218.20034503936768,130.0,0
1596032533.500125,220.00377655029297,130.0,0
1596032533.5101056,221.8002986907959,130.0,0
1596032533.5201101,223.60111236572266,130.0,0
1596032533.5301075,225.40063858032227,130.0,0
1596032533.5401092,227.20093727111816,130.0,0
1596032533.55011,229.00110721588135,130.0,0
1596032533.5601194,230.80277919769287,130.0,0
1596032533.5701187,232.6026487350464,130.0,0
1596032533.5801055,234.4002866744995,130.0,0
1596032533.5901074,236.20062828063965,130.0,0
1596032533.6001146,238.00191402435303,130.0,0
1596032533.6101162,239.80221271514893,130.0,0
1596032533.6201136,241.60173892974854,130.0,0
1596032533.6301067,243.40049266815186,130.0,0
1596032533.6401231,245.20345211029053,130.0,0
1596032533.650124,247.0036220550537,130.0,0
1596032533.6601188,248.8026762008667,130.0,0
1596032533.6701155,250.6020736694336,130.0,0
1596032533.680115,252.40198612213135,130.0,0
1596032533.690116,254.20215606689453,130.0,0
1596032533.7001238,256.0035705566406,130.0,0
1596032533.7101035,257.7999210357666,130.0,0
1596032533.7201078,259.6006917953491,130.0,0
1596032533.730104,261.40000343322754,130.0,0
1596032533.7401102,263.20111751556396,130.0,0
1596032533.7501166,265.00227451324463,130.0,0
1596032533.760112,266.80145740509033,130.0,0
1596032533.7701151,268.60201358795166,130.0,0
1596032533.7801201,270.4029130935669,130.0,0
1596032533.7901216,272.20316886901855,130.0,0
1596032533.8001142,274.0018367767334,130.0,0
1596032533.8101091,275.8009338378906,130.0,0
1596032533.820121,277.60307788848877,130.0,0
1596032533.8301075,279.4006299972534,130.0,0
1596032533.8401248,281.20376110076904,130.0,0
1596032533.8501198,283.00285816192627,130.0,0
1596032533.860116,284.8021697998047,130.0,0
1596032533.8701186,286.60264015197754,130.0,0
1596032533.880105,288.4001922607422,130.0,0
1596032533.8901117,290.2013921737671,130.0,0
1596032533.9001224,292.00332164764404,130.0,0
1596032533.9101064,293.8004446029663,130.0,0
1596032533.9201076,295.60065746307373,130.0,0
1596032533.9301033,297.3998832702637,130.0,0
1596032533.940125,299.2037868499756,130.0,0
1596032533.9501202,301.00292682647705,130.0,0
1596032533.9601252,302.8038263320923,130.0,0
1596032533.9701192,304.60275173187256,130.0,0
1596032533.9801037,306.3999605178833,130.0,0
1596032533.9901178,308.2024908065796,130.0,0
1596032534.0001092,310.00094413757324,130.0,0
1596032534.0101106,311.8011999130249,130.0,0
1596032534.0201156,313.60209941864014,130.0,0
1596032534.0301158,315.4021406173706,130.0,0
1596032534.0401201,317.2029113769531,130.0,0
1596032534.0501125,319.00153636932373,130.0,0
1596032534.060104,320.7999897003174,130.0,0
1596032534.0701234,322.60350704193115,130.0,0
1596032534.0801084,324.40080165863037,130.0,0
1596032534.0901165,326.2022590637207,130.0,0
1596032534.1001225,328.0033302307129,130.0,0
1596032534.1101072,329.80058193206787,130.0,0
1596032534.120105,331.60019397735596,130.0,0
1596032534.1301055,333.40027809143066,130.0,0
1596032534.1401088,335.20087718963623,130.0,0
1596032534.1501245,337.0037078857422,130.0,0
1596032534.160103,338.799843788147,130.0,0
1596032534.1701062,340.6003999710083,130.0,0
1596032534.1801057,342.40031242370605,130.0,0
1596032534.1901186,344.20262813568115,130.0,0
1596032534.2001033,345.99987983703613,130.0,0
1596032534.2101107,347.80120849609375,130.0,0
1596032534.220115,349.60197925567627,130.0,0
1596032534.230113,351.4016342163086,130.0,0
1596032534.2401218,353.20322036743164,130.0,0
1596032534.25012,355.00287532806396,130.0,0
1596032534.2601185,356.80261611938477,130.0,0
1596032534.270122,358.60325813293457,130.0,0
1596032534.2778847,360,130.0,1
1596032534.2801092,360.40093898773193,130.0,0
1596032534.2901075,362.2006368637085,130.0,0
1596032534.3001034,363.9999055862427,130.0,0
1596032534.3063147,365.1179361343384,130.0,0
1596032534.3063147,452.5353808403015,130.0,0
1596032534.3101063,453.2178635597229,130.0,0
1596032534.3139422,453.9083285331726,130.0,0
1596032534.3139422,479.1724985599518,130.0,0
1596032534.3201134,480.2833193302155,130.0,0
1596032534.3301044,482.08168683052065,130.0,0
1596032534.3401241,483.88524708747866,130.0,0
1596032534.3501096,485.68262753486636,130.0,0
1596032534.3601162,487.48382744789126,130.0,0
1596032534.3701127,489.2831820011139,130.0,0
1596032534.3801153,491.08365235328677,130.0,0
1596032534.3901086,492.8824490070343,130.0,0
1596032534.400109,494.68253312110903,130.0,0
1596032534.4101152,496.48364720344546,130.0,0
1596032534.4201167,498.2839029788971,130.0,0
1596032534.4301057,500.0819271564484,130.0,0
1596032534.440122,501.8848436832428,130.0,0
1596032534.4501243,503.68527112007143,130.0,0
1596032534.4601028,505.4814070224762,130.0,0
1596032534.4701064,507.282049036026,130.0,0
1596032534.4801216,509.0847939014435,130.0,0
1596032534.490122,510.8848780155182,130.0,0
1596032534.5001225,512.6849621295929,130.0,0
1596032534.5101073,514.4822138309479,130.0,0
1596032534.5201137,516.2833708286286,130.0,0
1596032534.530105,518.0818241596222,130.0,0
1596032534.5401173,519.8840111255646,130.0,0
1596032534.550106,521.6819923877716,130.0,0
1596032534.5601172,523.4840076923371,130.0,0
1596032534.570105,525.2818172931671,130.0,0
1596032534.5801039,527.0816009998322,130.0,0
1596032534.5901043,528.8816851139069,130.0,0
1596032534.6001174,530.6840437412262,130.0,0
1596032534.6101243,532.4852865695954,130.0,0
1596032534.6201046,534.2817228794098,130.0,0
1596032534.6301208,536.0846394062042,130.0,0
1596032534.6401231,537.8850668430329,130.0,0
1596032534.6501205,539.6845930576325,130.0,0
1596032534.6601043,541.4816730976105,130.0,0
1596032534.6701033,543.2814997196198,130.0,0
1596032534.6801178,545.0841158390045,130.0,0
1596032534.6901228,546.8850153446198,130.0,0
1596032534.7001076,548.6822670459748,130.0,0
1596032534.7101166,550.483896112442,130.0,0
1596032534.7201185,552.2842377185822,130.0,0
1596032534.7301066,554.0820902347565,130.0,0
1596032534.7401237,555.8851784229279,130.0,0
1596032534.7501025,557.6813572406769,130.0,0
1596032534.760115,559.4835871219635,130.0,0
1596032534.7701025,561.2813538074494,130.0,0
1596032534.7801094,563.0825966358185,130.0,0
1596032534.7901049,564.8817795276642,130.0,0
1596032534.8001113,566.6829365253449,130.0,0
1596032534.8101127,568.4831923007965,130.0,0
1596032534.8201098,570.2826756000519,130.0,0
1596032534.8301144,572.0834892749787,130.0,0
1596032534.8401053,573.8818567752838,130.0,0
1596032534.8501227,575.6849878787995,130.0,0
1596032534.86012,577.4845140933991,130.0,0
1596032534.8701034,579.2815083026886,130.0,0
1596032534.880112,581.0830515384674,130.0,0
1596032534.890118,582.8841227054596,130.0,0
1596032534.9001067,584.6821039676666,130.0,0
1596032534.9101236,586.4851492404938,130.0,0
1596032534.9201202,588.2845467090607,130.0,0
1596032534.9301105,590.0827854633332,130.0,0
1596032534.9401164,591.8838566303253,130.0,0
1596032534.9501052,593.6818378925324,130.0,0
1596032534.960112,595.4830807209015,130.0,0
1596032534.9701025,597.2813623905182,130.0,0
1596032534.98011,599.0826910495758,130.0,0
1596032534.9901223,600.8849209308624,130.0,0
1596032535.0001109,602.6828592777252,130.0,0
1596032535.0001109,0,130.0,0
1596032535.010132,131.80381774902344,130.0,0
1596032535.0201228,133.60214233398438,130.0,0
1596032535.0301256,135.40265560150146,130.0,0
1596032535.0401154,137.20080852508545,130.0,0
1596032535.0501194,139.00153636932373,130.0,0
1596032535.060124,140.8023500442505,130.0,0
1596032535.0701132,142.600417137146,130.0,0
1596032535.080112,144.40020084381104,130.0,0
1596032535.0901208,146.20178699493408,130.0,0
1596032535.100123,148.00217151641846,130.0,0
1596032535.1101155,149.8008394241333,130.0,0
1596032535.1201296,151.6033697128296,130.0,0
1596032535.1301172,153.40113639831543,130.0,0
1596032535.1401112,155.2000617980957,130.0,0
1596032535.1501276,157.00302124023438,130.0,0
1596032535.160123,158.80220413208008,130.0,0
1596032535.1701221,160.60203075408936,130.0,0
1596032535.1801267,162.4028444290161,130.0,0
1596032535.1901307,164.2035722732544,130.0,0
1596032535.2001152,166.00078105926514,130.0,0
1596032535.2101312,167.80365467071533,130.0,0
1596032535.2201123,169.60026264190674,130.0,0
1596032535.2301197,171.40159130096436,130.0,0
1596032535.2401187,173.20141792297363,130.0,0
1596032535.2501214,175.00188827514648,130.0,0
1596032535.2601182,176.80132865905762,130.0,0
1596032535.2701128,178.60033988952637,130.0,0
1596032535.2801197,180.4015827178955,130.0,0
1596032535.2901113,182.2000789642334,130.0,0
1596032535.300111,184.0000343322754,130.0,0
1596032535.3101208,185.8017921447754,130.0,0
1596032535.3201194,187.6015329360962,130.0,0
1596032535.3301167,189.4010591506958,130.0,0
1596032535.3401182,191.20131492614746,130.0,0
1596032535.350113,193.00036907196045,130.0,0
1596032535.3601255,194.8026418685913,130.0,0
1596032535.370116,196.600923538208,130.0,0
1596032535.3801265,198.40281009674072,130.0,0
1596032535.3901238,200.20233631134033,130.0,0
1596032535.4001157,202.00087547302246,130.0,0
1596032535.4101126,203.8003158569336,130.0,0
1596032535.4201193,205.6015157699585,130.0,0
1596032535.4301267,207.4028444290161,130.0,0
1596032535.4401104,209.19992446899414,130.0,0
1596032535.45013,211.0034418106079,130.0,0
1596032535.4601142,212.8006076812744,130.0,0
1596032535.4701154,214.60082054138184,130.0,0
1596032535.4801211,216.40184879302979,130.0,0
1596032535.4901211,218.20184707641602,130.0,0
1596032535.5001113,220.00008583068848,130.0,0
1596032535.5101113,221.8000841140747,130.0,0
1596032535.5201278,223.60304355621338,130.0,0
1596032535.5301173,225.40115356445312,130.0,0
1596032535.540128,227.20308303833008,130.0,0
1596032535.550115,229.00076389312744,130.0,0
1596032535.5601103,230.7999038696289,130.0,0
1596032535.5701187,232.60140419006348,130.0,0
1596032535.5801268,234.4028615951538,130.0,0
1596032535.5901263,236.20277404785156,130.0,0
1596032535.600114,238.00058364868164,130.0,0
1596032535.610117,239.80109691619873,130.0,0
1596032535.6201138,241.60053730010986,130.0,0
1596032535.6301246,243.40246677398682,130.0,0
1596032535.6401117,245.20014762878418,130.0,0
1596032535.6501215,247.00190544128418,130.0,0
1596032535.6601324,248.80387783050537,130.0,0
1596032535.6701195,250.60155868530273,130.0,0
1596032535.6801314,252.40370273590088,130.0,0
1596032535.6901143,254.20061111450195,130.0,0
1596032535.7001102,255.99987983703613,130.0,0
1596032535.7101157,257.80086517333984,130.0,0
1596032535.7201262,259.60275173187256,130.0,0
1596032535.7301238,261.4023208618164,130.0,0
1596032535.7401116,263.2001304626465,130.0,0
1596032535.7501144,265.0006437301636,130.0,0
1596032535.7601314,266.8036890029907,130.0,0
1596032535.7701204,268.601713180542,130.0,0
1596032535.7801201,270.401668548584,130.0,0
1596032535.7901282,272.2031259536743,130.0,0
1596032535.8001113,274.00007724761963,130.0,0
1596032535.8101175,275.80119132995605,130.0,0
1596032535.8201249,277.6025199890137,130.0,0
1596032535.8301208,279.40178871154785,130.0,0
1596032535.840121,281.2018299102783,130.0,0
1596032535.8501227,283.0021286010742,130.0,0
1596032535.860127,284.80289936065674,130.0,0
1596032535.8701146,286.6006660461426,130.0,0
1596032535.8801322,288.40384006500244,130.0,0
1596032535.8901207,290.20177841186523,130.0,0
1596032535.900132,292.00379371643066,130.0,0
1596032535.9101293,293.8033199310303,130.0,0
1596032535.9201288,295.603232383728,130.0,0
1596032535.9301138,297.40052700042725,130.0,0
1596032535.9401107,299.1999673843384,130.0,0
1596032535.9501123,301.0002660751343,130.0,0
1596032535.96013,302.80344009399414,130.0,0
1596032535.9701278,304.6030521392822,130.0,0
1596032535.980129,306.40326499938965,130.0,0
1596032535.9901292,308.2033061981201,130.0,0
1596032536.0001192,310.00150203704834,130.0,0
1596032536.0101311,311.8036460876465,130.0,0
1596032536.0201159,313.60089778900146,130.0,0
1596032536.030119,315.4014539718628,130.0,0
1596032536.0401294,317.2033405303955,130.0,0
1596032536.050123,319.0021800994873,130.0,0
1596032536.0601175,320.80119132995605,130.0,0
1596032536.070122,322.6020050048828,130.0,0
1596032536.0801198,324.4016170501709,130.0,0
1596032536.090123,326.2021732330322,130.0,0
1596032536.100126,328.00272941589355,130.0,0
1596032536.110124,329.8023843765259,130.0,0
1596032536.1201203,331.6016960144043,130.0,0
1596032536.1301184,333.4013509750366,130.0,0
1596032536.1401138,335.2005338668823,130.0,0
1596032536.1501226,337.00212001800537,130.0,0
1596032536.1601262,338.8027620315552,130.0,0
1596032536.170124,340.60237407684326,130.0,0
1596032536.180125,342.40254402160645,130.0,0
1596032536.1901104,344.19992446899414,130.0,0
1596032536.200127,346.0028839111328,130.0,0
1596032536.2101169,347.80107975006104,130.0,0
1596032536.2201288,349.6032238006592,130.0,0
1596032536.2301278,351.40305042266846,130.0,0
1596032536.2401175,353.20120334625244,130.0,0
1596032536.250127,355.0029182434082,130.0,0
1596032536.2601142,356.80059909820557,130.0,0
1596032536.2701218,358.6019706726074,130.0,0
1596032536.2779086,360,130.0,1
1596032536.2801187,360.40141105651855,130.0,0
1596032536.2901237,362.2023105621338,130.0,0
1596032536.296554,363.3597803115845,130.0,0
1596032536.296554,452.00793409347534,130.0,0
1596032536.3001194,452.6496901512146,130.0,0
1596032536.310126,454.4508900642395,130.0,0
1596032536.3201227,456.2502875328064,130.0,0
1596032536.322905,456.75110960006714,130.0,0
1596032536.322905,480.02533288002013,130.0,0
1596032536.3301253,481.32498116493224,130.0,0
1596032536.3401237,483.1246790409088,130.0,0
1596032536.3501213,484.92424817085265,130.0,0
1596032536.3601189,486.7238173007965,130.0,0
1596032536.370124,488.52475972175597,130.0,0
1596032536.3801115,490.3224834918976,130.0,0
1596032536.390127,492.1252712726593,130.0,0
1596032536.40011,493.9222225666046,130.0,0
1596032536.4101284,495.7255253314972,130.0,0
1596032536.420117,497.52346367836,130.0,0
1596032536.4301097,499.32217450141906,130.0,0
1596032536.440123,501.12457604408263,130.0,0
1596032536.4501154,502.92320103645324,130.0,0
1596032536.460126,504.72508759498595,130.0,0
1596032536.4701245,506.52482838630675,130.0,0
1596032536.4801207,508.32414002418517,130.0,0
1596032536.490117,510.1234945774078,130.0,0
1596032536.5001144,511.92302079200743,130.0,0
1596032536.5101135,513.7228474140168,130.0,0
1596032536.5201285,515.52554936409,130.0,0
1596032536.5301228,517.3245176792145,130.0,0
1596032536.540118,519.123657655716,130.0,0
1596032536.5501168,520.923441362381,130.0,0
1596032536.5601196,522.7239546298981,130.0,0
1596032536.570128,524.5254549503327,130.0,0
1596032536.5801227,526.3245090961457,130.0,0
1596032536.590115,528.1231340885163,130.0,0
1596032536.600125,529.9249348163605,130.0,0
1596032536.6101134,531.7228302478791,130.0,0
1596032536.620111,533.5223993778229,130.0,0
1596032536.6301312,535.3260454654694,130.0,0
1596032536.6401188,537.1238121509552,130.0,0
1596032536.6501234,538.924625825882,130.0,0
1596032536.660123,540.724581193924,130.0,0
1596032536.6701202,542.5240644931794,130.0,0
1596032536.680121,544.3241915225983,130.0,0
1596032536.6901171,546.1235031604767,130.0,0
1596032536.7001324,547.9262480258942,130.0,0
1596032536.7101247,549.7248730182648,130.0,0
1596032536.7201204,551.5240988254548,130.0,0
1596032536.7301238,553.3246979236603,130.0,0
1596032536.7401161,555.1233229160309,130.0,0
1596032536.7501092,556.9220766544342,130.0,0
1596032536.760115,558.7231049060822,130.0,0
1596032536.7701292,560.5256781101227,130.0,0
1596032536.7801175,562.3235735416413,130.0,0
1596032536.7901318,564.1261467456818,130.0,0
1596032536.8001187,565.9237846851349,130.0,0
1596032536.810127,567.7252850055695,130.0,0
1596032536.8201203,569.5240816593171,130.0,0
1596032536.8301284,571.3255390644074,130.0,0
1596032536.840118,573.1236490726471,130.0,0
1596032536.8501103,574.9222740650177,130.0,0
1596032536.8601308,576.7259630680085,130.0,0
1596032536.8701282,578.5254892826081,130.0,0
1596032536.8801243,580.3248009204865,130.0,0
1596032536.8901267,582.1252283573151,130.0,0
1596032536.900113,583.9227804660798,130.0,0
1596032536.910125,585.7249245166779,130.0,0
1596032536.9201107,587.5223478794098,130.0,0
1596032536.930121,589.3241915225983,130.0,0
1596032536.9401128,591.1227306842804,130.0,0
1596032536.9501243,592.9247889041901,130.0,0
1596032536.9601188,594.7238001346589,130.0,0
1596032536.9701304,596.5259012699128,130.0,0
1596032536.9801128,598.3227238178254,130.0,0
1596032536.990129,600.1256403446198,130.0,0
1596032537.0001261,601.9251236438752,130.0,0
1596032537.0001261,0,130.0,0
1596032537.0101357,131.80171489715576,130.0,0
1596032537.0201375,133.6020565032959,130.0,0
1596032537.0301375,135.40205478668213,130.0,0
1596032537.0401332,137.20128059387207,130.0,0
1596032537.0501354,139.00166511535645,130.0,0
1596032537.0601373,140.80200672149658,130.0,0
1596032537.0701382,142.60217666625977,130.0,0
1596032537.0801299,144.40067291259766,130.0,0
1596032537.0901465,146.20367527008057,130.0,0
1596032537.1001284,148.0004119873047,130.0,0
1596032537.1101363,149.80182647705078,130.0,0
1596032537.1201298,151.60066604614258,130.0,0
1596032537.1301386,153.40225219726562,130.0,0
1596032537.140142,155.2028512954712,130.0,0
1596032537.15013,157.0007038116455,130.0,0
1596032537.1601455,158.80349159240723,130.0,0
1596032537.1701415,160.6027603149414,130.0,0
1596032537.1801307,162.4008274078369,130.0,0
1596032537.1901464,164.20365810394287,130.0,0
1596032537.2001474,166.00382804870605,130.0,0
1596032537.210139,167.80232429504395,130.0,0
1596032537.220146,169.6035671234131,130.0,0
1596032537.230139,171.4023208618164,130.0,0
1596032537.2401366,173.20188999176025,130.0,0
1596032537.2501473,175.0038194656372,130.0,0
1596032537.2601469,176.80373191833496,130.0,0
1596032537.2701275,178.6002540588379,130.0,0
1596032537.2801318,180.4010248184204,130.0,0
1596032537.2901447,182.2033405303955,130.0,0
1596032537.3001478,184.00389671325684,130.0,0
1596032537.3101392,185.8023500442505,130.0,0
1596032537.3201447,187.6033353805542,130.0,0
1596032537.3301408,189.40264701843262,130.0,0
1596032537.340142,191.20285987854004,130.0,0
1596032537.3501468,193.00371646881104,130.0,0
1596032537.3601277,194.8002815246582,130.0,0
1596032537.3701258,196.59993648529053,130.0,0
1596032537.380137,198.40195178985596,130.0,0
1596032537.390136,200.20177841186523,130.0,0
1596032537.4001355,202.001690864563,130.0,0
1596032537.4101372,203.8019895553589,130.0,0
1596032537.4201295,205.6006145477295,130.0,0
1596032537.4301407,207.40262985229492,130.0,0
1596032537.4401307,209.20082569122314,130.0,0
1596032537.450145,211.00339889526367,130.0,0
1596032537.46013,212.8006935119629,130.0,0
1596032537.470126,214.59996223449707,130.0,0
1596032537.4801471,216.4037799835205,130.0,0
1596032537.490126,218.19995880126953,130.0,0
1596032537.5001447,220.0033473968506,130.0,0
1596032537.5101295,221.80059909820557,130.0,0
1596032537.5201347,223.60154151916504,130.0,0
1596032537.5301304,225.40076732635498,130.0,0
1596032537.5401332,227.20128059387207,130.0,0
1596032537.5501437,229.00316715240479,130.0,0
1596032537.560127,230.80016136169434,130.0,0
1596032537.5701342,232.60144710540771,130.0,0
1596032537.580141,234.40268993377686,130.0,0
1596032537.5901396,236.20243072509766,130.0,0
1596032537.6001434,238.0031156539917,130.0,0
1596032537.6101427,239.80298519134521,130.0,0
1596032537.620141,241.60268306732178,130.0,0
1596032537.6301372,243.4019947052002,130.0,0
1596032537.6401427,245.2029800415039,130.0,0
1596032537.6501365,247.00186252593994,130.0,0
1596032537.6601467,248.80370616912842,130.0,0
1596032537.670132,250.60104370117188,130.0,0
1596032537.6801376,252.40207195281982,130.0,0
1596032537.6901453,254.20344352722168,130.0,0
1596032537.700133,256.00125312805176,130.0,0
1596032537.7101402,257.80253887176514,130.0,0
1596032537.7201436,259.6031379699707,130.0,0
1596032537.7301438,261.4031791687012,130.0,0
1596032537.7401357,263.2017183303833,130.0,0
1596032537.750128,265.0003433227539,130.0,0
1596032537.7601476,266.8038606643677,130.0,0
1596032537.7701392,268.60235691070557,130.0,0
1596032537.7801273,270.4002094268799,130.0,0
1596032537.7901375,272.20205307006836,130.0,0
1596032537.8001432,274.0030813217163,130.0,0
1596032537.8101337,275.801362991333,130.0,0
1596032537.8201265,277.6000738143921,130.0,0
1596032537.8301368,279.40191745758057,130.0,0
1596032537.8401368,281.2019157409668,130.0,0
1596032537.8501399,283.0024719238281,130.0,0
1596032537.86013,284.8007106781006,130.0,0
1596032537.8701293,286.6005802154541,130.0,0
1596032537.8801255,288.3998918533325,130.0,0
1596032537.890134,290.2014350891113,130.0,0
1596032537.9001472,292.00379371643066,130.0,0
1596032537.9101455,293.8034915924072,130.0,0
1596032537.9201338,295.6013870239258,130.0,0
1596032537.930135,297.4015998840332,130.0,0
1596032537.9401393,299.2023706436157,130.0,0
1596032537.950127,301.00013732910156,130.0,0
1596032537.9601254,302.79987812042236,130.0,0
1596032537.9701436,304.6031379699707,130.0,0
1596032537.9801335,306.4013338088989,130.0,0
1596032537.990129,308.20051670074463,130.0,0
1596032538.0001447,310.0033473968506,130.0,0
1596032538.0101295,311.80059909820557,130.0,0
1596032538.0201442,313.60325813293457,130.0,0
1596032538.0301425,315.40295600891113,130.0,0
1596032538.0401404,317.2025680541992,130.0,0
1596032538.0501328,319.0011930465698,130.0,0
1596032538.0601254,320.79986095428467,130.0,0
1596032538.0701256,322.59990215301514,130.0,0
1596032538.0801315,324.4009733200073,130.0,0
1596032538.0901349,326.2015724182129,130.0,0
1596032538.1001327,328.001184463501,130.0,0
1596032538.1101413,329.8027276992798,130.0,0
1596032538.1201277,331.60027980804443,130.0,0
1596032538.1301289,333.40049266815186,130.0,0
1596032538.140131,335.20087718963623,130.0,0
1596032538.1501384,337.00220584869385,130.0,0
1596032538.1601367,338.8019037246704,130.0,0
1596032538.1701274,340.60022830963135,130.0,0
1596032538.1801333,342.40129947662354,130.0,0
1596032538.1901302,344.20073986053467,130.0,0
1596032538.2001324,346.00112438201904,130.0,0
1596032538.2101288,347.8004789352417,130.0,0
1596032538.2201333,349.60129261016846,130.0,0
1596032538.2301424,351.40292167663574,130.0,0
1596032538.240132,353.2010746002197,130.0,0
1596032538.2501261,355.0,130.0,0
1596032538.2601407,356.80261611938477,130.0,0
1596032538.2701397,358.60244274139404,130.0,0
1596032538.277917,360,130.0,1
1596032538.2801275,360.4002523422241,130.0,0
1596032538.2901337,362.20136642456055,130.0,0
1596032538.293025,362.7218008041382,130.0,0
1596032538.293025,451.81654024124146,130.0,0
1596032538.3001413,453.0974774360657,130.0,0
1596032538.310125,454.8945574760437,130.0,0
1596032538.3201308,456.69558572769165,130.0,0
1596032538.3256335,457.6860718727112,130.0,0
1596032538.3256335,480.30582156181333,130.0,0
1596032538.3301444,481.1177798748016,130.0,0
1596032538.3401442,482.9177352428436,130.0,0
1596032538.3501313,484.71541609764097,130.0,0
1596032538.3601394,486.5168735027313,130.0,0
1596032538.370127,488.31464018821714,130.0,0
1596032538.3801296,490.11511054039,130.0,0
1596032538.3901362,491.9163104534149,130.0,0
1596032538.4001324,493.7156220912933,130.0,0
1596032538.410136,495.5162641048431,130.0,0
1596032538.4201446,497.3178073406219,130.0,0
1596032538.4301438,499.11767687797544,130.0,0
1596032538.4401364,500.9163447856903,130.0,0
1596032538.4501328,502.71569933891294,130.0,0
1596032538.4601364,504.51634135246275,130.0,0
1596032538.470142,506.31732668876646,130.0,0
1596032538.480144,508.11771121025083,130.0,0
1596032538.490134,509.91590704917905,130.0,0
1596032538.5001261,511.7144891262054,130.0,0
1596032538.5101411,513.5171910762787,130.0,0
1596032538.520143,515.3175326824188,130.0,0
1596032538.5301344,517.1159860134125,130.0,0
1596032538.540128,518.9148255825042,130.0,0
1596032538.5501337,520.7158538341522,130.0,0
1596032538.5601404,522.5170537471771,130.0,0
1596032538.5701268,524.3146058559417,130.0,0
1596032538.580145,526.1178657054901,130.0,0
1596032538.5901253,527.9143449306488,130.0,0
1596032538.6001418,529.7173043727875,130.0,0
1596032538.6101449,531.5178605556488,130.0,0
1596032538.6201382,533.3166572093963,130.0,0
1596032538.6301293,535.1150676250458,130.0,0
1596032538.6401267,536.9145938396454,130.0,0
1596032538.6501346,538.7160083293915,130.0,0
1596032538.6601286,540.5149337291717,130.0,0
1596032538.6701422,542.3173781871795,130.0,0
1596032538.6801465,544.1181489467621,130.0,0
1596032538.6901295,545.9151002407074,130.0,0
1596032538.7001398,547.7169438838959,130.0,0
1596032538.7101245,549.5141955852508,130.0,0
1596032538.7201262,551.3144942760467,130.0,0
1596032538.7301323,553.1156083583832,130.0,0
1596032538.7401404,554.9170657634735,130.0,0
1596032538.750131,556.7153474330902,130.0,0
1596032538.7601447,558.5178348064422,130.0,0
1596032538.7701435,560.3176185131073,130.0,0
1596032538.7801435,562.1176167964935,130.0,0
1596032538.7901459,563.9180442333221,130.0,0
1596032538.8001347,565.7160254955292,130.0,0
1596032538.810127,567.5146504878998,130.0,0
1596032538.8201265,569.3145629405975,130.0,0
1596032538.8301275,571.1147328853607,130.0,0
1596032538.8401322,572.9155894756317,130.0,0
1596032538.8501303,574.715244436264,130.0,0
1596032538.8601367,576.5164014339447,130.0,0
1596032538.8701417,578.3173009395599,130.0,0
1596032538.8801243,580.1141664028167,130.0,0
1596032538.8901331,581.9157525539398,130.0,0
1596032538.9001436,583.7176391124725,130.0,0
1596032538.9101455,585.5179807186126,130.0,0
1596032538.9201262,587.3145028591156,130.0,0
1596032538.930135,589.1160890102386,130.0,0
1596032538.9401283,590.9148856639862,130.0,0
1596032538.9501348,592.7160426616668,130.0,0
1596032538.9601367,594.516384267807,130.0,0
1596032538.9701319,596.3155242443084,130.0,0
1596032538.980135,598.1160804271698,130.0,0
1596032538.9901295,599.9150916576385,130.0,0
1596032539.0001276,601.7147466182709,130.0,0
1596032539.0001276,0,130.0,0
1596032539.0101438,131.80291652679443,130.0,0
1596032539.0201325,133.60089778900146,130.0,0
1596032539.030144,135.40295600891113,130.0,0
1596032539.040132,137.20080852508545,130.0,0
1596032539.0501492,139.00389671325684,130.0,0
1596032539.0601275,140.79998970031738,130.0,0
1596032539.0701294,142.60033130645752,130.0,0
1596032539.0801408,144.4023895263672,130.0,0
1596032539.0901287,146.20019912719727,130.0,0
1596032539.1001375,148.0017852783203,130.0,0
1596032539.1101458,149.80328559875488,130.0,0
1596032539.1201365,151.60161018371582,130.0,0
1596032539.130132,153.40079307556152,130.0,0
1596032539.1401486,155.20379543304443,130.0,0
1596032539.1501315,157.0007038116455,130.0,0
1596032539.160136,158.80151748657227,130.0,0
1596032539.1701455,160.60323238372803,130.0,0
1596032539.1801314,162.4006986618042,130.0,0
1596032539.1901462,164.2033576965332,130.0,0
1596032539.2001426,166.00271224975586,130.0,0
1596032539.210146,167.80331134796143,130.0,0
1596032539.2201324,169.60086345672607,130.0,0
1596032539.2301445,171.40305042266846,130.0,0
1596032539.2401416,173.20253372192383,130.0,0
1596032539.2501376,175.001802444458,130.0,0
1596032539.2601302,176.80047035217285,130.0,0
1596032539.2701426,178.60270023345947,130.0,0
1596032539.2801375,180.4017972946167,130.0,0
1596032539.2901402,182.20226764678955,130.0,0
1596032539.300136,184.00153636932373,130.0,0
1596032539.3101394,185.8021354675293,130.0,0
1596032539.3201373,187.60174751281738,130.0,0
1596032539.3301294,189.40032958984375,130.0,0
1596032539.3401477,191.20363235473633,130.0,0
1596032539.3501418,193.0025577545166,130.0,0
1596032539.360134,194.80113983154297,130.0,0
1596032539.3701475,196.60358428955078,130.0,0
1596032539.3801327,198.40092182159424,130.0,0
1596032539.3901365,200.20160675048828,130.0,0
1596032539.4001439,202.0029354095459,130.0,0
1596032539.4101288,203.80023002624512,130.0,0
1596032539.420136,205.6015157699585,130.0,0
1596032539.430144,207.40297317504883,130.0,0
1596032539.4401467,209.20344352722168,130.0,0
1596032539.4501283,211.00013732910156,130.0,0
1596032539.4601312,212.80065059661865,130.0,0
1596032539.4701312,214.60064888000488,130.0,0
1596032539.48013,216.40043258666992,130.0,0
1596032539.490138,218.20188999176025,130.0,0
1596032539.5001278,220.00004291534424,130.0,0
1596032539.510135,221.80132865905762,130.0,0
1596032539.520139,223.6020565032959,130.0,0
1596032539.5301375,225.4017972946167,130.0,0
1596032539.5401287,227.2002077102661,130.0,0
1596032539.5501397,229.0021800994873,130.0,0
1596032539.5601435,230.80286502838135,130.0,0
1596032539.5701282,232.60011672973633,130.0,0
1596032539.5801387,234.40200328826904,130.0,0
1596032539.5901432,236.2028169631958,130.0,0
1596032539.6001406,238.0023431777954,130.0,0
1596032539.61013,239.80045318603516,130.0,0
1596032539.6201344,241.60122394561768,130.0,0
1596032539.63014,243.40225219726562,130.0,0
1596032539.6401308,245.20057678222656,130.0,0
1596032539.6501353,247.00139045715332,130.0,0
1596032539.660144,248.80297660827637,130.0,0
1596032539.6701272,250.59992790222168,130.0,0
1596032539.6801414,252.4025011062622,130.0,0
1596032539.6901405,254.20232772827148,130.0,0
1596032539.700149,256.0038709640503,130.0,0
1596032539.7101479,257.80365467071533,130.0,0
1596032539.720146,259.60330963134766,130.0,0
1596032539.7301319,261.4007759094238,130.0,0
1596032539.7401462,263.20334911346436,130.0,0
1596032539.7501416,265.00253200531006,130.0,0
1596032539.7601283,266.80012702941895,130.0,0
1596032539.7701294,268.60033988952637,130.0,0
1596032539.780132,270.4008102416992,130.0,0
1596032539.7901437,272.2029113769531,130.0,0
1596032539.8001456,274.00325298309326,130.0,0
1596032539.81014,275.8022212982178,130.0,0
1596032539.820134,277.60114669799805,130.0,0
1596032539.8301468,279.40346240997314,130.0,0
1596032539.840144,281.2029457092285,130.0,0
1596032539.8501396,283.00217151641846,130.0,0
1596032539.8601344,284.80122566223145,130.0,0
1596032539.8701324,286.60088062286377,130.0,0
1596032539.8801308,288.40057849884033,130.0,0
1596032539.8901465,290.2034091949463,130.0,0
1596032539.9001274,291.99997425079346,130.0,0
1596032539.910138,293.8018608093262,130.0,0
1596032539.9201367,295.6016445159912,130.0,0
1596032539.9301436,297.40288734436035,130.0,0
1596032539.9401393,299.2021131515503,130.0,0
1596032539.9501274,300.9999656677246,130.0,0
1596032539.96013,302.80043601989746,130.0,0
1596032539.970137,304.6016788482666,130.0,0
1596032539.9801393,306.4021062850952,130.0,0
1596032539.9901435,308.20287704467773,130.0,0
1596032540.0001454,310.00321865081787,130.0,0
1596032540.0101323,311.800856590271,130.0,0
1596032540.0201461,313.60334396362305,130.0,0
1596032540.030127,315.3999090194702,130.0,0
1596032540.0401318,317.2007656097412,130.0,0
1596032540.0501466,319.0034246444702,130.0,0
1596032540.0601451,320.803165435791,130.0,0
1596032540.070134,322.60114669799805,130.0,0
1596032540.0801265,324.3998146057129,130.0,0
1596032540.0901399,326.20221614837646,130.0,0
1596032540.1001434,328.00285816192627,130.0,0
1596032540.110137,329.80169773101807,130.0,0
1596032540.1201437,331.60289764404297,130.0,0
1596032540.1301286,333.4001922607422,130.0,0
1596032540.140148,335.2036666870117,130.0,0
1596032540.1501453,337.0031929016113,130.0,0
1596032540.1601412,338.8024616241455,130.0,0
1596032540.170131,340.6006145477295,130.0,0
1596032540.180136,342.4015140533447,130.0,0
1596032540.1901479,344.20365810394287,130.0,0
1596032540.200139,346.0020685195923,130.0,0
1596032540.2101345,347.801251411438,130.0,0
1596032540.2201433,349.60283756256104,130.0,0
1596032540.2301435,351.4028787612915,130.0,0
1596032540.2401354,353.20141792297363,130.0,0
1596032540.250142,355.00261783599854,130.0,0
1596032540.2601402,356.80227279663086,130.0,0
1596032540.2701468,358.60347270965576,130.0,0
1596032540.2779233,360,130.0,1
1596032540.2801304,360.40050983428955,130.0,0
1596032540.2901328,362.20093727111816,130.0,0
1596032540.2919824,362.53387451171875,130.0,0
1596032540.2919824,451.7601623535156,130.0,0
1596032540.2933533,452.00692558288574,130.0,0
1596032540.2933533,478.6020776748657,130.0,0
1596032540.3001366,479.82306213378905,130.0,0
1596032540.3101482,481.62516326904296,130.0,0
1596032540.3201356,483.42288703918456,130.0,0
1596032540.3301384,485.22340030670165,130.0,0
1596032540.3401406,487.023784828186,130.0,0
1596032540.3501365,488.8230535507202,130.0,0
1596032540.3601305,490.6219789505005,130.0,0
1596032540.370141,492.4238655090332,130.0,0
1596032540.3801365,494.2230484008789,130.0,0
1596032540.3901415,496.02394790649413,130.0,0
1596032540.400148,497.8251049041748,130.0,0
1596032540.4101465,499.6248456954956,130.0,0
1596032540.4201422,501.42407150268554,130.0,0
1596032540.4301305,503.2219669342041,130.0,0
1596032540.4401329,505.0223943710327,130.0,0
1596032540.4501472,506.82496757507323,130.0,0
1596032540.4601464,508.62483711242675,130.0,0
1596032540.4701335,510.4225179672241,130.0,0
1596032540.480131,512.2220441818238,130.0,0
1596032540.4901328,514.0223857879639,130.0,0
1596032540.500142,515.8240577697754,130.0,0
1596032540.510141,517.6238414764405,130.0,0
1596032540.52014,519.4236680984498,130.0,0
1596032540.5301363,521.2230226516724,130.0,0
1596032540.540142,523.0240509033204,130.0,0
1596032540.5501456,524.8246929168702,130.0,0
1596032540.5601318,526.6222021102906,130.0,0
1596032540.5701284,528.4215995788575,130.0,0
1596032540.5801442,530.2244302749634,130.0,0
1596032540.5901482,532.0251581192017,130.0,0
1596032540.6001377,533.8232681274415,130.0,0
1596032540.6101313,535.6221076965332,130.0,0
1596032540.6201453,537.4246379852295,130.0,0
1596032540.6301322,539.2222759246827,130.0,0
1596032540.6401374,541.0232183456421,130.0,0
1596032540.6501443,542.8244611740113,130.0,0
1596032540.660132,544.6222278594971,130.0,0
1596032540.670137,546.4231273651124,130.0,0
1596032540.6801448,548.2245418548584,130.0,0
1596032540.6901443,550.0244543075562,130.0,0
1596032540.700133,551.8224355697632,130.0,0
1596032540.7101405,553.6237642288208,130.0,0
1596032540.7201335,555.4225179672242,130.0,0
1596032540.7301476,557.2250482559205,130.0,0
1596032540.740143,559.0242311477662,130.0,0
1596032540.7501478,560.8250877380372,130.0,0
1596032540.7601328,562.6223823547364,130.0,0
1596032540.7701273,564.4213935852051,130.0,0
1596032540.780137,566.2231513977051,130.0,0
1596032540.7901404,568.0237504959107,130.0,0
1596032540.8001404,569.8237487792969,130.0,0
1596032540.8101468,571.6249057769776,130.0,0
1596032540.8201394,573.4235736846924,130.0,0
1596032540.8301306,575.2219841003418,130.0,0
1596032540.8401265,577.021252822876,130.0,0
1596032540.850132,578.8222381591797,130.0,0
1596032540.8601282,580.6215497970582,130.0,0
1596032540.8701262,582.4212047576905,130.0,0
1596032540.8801444,584.2244646072388,130.0,0
1596032540.8901458,586.0247203826905,130.0,0
1596032540.9001312,587.8221008300782,130.0,0
1596032540.910143,589.6242019653321,130.0,0
1596032540.9201355,591.4228698730469,130.0,0
1596032540.9301367,593.2230827331543,130.0,0
1596032540.9401288,595.0216648101807,130.0,0
1596032540.9501393,596.8235513687134,130.0,0
1596032540.960132,598.6222192764283,130.0,0
1596032540.9701421,600.4240629196167,130.0,0
1596032540.9801266,602.2212717056275,130.0,0
1596032540.9901474,604.0250036239624,130.0,0
1596032541.0001447,605.8245298385621,130.0,0
1596032541.0001447,0,130.0,0
1596032541.0101643,131.80351734161377,130.0,0
1596032541.020153,133.6014986038208,130.0,0
1596032541.030159,135.402569770813,130.0,0
1596032541.0401478,137.20055103302002,130.0,0
1596032541.0501494,139.00084972381592,130.0,0
1596032541.0601456,140.80016136169434,130.0,0
1596032541.0701473,142.60046005249023,130.0,0
1596032541.0801632,144.40333366394043,130.0,0
1596032541.0901487,146.20071411132812,130.0,0
1596032541.100165,148.00363063812256,130.0,0
1596032541.1101532,149.8015260696411,130.0,0
1596032541.120161,151.6029405593872,130.0,0
1596032541.1301618,153.40306758880615,130.0,0
1596032541.1401448,155.20001888275146,130.0,0
1596032541.1501467,157.0003604888916,130.0,0
1596032541.160158,158.80237579345703,130.0,0
1596032541.17015,160.6009578704834,130.0,0
1596032541.1801665,162.40391731262207,130.0,0
1596032541.1901615,164.2030143737793,130.0,0
1596032541.2001662,166.0038709640503,130.0,0
1596032541.2101457,167.80017852783203,130.0,0
1596032541.2201452,169.60009098052979,130.0,0
1596032541.2301624,171.40317916870117,130.0,0
1596032541.240145,173.200044631958,130.0,0
1596032541.2501569,175.00218868255615,130.0,0
1596032541.260145,176.80004119873047,130.0,0
1596032541.270164,178.60347270965576,130.0,0
1596032541.280152,180.40132522583008,130.0,0
1596032541.2901502,182.2009801864624,130.0,0
1596032541.3001494,184.00084972381592,130.0,0
1596032541.3101454,185.8001184463501,130.0,0
1596032541.3201544,187.60174751281738,130.0,0
1596032541.3301635,189.40337657928467,130.0,0
1596032541.340154,191.20165824890137,130.0,0
1596032541.3501604,193.00281524658203,130.0,0
1596032541.3601656,194.8037576675415,130.0,0
1596032541.370153,196.6014814376831,130.0,0
1596032541.3801663,198.40388298034668,130.0,0
1596032541.3901515,200.20122051239014,130.0,0
1596032541.4001625,202.00319290161133,130.0,0
1596032541.410148,203.80057334899902,130.0,0
1596032541.4201455,205.60014247894287,130.0,0
1596032541.430159,207.40258693695068,130.0,0
1596032541.4401653,209.2037010192871,130.0,0
1596032541.450162,211.003098487854,130.0,0
1596032541.4601605,212.8028392791748,130.0,0
1596032541.4701598,214.60270881652832,130.0,0
1596032541.4801598,216.40270709991455,130.0,0
1596032541.490161,218.20291996002197,130.0,0
1596032541.5001602,220.0027894973755,130.0,0
1596032541.510147,221.8004274368286,130.0,0
1596032541.5201468,223.6003828048706,130.0,0
1596032541.530162,225.4031276702881,130.0,0
1596032541.5401492,227.20080852508545,130.0,0
1596032541.5501583,229.00243759155273,130.0,0
1596032541.5601587,230.80252170562744,130.0,0
1596032541.570166,232.60385036468506,130.0,0
1596032541.5801558,234.40200328826904,130.0,0
1596032541.5901492,236.2007999420166,130.0,0
1596032541.600162,238.0031156539917,130.0,0
1596032541.6101522,239.80135440826416,130.0,0
1596032541.620147,241.60040855407715,130.0,0
1596032541.6301656,243.40375423431396,130.0,0
1596032541.6401596,245.20267963409424,130.0,0
1596032541.6501513,247.00117588043213,130.0,0
1596032541.660163,248.80327701568604,130.0,0
1596032541.6701617,250.60306072235107,130.0,0
1596032541.680154,252.40168571472168,130.0,0
1596032541.6901584,254.2024564743042,130.0,0
1596032541.7001653,256.00369930267334,130.0,0
1596032541.710148,257.8006076812744,130.0,0
1596032541.720166,259.6038246154785,130.0,0
1596032541.7301636,261.40339374542236,130.0,0
1596032541.7401628,263.2032632827759,130.0,0
1596032541.750151,265.0011157989502,130.0,0
1596032541.7601624,266.80317401885986,130.0,0
1596032541.770152,268.60132694244385,130.0,0
1596032541.7801657,270.40377140045166,130.0,0
1596032541.7901642,272.20351219177246,130.0,0
1596032541.8001544,274.0017509460449,130.0,0
1596032541.8101597,275.8026933670044,130.0,0
1596032541.8201513,277.6011896133423,130.0,0
1596032541.830156,279.4020462036133,130.0,0
1596032541.8401618,281.20307445526123,130.0,0
1596032541.8501456,283.00015449523926,130.0,0
1596032541.860152,284.8013114929199,130.0,0
1596032541.870159,286.60255432128906,130.0,0
1596032541.8801649,288.40362548828125,130.0,0
1596032541.890165,290.2036666870117,130.0,0
1596032541.9001458,292.00018882751465,130.0,0
1596032541.9101558,293.8019895553589,130.0,0
1596032541.9201593,295.6026315689087,130.0,0
1596032541.9301453,297.40009784698486,130.0,0
1596032541.9401462,299.20026779174805,130.0,0
1596032541.950155,301.0018539428711,130.0,0
1596032541.9601479,302.8005647659302,130.0,0
1596032541.9701626,304.6032238006592,130.0,0
1596032541.9801464,306.4003038406372,130.0,0
1596032541.990153,308.2015037536621,130.0,0
1596032542.000161,310.0029182434082,130.0,0
1596032542.0101511,311.80115699768066,130.0,0
1596032542.0201607,313.6028718948364,130.0,0
1596032542.0301554,315.4019260406494,130.0,0
1596032542.0401602,317.2027826309204,130.0,0
1596032542.0501533,319.00153636932373,130.0,0
1596032542.0601544,320.80174922943115,130.0,0
1596032542.070152,322.601318359375,130.0,0
1596032542.0801516,324.40123081207275,130.0,0
1596032542.09015,326.20097160339355,130.0,0
1596032542.1001513,328.001184463501,130.0,0
1596032542.1101608,329.80289936065674,130.0,0
1596032542.1201448,331.600022315979,130.0,0
1596032542.1301453,333.4001064300537,130.0,0
1596032542.1401541,335.20169258117676,130.0,0
1596032542.150153,337.0014762878418,130.0,0
1596032542.1601467,338.80035877227783,130.0,0
1596032542.1701455,340.60014247894287,130.0,0
1596032542.1801617,342.4030590057373,130.0,0
1596032542.1901548,344.2018127441406,130.0,0
1596032542.200161,346.00292682647705,130.0,0
1596032542.2101545,347.80176639556885,130.0,0
1596032542.220144,349.5998764038086,130.0,0
1596032542.2301629,351.40326499938965,130.0,0
1596032542.240151,353.20111751556396,130.0,0
1596032542.2501624,355.00317573547363,130.0,0
1596032542.2601628,356.80325984954834,130.0,0
1596032542.2701478,358.60055446624756,130.0,0
1596032542.2779412,360,130.0,1
1596032542.280153,360.40149688720703,130.0,0
1596032542.290159,362.2025680541992,130.0,0
1596032542.2922046,362.5707817077637,130.0,0
1596032542.2922046,451.7712345123291,130.0,0
1596032542.2985835,452.9194345474243,130.0,0
1596032542.2985835,478.8758303642273,130.0,0
1596032542.3001523,479.1582133293152,130.0,0
1596032542.3101451,480.95692415237426,130.0,0
1596032542.3201559,482.7588536262512,130.0,0
1596032542.3301535,484.55842275619506,130.0,0
1596032542.340161,486.3597943305969,130.0,0
1596032542.3501492,488.15764684677123,130.0,0
1596032542.3601477,489.95738763809203,130.0,0
1596032542.370145,491.75691385269164,130.0,0
1596032542.380146,493.5570837974548,130.0,0
1596032542.3901615,495.35987157821654,130.0,0
1596032542.400145,497.15690870285033,130.0,0
1596032542.410152,498.95815153121947,130.0,0
1596032542.4201446,500.7568194389343,130.0,0
1596032542.4301527,502.55827684402465,130.0,0
1596032542.4401624,504.36003465652465,130.0,0
1596032542.4501595,506.15951795578,130.0,0
1596032542.4601567,507.9590012550354,130.0,0
1596032542.4701564,509.7589566230774,130.0,0
1596032542.480159,511.55942697525023,130.0,0
1596032542.4901488,513.3575798988343,130.0,0
1596032542.5001593,515.159466457367,130.0,0
1596032542.510144,516.956718158722,130.0,0
1596032542.5201476,518.7573601722718,130.0,0
1596032542.5301452,520.5569293022156,130.0,0
1596032542.5401497,522.3577429771424,130.0,0
1596032542.5501535,524.1584279060364,130.0,0
1596032542.5601492,525.9576537132264,130.0,0
1596032542.5701628,527.7600981712342,130.0,0
1596032542.580156,529.5588948249817,130.0,0
1596032542.5901594,531.3594939231873,130.0,0
1596032542.6001477,533.1573893547059,130.0,0
1596032542.610164,534.9603058815003,130.0,0
1596032542.6201622,536.7600037574769,130.0,0
1596032542.630145,538.5569121360779,130.0,0
1596032542.6401608,540.3597428321839,130.0,0
1596032542.6501431,542.1565653800965,130.0,0
1596032542.6601617,543.9599110603333,130.0,0
1596032542.6701508,545.7579352378846,130.0,0
1596032542.680164,547.5603367805481,130.0,0
1596032542.690144,549.3567301750184,130.0,0
1596032542.7001562,551.1589171409607,130.0,0
1596032542.7101493,552.9576708793641,130.0,0
1596032542.720148,554.7574545860291,130.0,0
1596032542.7301555,556.5587832450867,130.0,0
1596032542.740147,558.3572794914246,130.0,0
1596032542.7501588,560.1593806266785,130.0,0
1596032542.7601469,561.9572331428528,130.0,0
1596032542.7701497,563.7577464103699,130.0,0
1596032542.7801607,565.5597187995911,130.0,0
1596032542.7901561,567.3589016914368,130.0,0
1596032542.8001506,569.1579129219056,130.0,0
1596032542.810155,570.9586836814881,130.0,0
1596032542.820165,572.7604844093323,130.0,0
1596032542.8301597,574.5595385551453,130.0,0
1596032542.8401563,576.3589360237122,130.0,0
1596032542.8501644,578.1603934288025,130.0,0
1596032542.8601558,579.9588467597962,130.0,0
1596032542.8701644,581.760389995575,130.0,0
1596032542.8801455,583.5569979667664,130.0,0
1596032542.8901644,585.3603865623475,130.0,0
1596032542.9001582,587.1592690467835,130.0,0
1596032542.91016,588.9596106529236,130.0,0
1596032542.920153,590.7583214759827,130.0,0
1596032542.9301596,592.5595213890076,130.0,0
1596032542.9401572,594.3590905189515,130.0,0
1596032542.9501624,596.1600329399109,130.0,0
1596032542.9601436,597.9566409111023,130.0,0
1596032542.970157,599.7590424537659,130.0,0
1596032542.980156,601.5588690757752,130.0,0
1596032542.9901567,603.3589961051941,130.0,0
1596032543.0001516,605.1580931663514,130.0,0
1596032543.0001516,0,130.0,0
1596032543.0101545,131.8005132675171,130.0,0
1596032543.0201526,133.6001682281494,130.0,0
1596032543.0301702,135.40334224700928,130.0,0
1596032543.0401554,137.20067977905273,130.0,0
1596032543.0501544,139.000506401062,130.0,0
1596032543.0601528,140.80020427703857,130.0,0
1596032543.070157,142.6009750366211,130.0,0
1596032543.0801623,144.40191745758057,130.0,0
1596032543.0901628,146.20200157165527,130.0,0
1596032543.100156,148.00079822540283,130.0,0
1596032543.1101592,149.80135440826416,130.0,0
1596032543.1201665,151.60268306732178,130.0,0
1596032543.1301742,153.40405464172363,130.0,0
1596032543.1401567,155.20092010498047,130.0,0
1596032543.1501691,157.0031499862671,130.0,0
1596032543.1601589,158.80130290985107,130.0,0
1596032543.1701665,160.60267448425293,130.0,0
1596032543.180165,162.40241527557373,130.0,0
1596032543.1901662,164.20262813568115,130.0,0
1596032543.2001593,166.00138187408447,130.0,0
1596032543.2101688,167.80309677124023,130.0,0
1596032543.2201648,169.6023654937744,130.0,0
1596032543.2301712,171.40352249145508,130.0,0
1596032543.2401521,173.20008754730225,130.0,0
1596032543.250158,175.00115871429443,130.0,0
1596032543.260156,176.80077075958252,130.0,0
1596032543.2701538,178.6003828048706,130.0,0
1596032543.2801566,180.4008960723877,130.0,0
1596032543.290157,182.2009801864624,130.0,0
1596032543.300168,184.0029525756836,130.0,0
1596032543.3101583,185.80119132995605,130.0,0
1596032543.320153,187.60024547576904,130.0,0
1596032543.330171,189.40350532531738,130.0,0
1596032543.3401735,191.203932762146,130.0,0
1596032543.3501527,193.0001974105835,130.0,0
1596032543.360172,194.80367183685303,130.0,0
1596032543.370153,196.6002368927002,130.0,0
1596032543.3801532,198.40027809143066,130.0,0
1596032543.3901656,200.20250797271729,130.0,0
1596032543.400152,202.00006008148193,130.0,0
1596032543.4101586,203.80125999450684,130.0,0
1596032543.4201598,205.60147285461426,130.0,0
1596032543.4301686,207.4030590057373,130.0,0
1596032543.4401524,209.20013904571533,130.0,0
1596032543.450155,211.00060939788818,130.0,0
1596032543.4601567,212.80090808868408,130.0,0
1596032543.4701638,214.60219383239746,130.0,0
1596032543.4801667,216.40270709991455,130.0,0
1596032543.49017,218.20330619812012,130.0,0
1596032543.5001569,220.00094413757324,130.0,0
1596032543.5101511,221.79991245269775,130.0,0
1596032543.5201564,223.60085487365723,130.0,0
1596032543.5301714,225.40355682373047,130.0,0
1596032543.5401597,227.20145225524902,130.0,0
1596032543.5501547,229.00054931640625,130.0,0
1596032543.5601652,230.80243587493896,130.0,0
1596032543.5701566,232.60088920593262,130.0,0
1596032543.580162,234.40187454223633,130.0,0
1596032543.5901535,236.20032787322998,130.0,0
1596032543.6001709,238.0034589767456,130.0,0
1596032543.6101635,239.80212688446045,130.0,0
1596032543.6201532,241.60027980804443,130.0,0
1596032543.6301618,243.40182304382324,130.0,0
1596032543.6401706,245.2034091949463,130.0,0
1596032543.6501641,247.0022487640381,130.0,0
1596032543.6601713,248.80353450775146,130.0,0
1596032543.6701622,250.60190200805664,130.0,0
1596032543.6801713,252.40353107452393,130.0,0
1596032543.6901586,254.20125484466553,130.0,0
1596032543.7001574,256.00103855133057,130.0,0
1596032543.7101681,257.8029680252075,130.0,0
1596032543.7201674,259.60283756256104,130.0,0
1596032543.730165,261.4024066925049,130.0,0
1596032543.7401693,263.2031774520874,130.0,0
1596032543.7501533,265.00030040740967,130.0,0
1596032543.760164,266.8022298812866,130.0,0
1596032543.7701685,268.6030435562134,130.0,0
1596032543.7801518,270.40003776550293,130.0,0
1596032543.7901716,272.20359802246094,130.0,0
1596032543.8001556,274.0007209777832,130.0,0
1596032543.810161,275.8017063140869,130.0,0
1596032543.8201694,277.6032066345215,130.0,0
1596032543.830167,279.40277576446533,130.0,0
1596032543.840161,281.2017011642456,130.0,0
1596032543.8501678,283.0029010772705,130.0,0
1596032543.8601716,284.80358600616455,130.0,0
1596032543.870161,286.6016960144043,130.0,0
1596032543.8801627,288.4019947052002,130.0,0
1596032543.890152,290.2000617980957,130.0,0
1596032543.9001553,292.00066089630127,130.0,0
1596032543.9101636,293.80216121673584,130.0,0
1596032543.920153,295.60022830963135,130.0,0
1596032543.9301648,297.4023723602295,130.0,0
1596032543.940166,299.2025852203369,130.0,0
1596032543.9501617,301.00181102752686,130.0,0
1596032543.9601524,302.8001356124878,130.0,0
1596032543.9701664,304.6026659011841,130.0,0
1596032543.980168,306.40296459198,130.0,0
1596032543.9901707,308.20343494415283,130.0,0
1596032544.0001707,310.00343322753906,130.0,0
1596032544.0101569,311.8009424209595,130.0,0
1596032544.020156,313.60076904296875,130.0,0
1596032544.0301642,315.4022693634033,130.0,0
1596032544.0401711,317.20351219177246,130.0,0
1596032544.050161,319.00166511535645,130.0,0
1596032544.0601685,320.8030366897583,130.0,0
1596032544.0701683,322.6029920578003,130.0,0
1596032544.0801606,324.4016170501709,130.0,0
1596032544.0901606,326.20161533355713,130.0,0
1596032544.1001582,328.001184463501,130.0,0
1596032544.110166,329.80259895324707,130.0,0
1596032544.1201665,331.6026830673218,130.0,0
1596032544.1301627,333.4019947052002,130.0,0
1596032544.1401536,335.20036220550537,130.0,0
1596032544.1501555,337.0007038116455,130.0,0
1596032544.160167,338.8027620315552,130.0,0
1596032544.170155,340.6006145477295,130.0,0
1596032544.180151,342.3998832702637,130.0,0
1596032544.1901639,344.20219898223877,130.0,0
1596032544.2001717,346.00361347198486,130.0,0
1596032544.2101526,347.80017852783203,130.0,0
1596032544.2201588,349.60129261016846,130.0,0
1596032544.2301614,351.4017629623413,130.0,0
1596032544.2401614,353.20176124572754,130.0,0
1596032544.250164,355.0022315979004,130.0,0
1596032544.2601533,356.8002986907959,130.0,0
1596032544.270164,358.60222816467285,130.0,0
1596032544.277946,360,130.0,1
1596032544.2801683,360.40299892425537,130.0,0
1596032544.2901528,362.2002077102661,130.0,0
1596032544.292428,362.60974884033203,130.0,0
1596032544.292428,451.7829246520996,130.0,0
1596032544.300171,453.17664337158203,130.0,0
1596032544.3101661,454.9757833480835,130.0,0
1596032544.3201625,456.77513790130615,130.0,0
1596032544.3301718,458.5768098831177,130.0,0
1596032544.3337944,459.2288656234741,130.0,0
1596032544.3337944,480.76865968704226,130.0,0
1596032544.3401504,481.9127398490906,130.0,0
1596032544.3501642,483.71522722244265,130.0,0
1596032544.3601654,485.51544008255007,130.0,0
1596032544.3701692,487.3161250114441,130.0,0
1596032544.3801708,489.11642370224,130.0,0
1596032544.3901687,490.9160357475281,130.0,0
1596032544.4001617,492.7147894859314,130.0,0
1596032544.4101522,494.5130711555481,130.0,0
1596032544.4201703,496.31633100509646,130.0,0
1596032544.430166,498.1155568122864,130.0,0
1596032544.4401708,499.9164134025574,130.0,0
1596032544.4501686,501.7160254478455,130.0,0
1596032544.4601588,503.51426420211794,130.0,0
1596032544.470152,505.31301794052126,130.0,0
1596032544.4801629,507.11499032974245,130.0,0
1596032544.4901729,508.9167910575867,130.0,0
1596032544.5001605,510.71455774307253,130.0,0
1596032544.5101647,512.515328502655,130.0,0
1596032544.5201712,514.3164855003357,130.0,0
1596032544.530166,516.1155396461487,130.0,0
1596032544.5401664,517.9156237602234,130.0,0
1596032544.5501597,519.714420413971,130.0,0
1596032544.5601614,521.5147191047669,130.0,0
1596032544.570152,523.3130436897278,130.0,0
1596032544.5801659,525.1155310630799,130.0,0
1596032544.5901628,526.914971446991,130.0,0
1596032544.6001673,528.7157851219177,130.0,0
1596032544.6101725,530.5167275428772,130.0,0
1596032544.6201565,532.3138504981995,130.0,0
1596032544.630163,534.1150074958801,130.0,0
1596032544.64015,535.9126883506775,130.0,0
1596032544.6501634,537.7150898933411,130.0,0
1596032544.660169,539.5160752296448,130.0,0
1596032544.6701527,541.3131552696228,130.0,0
1596032544.680155,543.1135827064514,130.0,0
1596032544.690166,544.9155550956726,130.0,0
1596032544.7001603,546.7145234107971,130.0,0
1596032544.7101736,548.5169249534607,130.0,0
1596032544.72016,550.3144770622254,130.0,0
1596032544.7301655,552.1154623985291,130.0,0
1596032544.7401562,553.91378698349,130.0,0
1596032544.7501724,555.7167035102844,130.0,0
1596032544.7601674,557.5158005714417,130.0,0
1596032544.7701614,559.314725971222,130.0,0
1596032544.780157,561.1139517784119,130.0,0
1596032544.7901678,562.9158812522888,130.0,0
1596032544.8001554,564.7136479377747,130.0,0
1596032544.81017,566.5162640571594,130.0,0
1596032544.8201559,568.3137303352356,130.0,0
1596032544.8301628,570.1149731636048,130.0,0
1596032544.8401577,571.914070224762,130.0,0
1596032544.8501682,573.7159567832947,130.0,0
1596032544.8601558,575.5137234687805,130.0,0
1596032544.8701606,577.3145800590515,130.0,0
1596032544.880164,579.1151791572571,130.0,0
1596032544.8901618,580.9147912025452,130.0,0
1596032544.9001613,582.7147036552429,130.0,0
1596032544.9101663,584.5156031608582,130.0,0
1596032544.9201584,586.3141852378845,130.0,0
1596032544.9301555,588.1136685371399,130.0,0
1596032544.9401655,589.9154692649842,130.0,0
1596032544.950153,591.71323595047,130.0,0
1596032544.960167,593.515723323822,130.0,0
1596032544.970166,595.3155499458313,130.0,0
1596032544.9801664,597.115634059906,130.0,0
1596032544.9901652,598.9154177665711,130.0,0
1596032545.0001507,600.7127982139588,130.0,0
1596032545.000176,600.717347240448,130.0,0
1596032545.000176,0,130.0,0
1596032545.0101922,131.80291652679443,130.0,0
1596032545.020193,133.60308647155762,130.0,0
1596032545.0301785,135.4004669189453,130.0,0
1596032545.0401974,137.20385551452637,130.0,0
1596032545.0501888,139.00230884552002,130.0,0
1596032545.060196,140.8035945892334,130.0,0
1596032545.0701845,142.6015329360962,130.0,0
1596032545.0801797,144.40067291259766,130.0,0
1596032545.0901814,146.20097160339355,130.0,0
1596032545.1001918,148.00285816192627,130.0,0
1596032545.110182,149.80109691619873,130.0,0
1596032545.1201813,151.60096645355225,130.0,0
1596032545.1301968,153.40375423431396,130.0,0
1596032545.1401951,155.20345211029053,130.0,0
1596032545.1501904,157.002592086792,130.0,0
1596032545.1601768,158.80014419555664,130.0,0
1596032545.1701903,160.60258865356445,130.0,0
1596032545.1801758,162.39996910095215,130.0,0
1596032545.1901922,164.20292854309082,130.0,0
1596032545.200184,166.00146770477295,130.0,0
1596032545.2101815,167.80099391937256,130.0,0
1596032545.2201905,169.60262298583984,130.0,0
1596032545.230195,171.4034366607666,130.0,0
1596032545.2401884,173.20223331451416,130.0,0
1596032545.2501876,175.00210285186768,130.0,0
1596032545.2601802,176.80077075958252,130.0,0
1596032545.2701771,178.60021114349365,130.0,0
1596032545.2801886,180.40226936340332,130.0,0
1596032545.2901895,182.2024393081665,130.0,0
1596032545.3001783,184.00042057037354,130.0,0
1596032545.3101816,185.8010196685791,130.0,0
1596032545.3201964,187.6036787033081,130.0,0
1596032545.3301878,189.40213203430176,130.0,0
1596032545.3401945,191.20333194732666,130.0,0
1596032545.3501828,193.00122737884521,130.0,0
1596032545.3601756,194.7999382019043,130.0,0
1596032545.3701868,196.60195350646973,130.0,0
1596032545.3801858,198.401780128479,130.0,0
1596032545.390194,200.20323753356934,130.0,0
1596032545.4001758,201.99997425079346,130.0,0
1596032545.410197,203.8037919998169,130.0,0
1596032545.4201891,205.60237407684326,130.0,0
1596032545.430181,207.4009132385254,130.0,0
1596032545.4401903,209.2025852203369,130.0,0
1596032545.4501765,211.00009441375732,130.0,0
1596032545.460191,212.8027105331421,130.0,0
1596032545.4701788,214.60052013397217,130.0,0
1596032545.4801776,216.4003038406372,130.0,0
1596032545.4901896,218.20244789123535,130.0,0
1596032545.500186,220.001802444458,130.0,0
1596032545.5101867,221.80192947387695,130.0,0
1596032545.5201952,223.60347270965576,130.0,0
1596032545.5301774,225.40025234222412,130.0,0
1596032545.5401847,227.20158100128174,130.0,0
1596032545.5501776,229.00029182434082,130.0,0
1596032545.5601764,230.80007553100586,130.0,0
1596032545.570179,232.6005458831787,130.0,0
1596032545.580191,234.40268993377686,130.0,0
1596032545.590178,236.20037078857422,130.0,0
1596032545.600179,238.0005407333374,130.0,0
1596032545.6101959,239.80358600616455,130.0,0
1596032545.620183,241.6012668609619,130.0,0
1596032545.6301908,243.402681350708,130.0,0
1596032545.640182,245.20109176635742,130.0,0
1596032545.6501956,247.00353622436523,130.0,0
1596032545.660177,248.80018711090088,130.0,0
1596032545.6701844,250.6015157699585,130.0,0
1596032545.6801853,252.40168571472168,130.0,0
1596032545.690184,254.20146942138672,130.0,0
1596032545.7001772,256.00022315979004,130.0,0
1596032545.7101815,257.80099391937256,130.0,0
1596032545.720194,259.6032667160034,130.0,0
1596032545.730193,261.40305042266846,130.0,0
1596032545.7401946,263.20334911346436,130.0,0
1596032545.7501829,265.0012445449829,130.0,0
1596032545.7601957,266.803560256958,130.0,0
1596032545.7701936,268.6031723022461,130.0,0
1596032545.7801943,270.40329933166504,130.0,0
1596032545.7901828,272.20123767852783,130.0,0
1596032545.800181,274.00089263916016,130.0,0
1596032545.8101792,275.8005905151367,130.0,0
1596032545.8201873,277.60204792022705,130.0,0
1596032545.8301935,279.4031620025635,130.0,0
1596032545.8401797,281.2006711959839,130.0,0
1596032545.8501828,283.0012273788452,130.0,0
1596032545.860188,284.8021697998047,130.0,0
1596032545.8701963,286.60367012023926,130.0,0
1596032545.8801913,288.4027671813965,130.0,0
1596032545.890184,290.2014350891113,130.0,0
1596032545.9001763,292.00006008148193,130.0,0
1596032545.9101875,293.80207538604736,130.0,0
1596032545.9201787,295.6004858016968,130.0,0
1596032545.9301832,297.40129947662354,130.0,0
1596032545.94018,299.20073986053467,130.0,0
1596032545.9501843,301.0015106201172,130.0,0
1596032545.9601803,302.80077934265137,130.0,0
1596032545.9701965,304.6036958694458,130.0,0
1596032545.9801893,306.4024066925049,130.0,0
1596032545.9901934,308.20313453674316,130.0,0
1596032546.0001855,310.00171661376953,130.0,0
1596032546.0101967,311.80373191833496,130.0,0
1596032546.0201883,313.60222816467285,130.0,0
1596032546.0301943,315.40329933166504,130.0,0
1596032546.040193,317.2030830383301,130.0,0
1596032546.050181,319.00089263916016,130.0,0
1596032546.0601892,320.8023929595947,130.0,0
1596032546.070195,322.6034212112427,130.0,0
1596032546.0801866,324.40191745758057,130.0,0
1596032546.090192,326.2029027938843,130.0,0
1596032546.100187,328.0019998550415,130.0,0
1596032546.1101782,329.8004102706909,130.0,0
1596032546.1201851,331.60165309906006,130.0,0
1596032546.1301832,333.4013080596924,130.0,0
1596032546.1401844,335.2015209197998,130.0,0
1596032546.1501899,337.0025062561035,130.0,0
1596032546.1601942,338.80327701568604,130.0,0
1596032546.1701858,340.6017732620239,130.0,0
1596032546.1801903,342.4025869369507,130.0,0
1596032546.1901789,344.2005252838135,130.0,0
1596032546.2001767,346.00013732910156,130.0,0
1596032546.2101834,347.80133724212646,130.0,0
1596032546.2201927,349.603009223938,130.0,0
1596032546.2301831,351.4012908935547,130.0,0
1596032546.240188,353.2021474838257,130.0,0
1596032546.2501898,355.0024890899658,130.0,0
1596032546.2601938,356.8032169342041,130.0,0
1596032546.2701883,358.60222816467285,130.0,0
1596032546.2779722,360,130.0,1
1596032546.2801826,360.40119647979736,130.0,0
1596032546.2901902,362.2025680541992,130.0,0
1596032546.292668,362.6485872268677,130.0,0
1596032546.292668,451.7945761680603,130.0,0
1596032546.2940352,452.0406527519226,130.0,0
1596032546.2940352,478.6121958255768,130.0,0
1596032546.300189,479.7198837757111,130.0,0
1596032546.310188,481.51971039772036,130.0,0
1596032546.320175,483.3173483371735,130.0,0
1596032546.3301806,485.11837658882143,130.0,0
1596032546.340187,486.9195335865021,130.0,0
1596032546.3501856,488.7192743778229,130.0,0
1596032546.360182,490.51862893104555,130.0,0
1596032546.3701904,492.3201292514801,130.0,0
1596032546.3801818,494.1185825824738,130.0,0
1596032546.390186,495.9193533420563,130.0,0
1596032546.4001858,497.7193087100983,130.0,0
1596032546.4101877,499.5196503162384,130.0,0
1596032546.420175,501.31737408638,130.0,0
1596032546.4301863,503.11938939094546,130.0,0
1596032546.4401863,504.9193876743317,130.0,0
1596032546.4501944,506.720845079422,130.0,0
1596032546.4601777,508.51783928871157,130.0,0
1596032546.4701805,510.31835255622866,130.0,0
1596032546.4801874,512.1195953845978,130.0,0
1596032546.4901936,513.9207094669342,130.0,0
1596032546.5001936,515.7207077503205,130.0,0
1596032546.51018,517.5182598590851,130.0,0
1596032546.5201747,519.3173140048981,130.0,0
1596032546.5301757,521.1174839496613,130.0,0
1596032546.5401876,522.9196280002594,130.0,0
1596032546.5501745,524.7172659397125,130.0,0
1596032546.5601914,526.5203112125397,130.0,0
1596032546.5701833,528.3188503742218,130.0,0
1596032546.580187,530.1195353031159,130.0,0
1596032546.5901926,531.9205206394196,130.0,0
1596032546.6001961,533.7211626529694,130.0,0
1596032546.6101782,535.5179422855377,130.0,0
1596032546.620183,537.3187988758087,130.0,0
1596032546.6301873,539.1195696353913,130.0,0
1596032546.6401913,540.9202974796295,130.0,0
1596032546.65018,542.7182787418366,130.0,0
1596032546.6601808,544.5184057712555,130.0,0
1596032546.6701791,546.3181036472321,130.0,0
1596032546.6801825,548.1187027454376,130.0,0
1596032546.6901898,549.9200314044953,130.0,0
1596032546.7001894,551.719943857193,130.0,0
1596032546.7101872,553.5195559024811,130.0,0
1596032546.7201815,555.3185242176056,130.0,0
1596032546.7301831,557.1188229084015,130.0,0
1596032546.7401888,558.9198511600495,130.0,0
1596032546.7501814,560.7185190677643,130.0,0
1596032546.7601957,562.5210922718048,130.0,0
1596032546.7701797,564.3182152271271,130.0,0
1596032546.7801945,566.1208742618561,130.0,0
1596032546.7901814,567.9185122013092,130.0,0
1596032546.8001819,569.7185963153839,130.0,0
1596032546.8101876,571.5196245670319,130.0,0
1596032546.8201826,573.3187216281891,130.0,0
1596032546.8301845,575.1190632343292,130.0,0
1596032546.840179,576.918074464798,130.0,0
1596032546.850176,578.7175577640534,130.0,0
1596032546.8601887,580.5198305606842,130.0,0
1596032546.8701863,582.3193996906281,130.0,0
1596032546.8801916,584.1203421115875,130.0,0
1596032546.8901832,585.9188383579254,130.0,0
1596032546.9001856,587.719265794754,130.0,0
1596032546.9101765,589.5176332950592,130.0,0
1596032546.9201922,591.3204639911652,130.0,0
1596032546.930175,593.1173723697663,130.0,0
1596032546.940183,594.9187868595124,130.0,0
1596032546.9501839,596.7189568042755,130.0,0
1596032546.9601874,598.5195988178253,130.0,0
1596032546.9701836,600.3189104557038,130.0,0
1596032546.9801767,602.1176641941071,130.0,0
1596032546.9901881,603.9197224140167,130.0,0
1596032547.0001934,605.7206648349762,130.0,0
1596032547.0001934,0,130.0,0
1596032547.0102127,131.80347442626953,130.0,0
1596032547.020203,133.60175609588623,130.0,0
1596032547.0301945,135.40020942687988,130.0,0
1596032547.0401983,137.20089435577393,130.0,0
1596032547.0502002,139.00123596191406,130.0,0
1596032547.060214,140.8037233352661,130.0,0
1596032547.070201,142.60136127471924,130.0,0
1596032547.080207,144.40247535705566,130.0,0
1596032547.0902033,146.20178699493408,130.0,0
1596032547.1002014,148.0014419555664,130.0,0
1596032547.1102045,149.80199813842773,130.0,0
1596032547.1201954,151.6003656387329,130.0,0
1596032547.1302056,153.4022092819214,130.0,0
1596032547.1401932,155.19997596740723,130.0,0
1596032547.1502106,157.00310707092285,130.0,0
1596032547.160209,158.8028049468994,130.0,0
1596032547.1702082,160.60267448425293,130.0,0
1596032547.1802037,162.40185737609863,130.0,0
1596032547.1901991,164.20104026794434,130.0,0
1596032547.200213,166.0035276412964,130.0,0
1596032547.210213,167.80352592468262,130.0,0
1596032547.220211,169.60318088531494,130.0,0
1596032547.2301996,171.40111923217773,130.0,0
1596032547.2402,173.20120334625244,130.0,0
1596032547.2502134,175.00360488891602,130.0,0
1596032547.260207,176.8024444580078,130.0,0
1596032547.2701979,178.600811958313,130.0,0
1596032547.2802029,180.40171146392822,130.0,0
1596032547.290209,182.20282554626465,130.0,0
1596032547.3001938,184.00007724761963,130.0,0
1596032547.3102083,185.8026933670044,130.0,0
1596032547.3202016,187.60149002075195,130.0,0
1596032547.3302007,189.40131664276123,130.0,0
1596032547.3402064,191.20234489440918,130.0,0
1596032547.350211,193.00315856933594,130.0,0
1596032547.3602114,194.80324268341064,130.0,0
1596032547.370194,196.60010814666748,130.0,0
1596032547.3802147,198.40384006500244,130.0,0
1596032547.390212,200.20336627960205,130.0,0
1596032547.400198,202.00083255767822,130.0,0
1596032547.410209,203.8028049468994,130.0,0
1596032547.4201944,205.6001853942871,130.0,0
1596032547.4302075,207.40254402160645,130.0,0
1596032547.4401937,209.20005321502686,130.0,0
1596032547.4502015,211.00146770477295,130.0,0
1596032547.4601994,212.80107975006104,130.0,0
1596032547.47021,214.603009223938,130.0,0
1596032547.4802098,216.40296459197998,130.0,0
1596032547.4902039,218.20188999176025,130.0,0
1596032547.5002005,220.00128746032715,130.0,0
1596032547.5101929,221.79991245269775,130.0,0
1596032547.5202065,223.60235691070557,130.0,0
1596032547.5302136,225.40364265441895,130.0,0
1596032547.540197,227.2006368637085,130.0,0
1596032547.550213,229.00355339050293,130.0,0
1596032547.560203,230.80174922943115,130.0,0
1596032547.5702088,232.6027774810791,130.0,0
1596032547.58021,234.40299034118652,130.0,0
1596032547.5902057,236.20221614837646,130.0,0
1596032547.600211,238.00315856933594,130.0,0
1596032547.610207,239.80247020721436,130.0,0
1596032547.6201942,241.60015106201172,130.0,0
1596032547.6302013,243.4014368057251,130.0,0
1596032547.6402063,245.20233631134033,130.0,0
1596032547.6502023,247.0016050338745,130.0,0
1596032547.6601992,248.80104541778564,130.0,0
1596032547.670209,250.60280323028564,130.0,0
1596032547.6802015,252.4014711380005,130.0,0
1596032547.690211,254.20318603515625,130.0,0
1596032547.700212,256.00335597991943,130.0,0
1596032547.7101965,257.8005647659302,130.0,0
1596032547.7201953,259.6003484725952,130.0,0
1596032547.7302074,261.4025354385376,130.0,0
1596032547.7402124,263.20343494415283,130.0,0
1596032547.7502103,265.0030469894409,130.0,0
1596032547.7602057,266.8022298812866,130.0,0
1596032547.7702014,268.60145568847656,130.0,0
1596032547.7802036,270.40184020996094,130.0,0
1596032547.7902071,272.20248222351074,130.0,0
1596032547.800195,274.0002918243408,130.0,0
1596032547.8101962,275.80050468444824,130.0,0
1596032547.8202128,277.60350704193115,130.0,0
1596032547.8301973,279.4007158279419,130.0,0
1596032547.840214,281.2037181854248,130.0,0
1596032547.8501995,283.0010986328125,130.0,0
1596032547.8601983,284.80088233947754,130.0,0
1596032547.8702097,286.6029405593872,130.0,0
1596032547.8802137,288.4036684036255,130.0,0
1596032547.8902128,290.20349502563477,130.0,0
1596032547.9002132,292.0035791397095,130.0,0
1596032547.9101977,293.8007879257202,130.0,0
1596032547.9202006,295.6013011932373,130.0,0
1596032547.9302063,297.40232944488525,130.0,0
1596032547.9401948,299.20026779174805,130.0,0
1596032547.9502134,301.00361347198486,130.0,0
1596032547.960203,302.8017234802246,130.0,0
1596032547.970197,304.6006488800049,130.0,0
1596032547.9801948,306.40026092529297,130.0,0
1596032547.9902022,308.2015895843506,130.0,0
1596032548.0002112,310.00321865081787,130.0,0
1596032548.0102088,311.8027877807617,130.0,0
1596032548.0202127,313.60347270965576,130.0,0
1596032548.0302055,315.40218353271484,130.0,0
1596032548.040194,317.20012187957764,130.0,0
1596032548.0502136,319.0036392211914,130.0,0
1596032548.060196,320.800461769104,130.0,0
1596032548.0701923,322.59981632232666,130.0,0
1596032548.0802102,324.40303325653076,130.0,0
1596032548.0901968,326.20062828063965,130.0,0
1596032548.1002057,328.0022144317627,130.0,0
1596032548.1102016,329.8014831542969,130.0,0
1596032548.1202106,331.60311222076416,130.0,0
1596032548.130211,333.40319633483887,130.0,0
1596032548.1401927,335.19989013671875,130.0,0
1596032548.1502094,337.00289249420166,130.0,0
1596032548.1601934,338.8000154495239,130.0,0
1596032548.1702116,340.60327529907227,130.0,0
1596032548.1801922,342.3997974395752,130.0,0
1596032548.1902113,344.2032289505005,130.0,0
1596032548.2001977,346.00078105926514,130.0,0
1596032548.2102113,347.80322551727295,130.0,0
1596032548.220206,349.60227966308594,130.0,0
1596032548.2301998,351.401162147522,130.0,0
1596032548.2401958,353.20043087005615,130.0,0
1596032548.2502005,355.00128746032715,130.0,0
1596032548.2602012,356.8014144897461,130.0,0
1596032548.2701998,358.6011552810669,130.0,0
1596032548.2779934,360,130.0,1
1596032548.2802074,360.40252685546875,130.0,0
1596032548.2902114,362.20325469970703,130.0,0
1596032548.292895,362.6863098144531,130.0,0
1596032548.292895,451.80589294433594,130.0,0
1596032548.2954998,452.27474308013916,130.0,0
1596032548.2954998,478.68242292404176,130.0,0
1596032548.3001947,479.527511882782,130.0,0
1596032548.3102016,481.32875471115113,130.0,0
1596032548.3202107,483.1303837776184,130.0,0
1596032548.3302088,484.93003873825074,130.0,0
1596032548.3401957,486.72767667770387,130.0,0
1596032548.3502135,488.53089361190797,130.0,0
1596032548.360214,490.3309777259827,130.0,0
1596032548.3702142,492.13101892471315,130.0,0
1596032548.3801928,493.92715482711793,130.0,0
1596032548.390207,495.72972803115846,130.0,0
1596032548.4002056,497.52946882247926,130.0,0
1596032548.4102006,499.3285658836365,130.0,0
1596032548.4201992,501.1283066749573,130.0,0
1596032548.4301927,502.9271462440491,130.0,0
1596032548.44021,504.7302773475647,130.0,0
1596032548.4502046,506.52928857803346,130.0,0
1596032548.460214,508.330960559845,130.0,0
1596032548.4702032,510.1290276527405,130.0,0
1596032548.480197,511.9279101371765,130.0,0
1596032548.4901924,513.7270930290222,130.0,0
1596032548.5002053,515.5294087409973,130.0,0
1596032548.5102007,517.328591632843,130.0,0
1596032548.520203,519.1290190696716,130.0,0
1596032548.5301979,520.9280732154846,130.0,0
1596032548.540195,522.72755651474,130.0,0
1596032548.5502117,524.5305588722229,130.0,0
1596032548.5601957,526.3276818275451,130.0,0
1596032548.5702066,528.1296542167663,130.0,0
1596032548.5802126,529.9307253837585,130.0,0
1596032548.5902123,531.7306807518005,130.0,0
1596032548.6001966,533.527846622467,130.0,0
1596032548.6102073,535.329776096344,130.0,0
1596032548.6202047,537.1293023109436,130.0,0
1596032548.6302118,538.9305880546569,130.0,0
1596032548.6401951,540.7275822639465,130.0,0
1596032548.6502116,542.5305417060852,130.0,0
1596032548.6601987,544.3282225608825,130.0,0
1596032548.6701944,546.1274483680725,130.0,0
1596032548.6801965,547.9278328895568,130.0,0
1596032548.690213,549.7307923316955,130.0,0
1596032548.7002099,551.5302327156066,130.0,0
1596032548.7102032,553.3290293693542,130.0,0
1596032548.720206,555.1295426368713,130.0,0
1596032548.730194,556.9273951530456,130.0,0
1596032548.7402096,558.7301829338073,130.0,0
1596032548.7501917,560.5269625663757,130.0,0
1596032548.7601962,562.3277762413024,130.0,0
1596032548.7702086,564.1300061225891,130.0,0
1596032548.78021,565.9302618980407,130.0,0
1596032548.790209,567.73008852005,130.0,0
1596032548.800208,569.5299151420593,130.0,0
1596032548.810202,571.3287976264953,130.0,0
1596032548.8202062,573.1295683860778,130.0,0
1596032548.8301966,574.9278500556945,130.0,0
1596032548.8402057,576.7294791221618,130.0,0
1596032548.8502102,578.5302927970886,130.0,0
1596032548.8602116,580.3305485725402,130.0,0
1596032548.8701918,582.1269848823547,130.0,0
1596032548.8802054,583.9294293403625,130.0,0
1596032548.8902054,585.7294276237487,130.0,0
1596032548.9002092,587.5301125526428,130.0,0
1596032548.9101937,589.3273213386535,130.0,0
1596032548.9201968,591.1278775215148,130.0,0
1596032548.930212,592.9306223869323,130.0,0
1596032548.9402013,594.7286894798278,130.0,0
1596032548.9502096,596.5301898002624,130.0,0
1596032548.9602046,598.3292868614196,130.0,0
1596032548.9702125,600.1307013511657,130.0,0
1596032548.980198,601.9280817985534,130.0,0
1596032548.990201,603.7286379814147,130.0,0
1596032549.000208,605.5298808097839,130.0,0
1596032549.000208,0,130.0,0
1596032549.0102184,131.80188655853271,130.0,0
1596032549.0202205,133.6022710800171,130.0,0
1596032549.0302105,135.4004669189453,130.0,0
1596032549.0402203,137.2022247314453,130.0,0
1596032549.050209,139.00020599365234,130.0,0
1596032549.0602167,140.8015775680542,130.0,0
1596032549.0702164,142.6015329360962,130.0,0
1596032549.0802233,144.40277576446533,130.0,0
1596032549.0902107,146.20049953460693,130.0,0
1596032549.1002219,148.00251483917236,130.0,0
1596032549.1102126,149.8008394241333,130.0,0
1596032549.120228,151.60362720489502,130.0,0
1596032549.1302283,153.4036684036255,130.0,0
1596032549.140227,155.20345211029053,130.0,0
1596032549.1502268,157.00340747833252,130.0,0
1596032549.160223,158.80271911621094,130.0,0
1596032549.1702092,160.60022830963135,130.0,0
1596032549.1802268,162.4034023284912,130.0,0
1596032549.1902113,164.20061111450195,130.0,0
1596032549.2002137,166.00103855133057,130.0,0
1596032549.2102137,167.8010368347168,130.0,0
1596032549.220211,169.6005630493164,130.0,0
1596032549.2302203,171.40223503112793,130.0,0
1596032549.2402227,173.20266246795654,130.0,0
1596032549.2502089,175.00017166137695,130.0,0
1596032549.2602108,176.8005132675171,130.0,0
1596032549.2702127,178.60085487365723,130.0,0
1596032549.2802088,180.40016651153564,130.0,0
1596032549.2902215,182.2024393081665,130.0,0
1596032549.3002248,184.00303840637207,130.0,0
1596032549.310212,185.80071926116943,130.0,0
1596032549.3202136,187.60101795196533,130.0,0
1596032549.3302243,189.40294742584229,130.0,0
1596032549.3402278,191.2035894393921,130.0,0
1596032549.3502283,193.0036735534668,130.0,0
1596032549.3602211,194.80238437652588,130.0,0
1596032549.3702192,196.6020393371582,130.0,0
1596032549.3802092,198.40023517608643,130.0,0
1596032549.3902273,200.20349502563477,130.0,0
1596032549.4002256,202.00319290161133,130.0,0
1596032549.41023,203.80396366119385,130.0,0
1596032549.4202118,205.60070037841797,130.0,0
1596032549.4302206,207.40228652954102,130.0,0
1596032549.44023,209.20395851135254,130.0,0
1596032549.4502165,211.00155353546143,130.0,0
1596032549.460224,212.80288219451904,130.0,0
1596032549.4702218,214.60249423980713,130.0,0
1596032549.4802086,216.40013217926025,130.0,0
1596032549.4902215,218.20244789123535,130.0,0
1596032549.5002108,220.00051498413086,130.0,0
1596032549.5102084,221.8000841140747,130.0,0
1596032549.5202193,223.6020565032959,130.0,0
1596032549.5302284,225.40368556976318,130.0,0
1596032549.5402277,227.2035551071167,130.0,0
1596032549.5502229,229.00269508361816,130.0,0
1596032549.560227,230.80342292785645,130.0,0
1596032549.570226,232.60324954986572,130.0,0
1596032549.5802128,234.40088748931885,130.0,0
1596032549.5902214,236.20243072509766,130.0,0
1596032549.6002243,238.00294399261475,130.0,0
1596032549.6102087,239.8001527786255,130.0,0
1596032549.620219,241.60199642181396,130.0,0
1596032549.630226,243.4032392501831,130.0,0
1596032549.6402118,245.20070552825928,130.0,0
1596032549.6502204,247.0022487640381,130.0,0
1596032549.6602278,248.8035774230957,130.0,0
1596032549.6702182,250.6018590927124,130.0,0
1596032549.6802168,252.4015998840332,130.0,0
1596032549.6902132,254.20095443725586,130.0,0
1596032549.700222,256.0025405883789,130.0,0
1596032549.7102182,257.8018522262573,130.0,0
1596032549.720216,259.6014642715454,130.0,0
1596032549.730227,261.4034366607666,130.0,0
1596032549.7402105,263.2004737854004,130.0,0
1596032549.750222,265.00253200531006,130.0,0
1596032549.7602284,266.8036890029907,130.0,0
1596032549.770228,268.6036014556885,130.0,0
1596032549.780221,270.4023551940918,130.0,0
1596032549.7902203,272.2022247314453,130.0,0
1596032549.8002138,274.0010643005371,130.0,0
1596032549.8102229,275.8026933670044,130.0,0
1596032549.8202112,277.60058879852295,130.0,0
1596032549.8302155,279.40135955810547,130.0,0
1596032549.8402178,281.2017869949341,130.0,0
1596032549.8502297,283.0039310455322,130.0,0
1596032549.860225,284.8030710220337,130.0,0
1596032549.8702087,286.6001510620117,130.0,0
1596032549.8802252,288.4031105041504,130.0,0
1596032549.890221,290.20237922668457,130.0,0
1596032549.9002135,292.0010042190552,130.0,0
1596032549.9102168,293.80160331726074,130.0,0
1596032549.9202151,295.6013011932373,130.0,0
1596032549.9302132,297.40095615386963,130.0,0
1596032549.9402297,299.2039155960083,130.0,0
1596032549.9502122,301.00078105926514,130.0,0
1596032549.960211,302.8005647659302,130.0,0
1596032549.9702108,304.60052013397217,130.0,0
1596032549.9802282,306.4036512374878,130.0,0
1596032549.9902284,308.20369243621826,130.0,0
1596032550.000222,310.00253200531006,130.0,0
1596032550.0102093,311.80025577545166,130.0,0
1596032550.020219,313.60201358795166,130.0,0
1596032550.030218,315.4017972946167,130.0,0
1596032550.040229,317.20381259918213,130.0,0
1596032550.0502243,319.0029525756836,130.0,0
1596032550.0602071,320.79986095428467,130.0,0
1596032550.070222,322.6025199890137,130.0,0
1596032550.0802236,324.40281867980957,130.0,0
1596032550.0902271,326.2034606933594,130.0,0
1596032550.1002269,328.00341606140137,130.0,0
1596032550.1102233,329.802770614624,130.0,0
1596032550.120207,331.59985065460205,130.0,0
1596032550.1302266,333.4033679962158,130.0,0
1596032550.140225,335.2030658721924,130.0,0
1596032550.1502254,337.0031499862671,130.0,0
1596032550.1602244,338.80297660827637,130.0,0
1596032550.1702116,340.60065746307373,130.0,0
1596032550.1802223,342.4025869369507,130.0,0
1596032550.1902235,344.2027997970581,130.0,0
1596032550.2002149,346.00125312805176,130.0,0
1596032550.2102199,347.802152633667,130.0,0
1596032550.2202134,349.6009922027588,130.0,0
1596032550.2302196,351.4021062850952,130.0,0
1596032550.2402246,353.20300579071045,130.0,0
1596032550.250208,355.0,130.0,0
1596032550.260223,356.80270195007324,130.0,0
1596032550.2702138,358.6010694503784,130.0,0
1596032550.2780013,360,130.0,1
1596032550.2802103,360.4004240036011,130.0,0
1596032550.2902083,362.2000789642334,130.0,0
1596032550.291873,362.4997138977051,130.0,0
1596032550.291873,451.7499141693115,130.0,0
1596032550.2944772,452.21867847442627,130.0,0
1596032550.2944772,478.66560354232786,130.0,0
1596032550.300226,479.7003783226013,130.0,0
1596032550.3102136,481.49814500808714,130.0,0
1596032550.320211,483.29767122268674,130.0,0
1596032550.3302228,485.0998152732849,130.0,0
1596032550.3402092,486.89736738204954,130.0,0
1596032550.35021,488.6974944114685,130.0,0
1596032550.3602178,490.4989089012146,130.0,0
1596032550.370219,492.299121761322,130.0,0
1596032550.3802285,494.10083665847776,130.0,0
1596032550.39022,495.8992899894714,130.0,0
1596032550.4002194,497.69920244216917,130.0,0
1596032550.4102275,499.5006598472595,130.0,0
1596032550.4202197,501.29924192428587,130.0,0
1596032550.430225,503.10018434524534,130.0,0
1596032550.440215,504.8984230995178,130.0,0
1596032550.4502282,506.70078172683714,130.0,0
1596032550.4602184,508.4990204811096,130.0,0
1596032550.4702258,510.3003491401672,130.0,0
1596032550.4802134,512.098115825653,130.0,0
1596032550.4902248,513.9001740455627,130.0,0
1596032550.500225,515.7002152442932,130.0,0
1596032550.5102258,517.5003422737121,130.0,0
1596032550.5202248,519.3001688957214,130.0,0
1596032550.5302234,521.0999096870422,130.0,0
1596032550.5402143,522.8982771873474,130.0,0
1596032550.5502083,524.6972025871277,130.0,0
1596032550.5602105,526.497587108612,130.0,0
1596032550.5702238,528.2999886512756,130.0,0
1596032550.5802083,530.0971974372864,130.0,0
1596032550.5902267,531.9005002021789,130.0,0
1596032550.6002114,533.6977519035339,130.0,0
1596032550.6102083,535.497192287445,130.0,0
1596032550.6202142,537.2982634544372,130.0,0
1596032550.630216,539.0985621452331,130.0,0
1596032550.6402242,540.9000624656677,130.0,0
1596032550.6502185,542.6990307807922,130.0,0
1596032550.6602259,544.5003594398498,130.0,0
1596032550.6702082,546.2971819877624,130.0,0
1596032550.680223,548.0998410224914,130.0,0
1596032550.6902194,549.8991955757141,130.0,0
1596032550.7002256,551.7003096580505,130.0,0
1596032550.7102249,553.500179195404,130.0,0
1596032550.7202234,555.2999199867248,130.0,0
1596032550.7302153,557.098459148407,130.0,0
1596032550.740214,558.898242855072,130.0,0
1596032550.7502224,560.6997431755066,130.0,0
1596032550.7602186,562.499054813385,130.0,0
1596032550.7702239,564.2999972343445,130.0,0
1596032550.7802267,566.1005105018615,130.0,0
1596032550.7902176,567.8988780021667,130.0,0
1596032550.8002264,569.7004641532898,130.0,0
1596032550.8102078,571.4971150398254,130.0,0
1596032550.8202124,573.2979287147522,130.0,0
1596032550.8302271,575.1005877494812,130.0,0
1596032550.8402069,576.8969382286072,130.0,0
1596032550.8502097,578.6974514961242,130.0,0
1596032550.8602161,580.4986084938049,130.0,0
1596032550.8702188,582.2990788459778,130.0,0
1596032550.8802266,584.1004933357239,130.0,0
1596032550.8902137,585.8981741905212,130.0,0
1596032550.9002259,587.7003611564636,130.0,0
1596032550.9102066,589.4968832969665,130.0,0
1596032550.9202156,591.2985123634338,130.0,0
1596032550.930211,593.0976952552795,130.0,0
1596032550.9402099,594.8974789619446,130.0,0
1596032550.95021,596.697520160675,130.0,0
1596032550.960227,598.5005654335022,130.0,0
1596032550.9702222,600.2997054100036,130.0,0
1596032550.9802108,602.0976437568664,130.0,0
1596032550.9902136,603.8981570243835,130.0,0
