Timestamp,Phase,Offset,Ping?
1595627559.0000956,59.940000000000005,0,0
1595627559.0101254,61.74283069610596,0.333,0
1595627559.0201182,63.541541519165044,0.333,0
1595627559.030126,65.34295600891113,0.333,0
1595627559.0401254,67.14282554626465,0.333,0
1595627559.050111,68.94024890899658,0.333,0
1595627559.0601227,70.74235004425049,0.333,0
1595627559.070114,72.5407604598999,0.333,0
1595627559.080117,74.34131664276123,0.333,0
1595627559.090117,76.14131492614746,0.333,0
1595627559.1001198,77.94182819366455,0.333,0
1595627559.110113,79.74058193206787,0.333,0
1595627559.1201246,81.54268306732178,0.333,0
1595627559.1301095,83.339977684021,0.333,0
1595627559.1401148,85.14092010498047,0.333,0
1595627559.1501095,86.93997425079345,0.333,0
1595627559.160124,88.74259037017822,0.333,0
1595627559.1701126,90.54052871704101,0.333,0
1595627559.1801229,92.34237236022949,0.333,0
1595627559.190113,94.14061111450195,0.333,0
1595627559.2001255,95.94284099578857,0.333,0
1595627559.2101178,97.74146598815918,0.333,0
1595627559.2201242,99.54262298583984,0.333,0
1595627559.2301164,101.34120506286621,0.333,0
1595627559.2401273,103.1431774520874,0.333,0
1595627559.2501166,104.94124454498291,0.333,0
1595627559.2601154,106.74102825164795,0.333,0
1595627559.2701175,108.54141277313232,0.333,0
1595627559.2801116,110.3403381729126,0.333,0
1595627559.290119,112.14166683197021,0.333,0
1595627559.300116,113.94115013122558,0.333,0
1595627559.3101215,115.7421354675293,0.333,0
1595627559.3201244,117.54264873504638,0.333,0
1595627559.3301148,119.34093040466308,0.333,0
1595627559.340119,121.14165824890136,0.333,0
1595627559.348656,122.6783279800415,0.333,0
1595627559.348656,122.67832798004153,0.33300000000000024,0
1595627559.3501222,122.94225734710696,0.33300000000000024,0
1595627559.3601196,124.74178356170657,0.33300000000000024,0
1595627559.3701246,126.5426830673218,0.33300000000000024,0
1595627559.380112,128.3404068374634,0.33300000000000024,0
1595627559.3901117,130.1403622055054,0.33300000000000024,0
1595627559.4001145,131.9408754730225,0.33300000000000024,0
1595627559.4101272,133.74314826965335,0.33300000000000024,0
1595627559.4201176,135.54142993927005,0.33300000000000024,0
1595627559.4301264,137.3430160903931,0.33300000000000024,0
1595627559.440126,139.14292854309085,0.33300000000000024,0
1595627559.450125,140.94275516510012,0.33300000000000024,0
1595627559.4601114,142.74030727386477,0.33300000000000024,0
1595627559.470119,144.54167884826663,0.33300000000000024,0
1595627559.480114,146.34077590942385,0.33300000000000024,0
1595627559.4901211,148.14206165313723,0.33300000000000024,0
1595627559.5001273,149.94317573547366,0.33300000000000024,0
1595627559.5101094,151.73995536804202,0.33300000000000024,0
1595627559.5201116,153.5403398895264,0.33300000000000024,0
1595627559.5301104,155.34012359619143,0.33300000000000024,0
1595627559.540117,157.14132350921633,0.33300000000000024,0
1595627559.550111,158.9402489089966,0.33300000000000024,0
1595627559.5601234,160.74247879028323,0.33300000000000024,0
1595627559.5701098,162.54003089904788,0.33300000000000024,0
1595627559.5801165,164.34123081207278,0.33300000000000024,0
1595627559.5901096,166.1399845504761,0.33300000000000024,0
1595627559.6001248,167.94272941589358,0.33300000000000024,0
1595627559.610109,169.73989528656008,0.33300000000000024,0
1595627559.6201174,171.54139560699466,0.33300000000000024,0
1595627559.6301115,173.34032100677493,0.33300000000000024,0
1595627559.640116,175.1411346817017,0.33300000000000024,0
1595627559.6501164,176.9412187957764,0.33300000000000024,0
1595627559.6601098,178.74001544952395,0.33300000000000024,0
1595627559.6701195,180.54177326202395,0.33300000000000024,0
1595627559.6801252,182.3428015136719,0.33300000000000024,0
1595627559.690121,184.14202732086184,0.33300000000000024,0
1595627559.70012,185.94185394287112,0.33300000000000024,0
1595627559.710119,187.7416805648804,0.33300000000000024,0
1595627559.7201128,189.54056304931643,0.33300000000000024,0
1595627559.730124,191.34257835388186,0.33300000000000024,0
1595627559.74011,193.14004463195803,0.33300000000000024,0
1595627559.7501118,194.94038623809817,0.33300000000000024,0
1595627559.7601159,196.74111408233645,0.33300000000000024,0
1595627559.7701204,198.5419277572632,0.33300000000000024,0
1595627559.7801154,200.34102481842044,0.33300000000000024,0
1595627559.7901254,202.14282554626467,0.33300000000000024,0
1595627559.8001099,203.94003433227542,0.33300000000000024,0
1595627559.8101258,205.7429079437256,0.33300000000000024,0
1595627559.8201187,207.5416187667847,0.33300000000000024,0
1595627559.8301196,209.34178871154788,0.33300000000000024,0
1595627559.8401186,211.14161533355716,0.33300000000000024,0
1595627559.8501272,212.94315856933596,0.33300000000000024,0
1595627559.8601198,214.7418264770508,0.33300000000000024,0
1595627559.8701158,216.541095199585,0.33300000000000024,0
1595627559.880123,218.34238094329837,0.33300000000000024,0
1595627559.8901162,220.14117759704592,0.33300000000000024,0
1595627559.900115,221.94096130371096,0.33300000000000024,0
1595627559.910112,223.7404016876221,0.33300000000000024,0
1595627559.9201262,225.54297489166262,0.33300000000000024,0
1595627559.930115,227.34095615386966,0.33300000000000024,0
1595627559.9401152,229.14099735260012,0.33300000000000024,0
1595627559.9501255,230.9428409957886,0.33300000000000024,0
1595627559.9601269,232.74309677124026,0.33300000000000024,0
1595627559.9701204,234.54193634033206,0.33300000000000024,0
1595627559.9801114,236.34030384063723,0.33300000000000024,0
1595627559.9901168,238.14128917694094,0.33300000000000024,0
1595627560.0001254,239.94283241271975,0.33300000000000024,0
1595627560.010124,241.74257320404055,0.33300000000000024,0
1595627560.0201144,243.54085487365725,0.33300000000000024,0
1595627560.0301204,245.34192604064944,0.33300000000000024,0
1595627560.0401232,247.14243930816653,0.33300000000000024,0
1595627560.0501163,248.94119304656985,0.33300000000000024,0
1595627560.0601218,250.74217838287356,0.33300000000000024,0
1595627560.0701087,252.5398163223267,0.33300000000000024,0
1595627560.080117,254.34131664276126,0.33300000000000024,0
1595627560.09011,256.1400703811646,0.33300000000000024,0
1595627560.1001246,257.94268650054937,0.33300000000000024,0
1595627560.1101205,259.74195522308355,0.33300000000000024,0
1595627560.1201153,261.54100936889654,0.33300000000000024,0
1595627560.1301265,263.34302467346197,0.33300000000000024,0
1595627560.1401253,265.142808380127,0.33300000000000024,0
1595627560.150122,266.9422058486939,0.33300000000000024,0
1595627560.1601207,268.74198955535894,0.33300000000000024,0
1595627560.1701245,270.542674484253,0.33300000000000024,0
1595627560.1801212,272.3420719528199,0.33300000000000024,0
1595627560.190117,274.1412977600098,0.33300000000000024,0
1595627560.20012,275.94185394287115,0.33300000000000024,0
1595627560.2101243,277.74262470245367,0.33300000000000024,0
1595627560.220116,279.54112094879156,0.33300000000000024,0
1595627560.230127,281.343136253357,0.33300000000000024,0
1595627560.2401106,283.1401733779908,0.33300000000000024,0
1595627560.2501144,284.9408583068848,0.33300000000000024,0
1595627560.260118,286.7415003204346,0.33300000000000024,0
1595627560.270113,288.54059738159185,0.33300000000000024,0
1595627560.2801173,290.34136814117437,0.33300000000000024,0
1595627560.2901235,292.1424822235108,0.33300000000000024,0
1595627560.300109,293.9398626708985,0.33300000000000024,0
1595627560.31011,295.7400755310059,0.33300000000000024,0
1595627560.3201115,297.5403313064576,0.33300000000000024,0
1595627560.3301258,299.3429045104981,0.33300000000000024,0
1595627560.340111,301.14024204254156,0.33300000000000024,0
1595627560.3501143,302.9408411407471,0.33300000000000024,0
1595627560.3601165,304.7412256622315,0.33300000000000024,0
1595627560.3701262,306.5429834747315,0.33300000000000024,0
1595627560.3801117,308.3403639221192,0.33300000000000024,0
1595627560.3901238,310.1425508880616,0.33300000000000024,0
1595627560.400127,311.9431070709229,0.33300000000000024,0
1595627560.4101162,313.7411741638184,0.33300000000000024,0
1595627560.4201183,315.5415586853028,0.33300000000000024,0
1595627560.4301102,317.3400978469849,0.33300000000000024,0
1595627560.4401114,319.14031070709234,0.33300000000000024,0
1595627560.4501092,320.9399227523804,0.33300000000000024,0
1595627560.4601195,322.7417663955689,0.33300000000000024,0
1595627560.4701133,324.54064888000494,0.33300000000000024,0
1595627560.480121,326.3420204544068,0.33300000000000024,0
1595627560.490118,328.14150375366216,0.33300000000000024,0
1595627560.5001092,329.9399141693116,0.33300000000000024,0
1595627560.51012,331.74184364318853,0.33300000000000024,0
1595627560.5201085,333.5397819900513,0.33300000000000024,0
1595627560.5301204,335.34192604064947,0.33300000000000024,0
1595627560.54012,337.1418384933472,0.33300000000000024,0
1595627560.5501256,338.9428667449952,0.33300000000000024,0
1595627560.5601213,340.7420925521851,0.33300000000000024,0
1595627560.5701098,342.5400308990479,0.33300000000000024,0
1595627560.580119,344.3416599655152,0.33300000000000024,0
1595627560.590125,346.1427740478516,0.33300000000000024,0
1595627560.6001263,347.94298690795904,0.33300000000000024,0
1595627560.6101205,349.74195522308355,0.33300000000000024,0
1595627560.6201208,351.541996421814,0.33300000000000024,0
1595627560.6301148,353.3409218215943,0.33300000000000024,0
1595627560.640119,355.1416925811768,0.33300000000000024,0
1595627560.6501126,356.9405321502686,0.33300000000000024,0
1595627560.6601264,358.74301952362066,0.33300000000000024,0
1595627560.66711,360,0.33300000000000024,1
1595627560.66711,0,0,0
1595627560.677124,1.802530288696289,0,0
1595627560.6871154,3.6009836196899414,0,0
1595627560.697116,5.401067733764648,0,0
1595627560.7071266,7.202997207641602,0,0
1595627560.7171166,9.001193046569824,0,0
1595627560.7271237,10.802478790283203,0,0
1595627560.7371206,12.601919174194336,0,0
1595627560.7471163,14.401144981384277,0,0
1595627560.7571242,16.20255947113037,0,0
1595627560.7671125,18.000454902648926,0,0
1595627560.7771258,19.8028564453125,0,0
1595627560.7871106,21.60010814666748,0,0
1595627560.7971256,23.402810096740723,0,0
1595627560.8071272,25.20310878753662,0,0
1595627560.8171206,27.00190544128418,0,0
1595627560.8271153,28.800959587097168,0,0
1595627560.8371222,30.60220241546631,0,0
1595627560.8471098,32.39996910095215,0,0
1595627560.8571131,34.200568199157715,0,0
1595627560.8671257,36.002840995788574,0,0
1595627560.877126,37.80288219451904,0,0
1595627560.8871274,39.6031379699707,0,0
1595627560.8971226,41.40227794647217,0,0
1595627560.9071243,43.202576637268066,0,0
1595627560.9171157,45.00102996826172,0,0
1595627560.9271164,46.801156997680664,0,0
1595627560.9371097,48.59995365142822,0,0
1595627560.947111,50.400166511535645,0,0
1595627560.9571152,52.200937271118164,0,0
1595627560.967116,54.00110721588135,0,0
1595627560.9771168,55.80123424530029,0,0
1595627560.9871235,57.602434158325195,0,0
1595627560.9971285,59.40333366394043,0,0
1595627561.007118,61.201443672180176,0,0
1595627561.0171163,63.00114154815674,0,0
1595627561.0271156,64.80101108551025,0,0
1595627561.037119,66.60161018371582,0,0
1595627561.047113,68.4005355834961,0,0
1595627561.057115,70.20092010498047,0,0
1595627561.0671268,72.00302124023438,0,0
1595627561.077128,73.8032341003418,0,0
1595627561.087127,75.60306072235107,0,0
1595627561.0971165,77.40117073059082,0,0
1595627561.107128,79.20322895050049,0,0
1595627561.117128,81.00322723388672,0,0
1595627561.1271186,82.80155181884766,0,0
1595627561.1371212,84.60202217102051,0,0
1595627561.1471174,86.40133380889893,0,0
1595627561.1571229,88.20231914520264,0,0
1595627561.167113,90.0005578994751,0,0
1595627561.1771245,91.80261611938477,0,0
1595627561.1871145,93.60081195831299,0,0
1595627561.1971254,95.40278434753418,0,0
1595627561.2071266,97.2029972076416,0,0
1595627561.2171168,99.00123596191406,0,0
1595627561.2271225,100.80226421356201,0,0
1595627561.2371235,102.6024341583252,0,0
1595627561.2471273,104.40311908721924,0,0
1595627561.257112,106.20037078857422,0,0
1595627561.2671258,108.00285816192627,0,0
1595627561.2771175,109.80135440826416,0,0
1595627561.2871118,111.60032272338867,0,0
1595627561.297118,113.4014368057251,0,0
1595627561.3071277,115.2031946182251,0,0
1595627561.3171258,117.00284957885742,0,0
1595627561.327122,118.80216121673584,0,0
1595627561.3371115,120.60027122497559,0,0
1595627561.347114,122.40074157714844,0,0
1595627561.3487377,122.69299507141113,0,0
1595627561.3487377,122.69299507141119,3.3306690738754696e-16,0
1595627561.3571205,124.20189857482916,3.3306690738754696e-16,0
1595627561.3671281,126.00327014923101,3.3306690738754696e-16,0
1595627561.3771217,127.80210971832281,3.3306690738754696e-16,0
1595627561.3871179,129.60142135620123,3.3306690738754696e-16,0
1595627561.3971214,131.40206336975103,3.3306690738754696e-16,0
1595627561.4071229,133.2023191452027,3.3306690738754696e-16,0
1595627561.4171212,135.00201702117926,3.3306690738754696e-16,0
1595627561.427126,136.80287361145025,3.3306690738754696e-16,0
1595627561.4371104,138.600082397461,3.3306690738754696e-16,0
1595627561.44711,140.39999485015875,3.3306690738754696e-16,0
1595627561.4571137,142.2006797790528,3.3306690738754696e-16,0
1595627561.4671216,144.00209426879888,3.3306690738754696e-16,0
1595627561.4771192,145.80166339874273,3.3306690738754696e-16,0
1595627561.4871268,147.6030349731446,3.3306690738754696e-16,0
1595627561.4971235,149.40243244171148,3.3306690738754696e-16,0
1595627561.5071182,151.20148658752447,3.3306690738754696e-16,0
1595627561.517118,153.00144195556646,3.3306690738754696e-16,0
1595627561.5271184,154.80152606964117,3.3306690738754696e-16,0
1595627561.537128,156.60324096679693,3.3306690738754696e-16,0
1595627561.547116,158.40109348297125,3.3306690738754696e-16,0
1595627561.5571198,160.2017784118653,3.3306690738754696e-16,0
1595627561.567126,162.00289249420172,3.3306690738754696e-16,0
1595627561.5771146,163.8008308410645,3.3306690738754696e-16,0
1595627561.5871224,165.6022453308106,3.3306690738754696e-16,0
1595627561.5971093,167.39988327026373,3.3306690738754696e-16,0
1595627561.607119,169.20164108276373,3.3306690738754696e-16,0
1595627561.6171217,171.00211143493658,3.3306690738754696e-16,0
1595627561.6271095,172.79992103576666,3.3306690738754696e-16,0
1595627561.6371162,174.60112094879156,3.3306690738754696e-16,0
1595627561.6471264,176.40296459198004,3.3306690738754696e-16,0
1595627561.6571264,178.20296287536627,3.3306690738754696e-16,0
1595627561.6671262,180.0029182434083,3.3306690738754696e-16,0
1595627561.6771207,181.80192947387704,3.3306690738754696e-16,0
1595627561.6871147,183.6008548736573,3.3306690738754696e-16,0
1595627561.6971123,185.40042400360116,3.3306690738754696e-16,0
1595627561.7071137,187.20067977905282,3.3306690738754696e-16,0
1595627561.7171128,189.0005064010621,3.3306690738754696e-16,0
1595627561.727124,190.80252170562753,3.3306690738754696e-16,0
1595627561.7371233,192.60239124298104,3.3306690738754696e-16,0
1595627561.7471242,194.40256118774423,3.3306690738754696e-16,0
1595627561.7571242,196.20255947113046,3.3306690738754696e-16,0
1595627561.7671268,198.0030298233033,3.3306690738754696e-16,0
1595627561.7771091,199.7998523712159,3.3306690738754696e-16,0
1595627561.78711,201.6000223159791,3.3306690738754696e-16,0
1595627561.7971187,203.4015655517579,3.3306690738754696e-16,0
1595627561.8071196,205.20173549652108,3.3306690738754696e-16,0
1595627561.817119,207.0016050338746,3.3306690738754696e-16,0
1595627561.827111,208.80018711090096,3.3306690738754696e-16,0
1595627561.8371139,210.60070037841805,3.3306690738754696e-16,0
1595627561.8471117,212.40031242370614,3.3306690738754696e-16,0
1595627561.8571212,214.2020273208619,3.3306690738754696e-16,0
1595627561.867126,216.0028839111329,3.3306690738754696e-16,0
1595627561.8771143,217.80077934265145,3.3306690738754696e-16,0
1595627561.8871226,219.60227966308602,3.3306690738754696e-16,0
1595627561.8971138,221.40069007873544,3.3306690738754696e-16,0
1595627561.9071126,223.20047378540048,3.3306690738754696e-16,0
1595627561.91712,225.0018024444581,3.3306690738754696e-16,0
1595627561.927115,226.80089950561532,3.3306690738754696e-16,0
1595627561.9371164,228.60115528106698,3.3306690738754696e-16,0
1595627561.94711,230.39999485015878,3.3306690738754696e-16,0
1595627561.9571185,232.20153808593759,3.3306690738754696e-16,0
1595627561.9671164,234.00115013122567,3.3306690738754696e-16,0
1595627561.977113,235.80054759979257,3.3306690738754696e-16,0
1595627561.9871225,237.60226249694833,3.3306690738754696e-16,0
1595627561.9971144,239.40080165863046,3.3306690738754696e-16,0
1595627562.0071175,241.20135784149178,3.3306690738754696e-16,0
1595627562.0171118,243.0003261566163,3.3306690738754696e-16,0
1595627562.0271094,244.79989528656014,3.3306690738754696e-16,0
1595627562.0371096,246.5999364852906,3.3306690738754696e-16,0
1595627562.047121,248.40199470520028,3.3306690738754696e-16,0
1595627562.0571249,250.20267963409432,3.3306690738754696e-16,0
1595627562.06712,252.0018196105958,3.3306690738754696e-16,0
1595627562.0771117,253.80031585693368,3.3306690738754696e-16,0
1595627562.087118,255.6014299392701,3.3306690738754696e-16,0
1595627562.0971239,257.40250110626226,3.3306690738754696e-16,0
1595627562.1071246,259.2026281356812,3.3306690738754696e-16,0
1595627562.1171246,261.00262641906744,3.3306690738754696e-16,0
1595627562.1271262,262.80292510986334,3.3306690738754696e-16,0
1595627562.1371195,264.6017217636109,3.3306690738754696e-16,0
1595627562.1471126,266.4004755020142,3.3306690738754696e-16,0
1595627562.1571238,268.20249080657965,3.3306690738754696e-16,0
1595627562.1671169,270.00124454498297,3.3306690738754696e-16,0
1595627562.1771255,271.8027877807618,3.3306690738754696e-16,0
1595627562.1871247,273.6026573181153,3.3306690738754696e-16,0
1595627562.1971257,275.4028272628785,3.3306690738754696e-16,0
1595627562.2071197,277.20175266265875,3.3306690738754696e-16,0
1595627562.217111,279.0002059936524,3.3306690738754696e-16,0
1595627562.2271247,280.8026504516602,3.3306690738754696e-16,0
1595627562.2371132,282.600588798523,3.3306690738754696e-16,0
1595627562.2471232,284.40238952636724,3.3306690738754696e-16,0
1595627562.2571192,286.2016582489014,3.3306690738754696e-16,0
1595627562.26711,288.0000257492066,3.3306690738754696e-16,0
1595627562.2771192,289.8016548156739,3.3306690738754696e-16,0
1595627562.287121,291.601996421814,3.3306690738754696e-16,0
1595627562.297121,293.40199470520025,3.3306690738754696e-16,0
1595627562.3071132,295.2005767822266,3.3306690738754696e-16,0
1595627562.317113,297.0005321502686,3.3306690738754696e-16,0
1595627562.3271093,298.79988670349127,3.3306690738754696e-16,0
1595627562.3371243,300.6025886535645,3.3306690738754696e-16,0
1595627562.3471193,302.40168571472174,3.3306690738754696e-16,0
1595627562.3571236,304.20245647430426,3.3306690738754696e-16,0
1595627562.3671083,305.99970817565924,3.3306690738754696e-16,0
1595627562.3771172,307.8012943267823,3.3306690738754696e-16,0
1595627562.387121,309.6019792556763,3.3306690738754696e-16,0
1595627562.397114,311.40073299407965,3.3306690738754696e-16,0
1595627562.407124,313.2025337219239,3.3306690738754696e-16,0
1595627562.4171143,315.00077247619635,3.3306690738754696e-16,0
1595627562.4271226,316.8022727966309,3.3306690738754696e-16,0
1595627562.437122,318.60218524932867,3.3306690738754696e-16,0
1595627562.4471197,320.4017543792725,3.3306690738754696e-16,0
1595627562.4571228,322.20231056213385,3.3306690738754696e-16,0
1595627562.4671133,324.00059223175055,3.3306690738754696e-16,0
1595627562.4771235,325.802435874939,3.3306690738754696e-16,0
1595627562.4871225,327.6022624969483,3.3306690738754696e-16,0
1595627562.4971163,329.40114498138433,3.3306690738754696e-16,0
1595627562.5071182,331.20148658752447,3.3306690738754696e-16,0
1595627562.5171108,333.0001544952393,3.3306690738754696e-16,0
1595627562.527114,334.80071067810064,3.3306690738754696e-16,0
1595627562.537124,336.6025114059449,3.3306690738754696e-16,0
1595627562.5471268,338.40302467346197,3.3306690738754696e-16,0
1595627562.5571268,340.2030229568482,3.3306690738754696e-16,0
1595627562.5671098,341.9999742507935,3.3306690738754696e-16,0
1595627562.5771236,343.80246162414556,3.3306690738754696e-16,0
1595627562.58711,345.6000137329102,3.3306690738754696e-16,0
1595627562.5971262,347.40293025970465,3.3306690738754696e-16,0
1595627562.6071243,349.20258522033697,3.3306690738754696e-16,0
1595627562.6171157,351.0010385513306,3.3306690738754696e-16,0
1595627562.627114,352.8007364273072,3.3306690738754696e-16,0
1595627562.6371102,354.6000480651856,3.3306690738754696e-16,0
1595627562.6471267,356.4030075073243,3.3306690738754696e-16,0
1595627562.6571198,358.2017612457276,3.3306690738754696e-16,0
1595627562.6671183,360,3.3306690738754696e-16,1
1595627562.6671183,0,0,0
1595627562.6771238,1.800985336303711,0,0
1595627562.6871326,3.602571487426758,0,0
1595627562.6971369,5.403342247009277,0,0
1595627562.7071304,7.202181816101074,0,0
1595627562.7171314,9.002351760864258,0,0
1595627562.7271192,10.800161361694336,0,0
1595627562.7371347,12.602949142456055,0,0
1595627562.747125,14.401187896728516,0,0
1595627562.7571294,16.202001571655273,0,0
1595627562.7671194,18.000197410583496,0,0
1595627562.7771285,19.80182647705078,0,0
1595627562.7871192,21.60015106201172,0,0
1595627562.7971294,23.401994705200195,0,0
1595627562.8071198,25.200276374816895,0,0
1595627562.8171306,27.002205848693848,0,0
1595627562.8271363,28.803234100341797,0,0
1595627562.8371203,30.600357055664062,0,0
1595627562.8471193,32.40018367767334,0,0
1595627562.857126,34.20138359069824,0,0
1595627562.8671372,36.00339889526367,0,0
1595627562.877134,37.802839279174805,0,0
1595627562.8871202,39.600348472595215,0,0
1595627562.897136,41.40317916870117,0,0
1595627562.9071212,43.20051670074463,0,0
1595627562.9171278,45.00171661376953,0,0
1595627562.9271348,46.80295944213867,0,0
1595627562.9371328,48.602614402770996,0,0
1595627562.9471204,50.400381088256836,0,0
1595627562.9571257,52.20132350921631,0,0
1595627562.9671195,54.000205993652344,0,0
1595627562.9771254,55.80127716064453,0,0
1595627562.9871309,57.60226249694824,0,0
1595627562.9971263,59.401445388793945,0,0
1595627563.0071192,61.20015621185303,0,0
1595627563.017131,63.00230026245117,0,0
1595627563.027129,64.80191230773926,0,0
1595627563.0371273,66.60161018371582,0,0
1595627563.0471199,68.40027809143066,0,0
1595627563.0571325,70.20255088806152,0,0
1595627563.0671325,72.00254917144775,0,0
1595627563.0771222,73.80070209503174,0,0
1595627563.0871227,75.60078620910645,0,0
1595627563.097124,77.4010419845581,0,0
1595627563.1071286,79.20185565948486,0,0
1595627563.117122,81.00065231323242,0,0
1595627563.1271336,82.80275344848633,0,0
1595627563.137124,84.60103511810303,0,0
1595627563.147123,86.4008617401123,0,0
1595627563.157121,88.20047378540039,0,0
1595627563.1671329,90.00261783599854,0,0
1595627563.1771262,91.8014144897461,0,0
1595627563.1871252,93.60124111175537,0,0
1595627563.1971338,95.40278434753418,0,0
1595627563.207131,97.20226764678955,0,0
1595627563.2171283,99.00179386138916,0,0
1595627563.227136,100.80316543579102,0,0
1595627563.2371244,102.60110378265381,0,0
1595627563.2471194,104.40020084381104,0,0
1595627563.2571309,106.2022590637207,0,0
1595627563.267132,108.00247192382812,0,0
1595627563.2771342,109.8028564453125,0,0
1595627563.2871227,111.6007947921753,0,0
1595627563.2971327,113.40259552001953,0,0
1595627563.3071263,115.20143508911133,0,0
1595627563.317131,117.00229167938232,0,0
1595627563.3271277,118.80168914794922,0,0
1595627563.3371322,120.60250282287598,0,0
1595627563.3471253,122.4012565612793,0,0
1595627563.3475919,122.48524188995361,0,0
1595627563.3475919,122.4852418899536,-1.1102230246251565e-16,0
1595627563.3571205,124.20039653778075,-1.1102230246251565e-16,0
1595627563.367119,126.00013732910155,-1.1102230246251565e-16,0
1595627563.3771224,127.80073642730711,-1.1102230246251565e-16,0
1595627563.3871195,129.60021972656247,-1.1102230246251565e-16,0
1595627563.3971233,131.40090465545651,-1.1102230246251565e-16,0
1595627563.4071329,133.20261955261228,-1.1102230246251565e-16,0
1595627563.4171255,135.00128746032712,-1.1102230246251565e-16,0
1595627563.4271307,136.8022298812866,-1.1102230246251565e-16,0
1595627563.4371297,138.60205650329587,-1.1102230246251565e-16,0
1595627563.4471314,140.40235519409177,-1.1102230246251565e-16,0
1595627563.4571214,142.20055103302,-1.1102230246251565e-16,0
1595627563.4671304,144.00218009948728,-1.1102230246251565e-16,0
1595627563.477126,145.80136299133298,-1.1102230246251565e-16,0
1595627563.4871347,147.60294914245603,-1.1102230246251565e-16,0
1595627563.4971292,149.40196037292478,-1.1102230246251565e-16,0
1595627563.5071328,151.20260238647458,-1.1102230246251565e-16,0
1595627563.5171251,153.0012273788452,-1.1102230246251565e-16,0
1595627563.5271213,154.8005390167236,-1.1102230246251565e-16,0
1595627563.5371256,156.60130977630612,-1.1102230246251565e-16,0
1595627563.54712,158.40032100677487,-1.1102230246251565e-16,0
1595627563.557128,160.20173549652097,-1.1102230246251565e-16,0
1595627563.5671175,161.9998455047607,-1.1102230246251565e-16,0
1595627563.5771224,163.80074501037595,-1.1102230246251565e-16,0
1595627563.587124,165.60104370117185,-1.1102230246251565e-16,0
1595627563.597118,167.39992618560788,-1.1102230246251565e-16,0
1595627563.607132,169.20245647430417,-1.1102230246251565e-16,0
1595627563.6171174,170.99983692169187,-1.1102230246251565e-16,0
1595627563.6271188,172.80009269714353,-1.1102230246251565e-16,0
1595627563.6371307,174.60223674774167,-1.1102230246251565e-16,0
1595627563.6471174,176.39983177185056,-1.1102230246251565e-16,0
1595627563.6571245,178.20111751556394,-1.1102230246251565e-16,0
1595627563.6671176,179.99987125396726,-1.1102230246251565e-16,0
1595627563.6771185,181.80004119873047,-1.1102230246251565e-16,0
1595627563.6871285,183.6018419265747,-1.1102230246251565e-16,0
1595627563.6971304,185.40218353271484,-1.1102230246251565e-16,0
1595627563.707124,187.20102310180664,-1.1102230246251565e-16,0
1595627563.7171276,189.00166511535645,-1.1102230246251565e-16,0
1595627563.7271197,190.8002471923828,-1.1102230246251565e-16,0
1595627563.7371206,192.600417137146,-1.1102230246251565e-16,0
1595627563.7471294,194.40200328826904,-1.1102230246251565e-16,0
1595627563.7571206,196.20041370391846,-1.1102230246251565e-16,0
1595627563.7671342,198.00285816192627,-1.1102230246251565e-16,0
1595627563.7771308,199.80225563049316,-1.1102230246251565e-16,0
1595627563.7871263,201.60143852233887,-1.1102230246251565e-16,0
1595627563.7971325,203.4025526046753,-1.1102230246251565e-16,0
1595627563.8071313,205.20233631134033,-1.1102230246251565e-16,0
1595627563.8171306,207.00220584869385,-1.1102230246251565e-16,0
1595627563.8271236,208.80095958709717,-1.1102230246251565e-16,0
1595627563.8371208,210.60044288635254,-1.1102230246251565e-16,0
1595627563.8471177,212.39988327026367,-1.1102230246251565e-16,0
1595627563.85713,214.2021131515503,-1.1102230246251565e-16,0
1595627563.867131,216.00228309631348,-1.1102230246251565e-16,0
1595627563.8771188,217.80009269714355,-1.1102230246251565e-16,0
1595627563.8871202,219.60034847259521,-1.1102230246251565e-16,0
1595627563.8971353,221.40305042266846,-1.1102230246251565e-16,0
1595627563.9071333,223.20270538330078,-1.1102230246251565e-16,0
1595627563.9171276,225.0016736984253,-1.1102230246251565e-16,0
1595627563.9271188,226.8000841140747,-1.1102230246251565e-16,0
1595627563.93712,228.60029697418213,-1.1102230246251565e-16,0
1595627563.9471304,230.40218353271484,-1.1102230246251565e-16,0
1595627563.9571319,232.2024393081665,-1.1102230246251565e-16,0
1595627563.9671175,233.99986267089844,-1.1102230246251565e-16,0
1595627563.977128,235.80174922943115,-1.1102230246251565e-16,0
1595627563.987129,237.60191917419434,-1.1102230246251565e-16,0
1595627563.9971356,239.40311908721924,-1.1102230246251565e-16,0
1595627564.0071237,241.20097160339355,-1.1102230246251565e-16,0
1595627564.0171213,243.0005407333374,-1.1102230246251565e-16,0
1595627564.027133,244.8026418685913,-1.1102230246251565e-16,0
1595627564.037134,246.6028118133545,-1.1102230246251565e-16,0
1595627564.0471334,248.40272426605225,-1.1102230246251565e-16,0
1595627564.0571308,250.20225048065186,-1.1102230246251565e-16,0
1595627564.0671263,252.00143337249756,-1.1102230246251565e-16,0
1595627564.0771348,253.80297660827637,-1.1102230246251565e-16,0
1595627564.087136,255.6031894683838,-1.1102230246251565e-16,0
1595627564.097135,257.40301609039307,-1.1102230246251565e-16,0
1595627564.1071258,259.201340675354,-1.1102230246251565e-16,0
1595627564.117133,261.0026264190674,-1.1102230246251565e-16,0
1595627564.1271315,262.8023672103882,-1.1102230246251565e-16,0
1595627564.1371198,264.60026264190674,-1.1102230246251565e-16,0
1595627564.1471224,266.4007329940796,-1.1102230246251565e-16,0
1595627564.1571243,268.2010746002197,-1.1102230246251565e-16,0
1595627564.1671238,270.0009870529175,-1.1102230246251565e-16,0
1595627564.1771207,271.8004274368286,-1.1102230246251565e-16,0
1595627564.1871247,273.6011552810669,-1.1102230246251565e-16,0
1595627564.1971276,275.401668548584,-1.1102230246251565e-16,0
1595627564.207127,277.20158100128174,-1.1102230246251565e-16,0
1595627564.2171168,278.9997339248657,-1.1102230246251565e-16,0
1595627564.2271342,280.80286502838135,-1.1102230246251565e-16,0
1595627564.237133,282.6026487350464,-1.1102230246251565e-16,0
1595627564.2471247,284.4011449813843,-1.1102230246251565e-16,0
1595627564.2571244,286.20110034942627,-1.1102230246251565e-16,0
1595627564.2671204,288.00036907196045,-1.1102230246251565e-16,0
1595627564.2771263,289.80144023895264,-1.1102230246251565e-16,0
1595627564.2871244,291.60109519958496,-1.1102230246251565e-16,0
1595627564.2971227,293.4007930755615,-1.1102230246251565e-16,0
1595627564.3071313,295.20233631134033,-1.1102230246251565e-16,0
1595627564.3171334,297.0027208328247,-1.1102230246251565e-16,0
1595627564.327122,298.8006591796875,-1.1102230246251565e-16,0
1595627564.3371308,300.60224533081055,-1.1102230246251565e-16,0
1595627564.3471284,302.4018144607544,-1.1102230246251565e-16,0
1595627564.3571296,304.2020273208618,-1.1102230246251565e-16,0
1595627564.3671176,305.99987983703613,-1.1102230246251565e-16,0
1595627564.3771296,307.8020238876343,-1.1102230246251565e-16,0
1595627564.387127,309.6015501022339,-1.1102230246251565e-16,0
1595627564.39713,311.4021062850952,-1.1102230246251565e-16,0
1595627564.407134,313.2028341293335,-1.1102230246251565e-16,0
1595627564.4171183,315.0,-1.1102230246251565e-16,0
1595627564.4271185,316.80004119873047,-1.1102230246251565e-16,0
1595627564.437134,318.6028289794922,-1.1102230246251565e-16,0
1595627564.4471197,320.4002523422241,-1.1102230246251565e-16,0
1595627564.4571223,322.200722694397,-1.1102230246251565e-16,0
1595627564.467121,324.0004634857178,-1.1102230246251565e-16,0
1595627564.4771225,325.8007621765137,-1.1102230246251565e-16,0
1595627564.487134,327.60282039642334,-1.1102230246251565e-16,0
1595627564.4971173,329.3998146057129,-1.1102230246251565e-16,0
1595627564.5071278,331.2017011642456,-1.1102230246251565e-16,0
1595627564.517124,333.001012802124,-1.1102230246251565e-16,0
1595627564.5271294,334.80199813842773,-1.1102230246251565e-16,0
1595627564.5371206,336.60040855407715,-1.1102230246251565e-16,0
1595627564.5471265,338.40147972106934,-1.1102230246251565e-16,0
1595627564.557121,340.2004909515381,-1.1102230246251565e-16,0
1595627564.5671203,342.0003604888916,-1.1102230246251565e-16,0
1595627564.5771337,343.8027620315552,-1.1102230246251565e-16,0
1595627564.587122,345.60065746307373,-1.1102230246251565e-16,0
1595627564.5971203,347.4003553390503,-1.1102230246251565e-16,0
1595627564.6071277,349.2016839981079,-1.1102230246251565e-16,0
1595627564.6171253,351.00125312805176,-1.1102230246251565e-16,0
1595627564.6271164,352.7996635437012,-1.1102230246251565e-16,0
1595627564.6371167,354.59970474243164,-1.1102230246251565e-16,0
1595627564.6471279,356.40172004699707,-1.1102230246251565e-16,0
1595627564.6571271,358.2015895843506,-1.1102230246251565e-16,0
1595627564.6671255,360,-1.1102230246251565e-16,1
1595627564.6671255,0,0,0
1595627564.677133,1.8013715744018555,0,0
1595627564.6871393,3.6024856567382812,0,0
1595627564.6971345,5.401625633239746,0,0
1595627564.7071433,7.203211784362793,0,0
1595627564.717135,9.001708030700684,0,0
1595627564.7271297,10.800762176513672,0,0
1595627564.7371361,12.601919174194336,0,0
1595627564.747127,14.400286674499512,0,0
1595627564.757126,16.20011329650879,0,0
1595627564.7671423,18.003029823303223,0,0
1595627564.777127,19.800281524658203,0,0
1595627564.7871273,21.600322723388672,0,0
1595627564.7971303,23.40087890625,0,0
1595627564.807137,25.202078819274902,0,0
1595627564.8171399,27.002592086791992,0,0
1595627564.8271382,28.802289962768555,0,0
1595627564.8371363,30.60194492340088,0,0
1595627564.847141,32.402801513671875,0,0
1595627564.8571315,34.201083183288574,0,0
1595627564.8671372,36.00211143493652,0,0
1595627564.8771439,37.803311347961426,0,0
1595627564.887136,39.60189342498779,0,0
1595627564.8971384,41.402320861816406,0,0
1595627564.9071257,43.20004463195801,0,0
1595627564.9171288,45.000600814819336,0,0
1595627564.9271433,46.8032169342041,0,0
1595627564.9371305,48.600897789001465,0,0
1595627564.9471316,50.40111064910889,0,0
1595627564.9571376,52.202181816101074,0,0
1595627564.9671438,54.0032958984375,0,0
1595627564.97714,55.80260753631592,0,0
1595627564.98714,57.60260581970215,0,0
1595627564.9971416,59.40290451049805,0,0
1595627565.0071297,61.20075702667236,0,0
1595627565.0171318,63.00114154815674,0,0
1595627565.0271275,64.80036735534668,0,0
1595627565.0371296,66.60075187683105,0,0
1595627565.0471427,68.40311050415039,0,0
1595627565.0571413,70.20285129547119,0,0
1595627565.0671425,72.00306415557861,0,0
1595627565.0771415,73.80289077758789,0,0
1595627565.0871289,75.60061454772949,0,0
1595627565.0971339,77.40151405334473,0,0
1595627565.107139,79.2024564743042,0,0
1595627565.117139,81.00245475769043,0,0
1595627565.127129,82.80065059661865,0,0
1595627565.1371436,84.60326671600342,0,0
1595627565.1471353,86.40176296234131,0,0
1595627565.1571364,88.20197582244873,0,0
1595627565.1671278,90.00042915344238,0,0
1595627565.1771312,91.80102825164795,0,0
1595627565.1871362,93.60192775726318,0,0
1595627565.1971393,95.40248394012451,0,0
1595627565.2071264,97.20016479492188,0,0
1595627565.2171333,99.00140762329102,0,0
1595627565.2271438,100.80329418182373,0,0
1595627565.23714,102.60260581970215,0,0
1595627565.247143,104.40316200256348,0,0
1595627565.2571385,106.20234489440918,0,0
1595627565.2671418,108.00294399261475,0,0
1595627565.2771363,109.8019552230835,0,0
1595627565.2871268,111.6002368927002,0,0
1595627565.2971354,113.401780128479,0,0
1595627565.3071315,115.20109176635742,0,0
1595627565.317137,117.00207710266113,0,0
1595627565.3271253,118.79997253417969,0,0
1595627565.3371322,120.60121536254883,0,0
1595627565.347132,122.40117073059082,0,0
1595627565.347694,122.50232219696045,0,0
1595627565.347694,122.50232219696044,-1.1102230246251565e-16,0
1595627565.357132,124.20116901397704,-1.1102230246251565e-16,0
1595627565.3671317,126.00112438201903,-1.1102230246251565e-16,0
1595627565.3771372,127.80210971832274,-1.1102230246251565e-16,0
1595627565.38714,129.60262298583982,-1.1102230246251565e-16,0
1595627565.3971295,131.40073299407956,-1.1102230246251565e-16,0
1595627565.4071362,133.20193290710446,-1.1102230246251565e-16,0
1595627565.4171276,135.00038623809812,-1.1102230246251565e-16,0
1595627565.427138,136.80227279663083,-1.1102230246251565e-16,0
1595627565.4371362,138.60192775726316,-1.1102230246251565e-16,0
1595627565.4471347,140.40166854858396,-1.1102230246251565e-16,0
1595627565.4571435,142.203254699707,-1.1102230246251565e-16,0
1595627565.467135,144.00170803070066,-1.1102230246251565e-16,0
1595627565.477128,145.80046176910398,-1.1102230246251565e-16,0
1595627565.487141,147.60277748107907,-1.1102230246251565e-16,0
1595627565.4971259,149.4000720977783,-1.1102230246251565e-16,0
1595627565.5071251,151.1999416351318,-1.1102230246251565e-16,0
1595627565.5171368,153.0020427703857,-1.1102230246251565e-16,0
1595627565.5271423,154.80302810668942,-1.1102230246251565e-16,0
1595627565.537133,156.60135269165036,-1.1102230246251565e-16,0
1595627565.5471404,158.40268135070798,-1.1102230246251565e-16,0
1595627565.5571399,160.20259380340573,-1.1102230246251565e-16,0
1595627565.567136,162.00190544128415,-1.1102230246251565e-16,0
1595627565.577126,163.80010128021237,-1.1102230246251565e-16,0
1595627565.5871274,165.60035705566403,-1.1102230246251565e-16,0
1595627565.5971255,167.40001201629636,-1.1102230246251565e-16,0
1595627565.6071293,169.2006969451904,-1.1102230246251565e-16,0
1595627565.6171405,171.00271224975583,-1.1102230246251565e-16,0
1595627565.6271336,172.80146598815915,-1.1102230246251565e-16,0
1595627565.637126,174.60009098052976,-1.1102230246251565e-16,0
1595627565.6471248,176.3998746871948,-1.1102230246251565e-16,0
1595627565.6571317,178.20111751556394,-1.1102230246251565e-16,0
1595627565.6671422,180.00300407409668,-1.1102230246251565e-16,0
1595627565.6771412,181.80283069610596,-1.1102230246251565e-16,0
1595627565.6871285,183.60055446624756,-1.1102230246251565e-16,0
1595627565.6971335,185.4014539718628,-1.1102230246251565e-16,0
1595627565.707136,187.2018814086914,-1.1102230246251565e-16,0
1595627565.717132,189.00119304656982,-1.1102230246251565e-16,0
1595627565.7271245,190.79981803894043,-1.1102230246251565e-16,0
1595627565.7371252,192.59994506835938,-1.1102230246251565e-16,0
1595627565.7471433,194.40320491790771,-1.1102230246251565e-16,0
1595627565.7571328,196.20131492614746,-1.1102230246251565e-16,0
1595627565.7671416,198.0029010772705,-1.1102230246251565e-16,0
1595627565.7771382,199.8022985458374,-1.1102230246251565e-16,0
1595627565.7871392,201.6024684906006,-1.1102230246251565e-16,0
1595627565.7971375,203.40216636657715,-1.1102230246251565e-16,0
1595627565.8071268,205.20023345947266,-1.1102230246251565e-16,0
1595627565.8171287,207.0005750656128,-1.1102230246251565e-16,0
1595627565.8271265,208.80018711090088,-1.1102230246251565e-16,0
1595627565.8371356,210.60181617736816,-1.1102230246251565e-16,0
1595627565.8471286,212.40056991577148,-1.1102230246251565e-16,0
1595627565.8571324,214.20125484466553,-1.1102230246251565e-16,0
1595627565.867139,216.00245475769043,-1.1102230246251565e-16,0
1595627565.8771343,217.8015947341919,-1.1102230246251565e-16,0
1595627565.8871381,219.60227966308594,-1.1102230246251565e-16,0
1595627565.8971395,221.4025354385376,-1.1102230246251565e-16,0
1595627565.907141,223.20279121398926,-1.1102230246251565e-16,0
1595627565.9171302,225.00085830688477,-1.1102230246251565e-16,0
1595627565.9271426,226.8030881881714,-1.1102230246251565e-16,0
1595627565.9371293,228.60068321228027,-1.1102230246251565e-16,0
1595627565.94714,230.40261268615723,-1.1102230246251565e-16,0
1595627565.957143,232.20316886901855,-1.1102230246251565e-16,0
1595627565.9671307,234.0009355545044,-1.1102230246251565e-16,0
1595627565.9771428,235.80312252044678,-1.1102230246251565e-16,0
1595627565.9871345,237.60161876678467,-1.1102230246251565e-16,0
1595627565.9971366,239.40200328826904,-1.1102230246251565e-16,0
1595627566.0071244,241.19981288909912,-1.1102230246251565e-16,0
1595627566.0171416,243.0029010772705,-1.1102230246251565e-16,0
1595627566.027136,244.80191230773926,-1.1102230246251565e-16,0
1595627566.0371265,246.60019397735596,-1.1102230246251565e-16,0
1595627566.0471365,248.4019947052002,-1.1102230246251565e-16,0
1595627566.0571396,250.20255088806152,-1.1102230246251565e-16,0
1595627566.0671299,252.00078964233398,-1.1102230246251565e-16,0
1595627566.0771286,253.80057334899902,-1.1102230246251565e-16,0
1595627566.0871298,255.60078620910645,-1.1102230246251565e-16,0
1595627566.0971286,257.4005699157715,-1.1102230246251565e-16,0
1595627566.107133,259.201340675354,-1.1102230246251565e-16,0
1595627566.1171365,261.0019826889038,-1.1102230246251565e-16,0
1595627566.1271346,262.80163764953613,-1.1102230246251565e-16,0
1595627566.1371396,264.60253715515137,-1.1102230246251565e-16,0
1595627566.1471314,266.4010763168335,-1.1102230246251565e-16,0
1595627566.15713,268.2008171081543,-1.1102230246251565e-16,0
1595627566.1671393,270.0024890899658,-1.1102230246251565e-16,0
1595627566.1771395,271.8025302886963,-1.1102230246251565e-16,0
1595627566.1871307,273.6009407043457,-1.1102230246251565e-16,0
1595627566.197138,275.4022693634033,-1.1102230246251565e-16,0
1595627566.2071362,277.20192432403564,-1.1102230246251565e-16,0
1595627566.2171252,278.9999485015869,-1.1102230246251565e-16,0
1595627566.2271357,280.80183506011963,-1.1102230246251565e-16,0
1595627566.237131,282.60101795196533,-1.1102230246251565e-16,0
1595627566.2471297,284.40075874328613,-1.1102230246251565e-16,0
1595627566.2571309,286.20097160339355,-1.1102230246251565e-16,0
1595627566.2671301,288.00084114074707,-1.1102230246251565e-16,0
1595627566.2771308,289.800968170166,-1.1102230246251565e-16,0
1595627566.287143,291.6031551361084,-1.1102230246251565e-16,0
1595627566.2971253,293.399977684021,-1.1102230246251565e-16,0
1595627566.307131,295.20100593566895,-1.1102230246251565e-16,0
1595627566.3171344,297.0016050338745,-1.1102230246251565e-16,0
1595627566.3271399,298.8025903701782,-1.1102230246251565e-16,0
1595627566.3371356,300.60181617736816,-1.1102230246251565e-16,0
1595627566.3471365,302.40198612213135,-1.1102230246251565e-16,0
1595627566.357141,304.2027997970581,-1.1102230246251565e-16,0
1595627566.3671389,306.0024118423462,-1.1102230246251565e-16,0
1595627566.3771276,307.8003931045532,-1.1102230246251565e-16,0
1595627566.3871405,309.6027088165283,-1.1102230246251565e-16,0
1595627566.3971388,311.4024066925049,-1.1102230246251565e-16,0
1595627566.4071355,313.2018041610718,-1.1102230246251565e-16,0
1595627566.4171393,315.0024890899658,-1.1102230246251565e-16,0
1595627566.4271417,316.80291652679443,-1.1102230246251565e-16,0
1595627566.4371357,318.6018419265747,-1.1102230246251565e-16,0
1595627566.44713,320.4008102416992,-1.1102230246251565e-16,0
1595627566.4571328,322.2013235092163,-1.1102230246251565e-16,0
1595627566.4671412,324.0028238296509,-1.1102230246251565e-16,0
1595627566.4771323,325.8012342453003,-1.1102230246251565e-16,0
1595627566.4871364,327.6019620895386,-1.1102230246251565e-16,0
1595627566.4971278,329.4004154205322,-1.1102230246251565e-16,0
1595627566.507135,331.2017011642456,-1.1102230246251565e-16,0
1595627566.517129,333.0006265640259,-1.1102230246251565e-16,0
1595627566.527125,334.79989528656006,-1.1102230246251565e-16,0
1595627566.5371299,336.6007947921753,-1.1102230246251565e-16,0
1595627566.5471272,338.4003210067749,-1.1102230246251565e-16,0
1595627566.5571318,340.20113468170166,-1.1102230246251565e-16,0
1595627566.5671291,342.00066089630127,-1.1102230246251565e-16,0
1595627566.577136,343.8019037246704,-1.1102230246251565e-16,0
1595627566.5871315,345.6010866165161,-1.1102230246251565e-16,0
1595627566.5971375,347.4021577835083,-1.1102230246251565e-16,0
1595627566.607141,349.2027997970581,-1.1102230246251565e-16,0
1595627566.6171262,351.00013732910156,-1.1102230246251565e-16,0
1595627566.6271331,352.8013801574707,-1.1102230246251565e-16,0
1595627566.63713,354.60082054138184,-1.1102230246251565e-16,0
1595627566.6471384,356.4023208618164,-1.1102230246251565e-16,0
1595627566.657138,358.2022762298584,-1.1102230246251565e-16,0
1595627566.6671312,360,-1.1102230246251565e-16,1
1595627566.6671312,0,0,0
1595627566.677148,1.8030452728271484,0,0
1595627566.687149,3.603215217590332,0,0
1595627566.69714,5.401582717895508,0,0
1595627566.7071328,7.20029354095459,0,0
1595627566.7171483,9.003081321716309,0,0
1595627566.7271457,10.802607536315918,0,0
1595627566.7371368,12.601017951965332,0,0
1595627566.747143,14.402132034301758,0,0
1595627566.757143,16.20213031768799,0,0
1595627566.7671452,18.002514839172363,0,0
1595627566.7771425,19.802041053771973,0,0
1595627566.7871442,21.60233974456787,0,0
1595627566.7971394,23.401479721069336,0,0
1595627566.8071475,25.202937126159668,0,0
1595627566.8171327,27.000274658203125,0,0
1595627566.827137,28.801045417785645,0,0
1595627566.8371384,30.601301193237305,0,0
1595627566.8471367,32.40099906921387,0,0
1595627566.8571386,34.201340675354004,0,0
1595627566.8671396,36.00151062011719,0,0
1595627566.877135,37.80069351196289,0,0
1595627566.8871396,39.60150718688965,0,0
1595627566.897144,41.402320861816406,0,0
1595627566.9071355,43.20077419281006,0,0
1595627566.9171398,45.00154495239258,0,0
1595627566.9271317,46.80008411407471,0,0
1595627566.9371452,48.60252857208252,0,0
1595627566.9471374,50.40111064910889,0,0
1595627566.9571426,52.20205307006836,0,0
1595627566.967131,53.999948501586914,0,0
1595627566.977135,55.800676345825195,0,0
1595627566.9871416,57.6018762588501,0,0
1595627566.9971435,59.402217864990234,0,0
1595627567.0071476,61.202945709228516,0,0
1595627567.0171323,63.000197410583496,0,0
1595627567.0271351,64.80071067810059,0,0
1595627567.037142,66.60195350646973,0,0
1595627567.047132,68.40014934539795,0,0
1595627567.0571377,70.2011775970459,0,0
1595627567.0671327,72.00027465820312,0,0
1595627567.077134,73.80048751831055,0,0
1595627567.0871422,75.60198783874512,0,0
1595627567.0971322,77.40018367767334,0,0
1595627567.1071491,79.20322895050049,0,0
1595627567.1171472,81.00288391113281,0,0
1595627567.1271381,82.80125141143799,0,0
1595627567.1371498,84.6033525466919,0,0
1595627567.147131,86.3999605178833,0,0
1595627567.1571412,88.20180416107178,0,0
1595627567.1671455,90.0025749206543,0,0
1595627567.1771328,91.8002986907959,0,0
1595627567.1871393,93.60145568847656,0,0
1595627567.1971424,95.40201187133789,0,0
1595627567.207131,97.19995021820068,0,0
1595627567.217136,99.00084972381592,0,0
1595627567.2271307,100.7999038696289,0,0
1595627567.2371407,102.60170459747314,0,0
1595627567.2471476,104.40294742584229,0,0
1595627567.2571352,106.20071411132812,0,0
1595627567.2671344,108.00058364868164,0,0
1595627567.2771432,109.80216979980469,0,0
1595627567.2871463,111.60272598266602,0,0
1595627567.297147,113.40285301208496,0,0
1595627567.307139,115.20139217376709,0,0
1595627567.3171453,117.00254917144775,0,0
1595627567.327136,118.80087375640869,0,0
1595627567.3371437,120.60224533081055,0,0
1595627567.3471422,122.40198612213135,0,0
1595627567.3490539,122.74608135223389,0,0
1595627567.3490539,122.74608135223393,2.220446049250313e-16,0
1595627567.3571322,124.20018196105961,2.220446049250313e-16,0
1595627567.367145,126.00249767303471,2.220446049250313e-16,0
1595627567.3771384,127.80129432678227,2.220446049250313e-16,0
1595627567.3871348,129.6006488800049,2.220446049250313e-16,0
1595627567.397134,131.40051841735843,2.220446049250313e-16,0
1595627567.407145,133.20249080657962,2.220446049250313e-16,0
1595627567.41714,135.00158786773684,2.220446049250313e-16,0
1595627567.4271445,136.8024015426636,2.220446049250313e-16,0
1595627567.43714,138.6015844345093,2.220446049250313e-16,0
1595627567.4471352,140.40072441101077,2.220446049250313e-16,0
1595627567.4571424,142.20201015472415,2.220446049250313e-16,0
1595627567.4671397,144.00153636932376,2.220446049250313e-16,0
1595627567.4771383,145.80127716064456,2.220446049250313e-16,0
1595627567.487147,147.6028633117676,2.220446049250313e-16,0
1595627567.4971366,149.40097332000735,2.220446049250313e-16,0
1595627567.5071452,151.20251655578616,2.220446049250313e-16,0
1595627567.517136,153.00088405609134,2.220446049250313e-16,0
1595627567.5271475,154.802942276001,2.220446049250313e-16,0
1595627567.5371332,156.60036563873294,2.220446049250313e-16,0
1595627567.5471475,158.40293884277347,2.220446049250313e-16,0
1595627567.557137,160.2010488510132,2.220446049250313e-16,0
1595627567.5671399,162.0015621185303,2.220446049250313e-16,0
1595627567.577148,163.80301952362063,2.220446049250313e-16,0
1595627567.5871391,165.60142993927005,2.220446049250313e-16,0
1595627567.5971339,167.40048408508304,2.220446049250313e-16,0
1595627567.6071475,169.20292854309085,2.220446049250313e-16,0
1595627567.6171348,171.00065231323245,2.220446049250313e-16,0
1595627567.6271315,172.80004978179934,2.220446049250313e-16,0
1595627567.637141,174.6017646789551,2.220446049250313e-16,0
1595627567.6471384,176.40129089355472,2.220446049250313e-16,0
1595627567.6571383,178.20128917694095,2.220446049250313e-16,0
1595627567.667145,180.00248908996585,2.220446049250313e-16,0
1595627567.6771424,181.80201530456546,2.220446049250313e-16,0
1595627567.687131,183.59995365142825,2.220446049250313e-16,0
1595627567.6971462,185.40269851684573,2.220446049250313e-16,0
1595627567.7071362,187.20089435577395,2.220446049250313e-16,0
1595627567.7171419,189.0019226074219,2.220446049250313e-16,0
1595627567.7271488,190.80316543579104,2.220446049250313e-16,0
1595627567.7371476,192.60294914245608,2.220446049250313e-16,0
1595627567.7471457,194.4026041030884,2.220446049250313e-16,0
1595627567.7571316,196.20007038116458,2.220446049250313e-16,0
1595627567.7671342,198.00054073333743,2.220446049250313e-16,0
1595627567.7771301,199.7998094558716,2.220446049250313e-16,0
1595627567.7871413,201.60182476043704,2.220446049250313e-16,0
1595627567.797143,203.40212345123294,2.220446049250313e-16,0
1595627567.8071418,205.20190715789798,2.220446049250313e-16,0
1595627567.8171458,207.00263500213626,2.220446049250313e-16,0
1595627567.827132,208.80014419555667,2.220446049250313e-16,0
1595627567.8371322,210.60018539428714,2.220446049250313e-16,0
1595627567.8471315,212.40005493164065,2.220446049250313e-16,0
1595627567.8571346,214.20061111450198,2.220446049250313e-16,0
1595627567.8671303,215.99983692169192,2.220446049250313e-16,0
1595627567.8771436,217.8022384643555,2.220446049250313e-16,0
1595627567.8871346,219.60060596466067,2.220446049250313e-16,0
1595627567.8971457,221.4026212692261,2.220446049250313e-16,0
1595627567.90714,223.20158958435061,2.220446049250313e-16,0
1595627567.917131,224.9999570846558,2.220446049250313e-16,0
1595627567.9271357,226.8008136749268,2.220446049250313e-16,0
1595627567.9371336,228.60042572021487,2.220446049250313e-16,0
1595627567.947136,230.40085315704349,2.220446049250313e-16,0
1595627567.9571443,232.20235347747806,2.220446049250313e-16,0
1595627567.9671488,234.0031671524048,2.220446049250313e-16,0
1595627567.9771395,235.80149173736575,2.220446049250313e-16,0
1595627567.9871323,237.60020256042483,2.220446049250313e-16,0
1595627567.9971323,239.40020084381106,2.220446049250313e-16,0
1595627568.007132,241.20015621185306,2.220446049250313e-16,0
1595627568.0171402,243.0016136169434,2.220446049250313e-16,0
1595627568.0271466,244.80277061462405,2.220446049250313e-16,0
1595627568.03714,246.6015672683716,2.220446049250313e-16,0
1595627568.0471447,248.4024238586426,2.220446049250313e-16,0
1595627568.057133,250.20031929016116,2.220446049250313e-16,0
1595627568.067148,252.0030212402344,2.220446049250313e-16,0
1595627568.0771322,253.8001871109009,2.220446049250313e-16,0
1595627568.0871468,255.60280323028567,2.220446049250313e-16,0
1595627568.0971448,257.402458190918,2.220446049250313e-16,0
1595627568.1071367,259.20099735260015,2.220446049250313e-16,0
1595627568.117148,261.0030126571656,2.220446049250313e-16,0
1595627568.1271405,262.8016805648804,2.220446049250313e-16,0
1595627568.1371338,264.600477218628,2.220446049250313e-16,0
1595627568.1471424,266.4020204544068,2.220446049250313e-16,0
1595627568.157141,268.2017612457276,2.220446049250313e-16,0
1595627568.167133,270.00034332275396,2.220446049250313e-16,0
1595627568.177132,271.800127029419,2.220446049250313e-16,0
1595627568.1871486,273.6031293869019,2.220446049250313e-16,0
1595627568.19713,275.39978027343756,2.220446049250313e-16,0
1595627568.2071366,277.20098018646246,2.220446049250313e-16,0
1595627568.217139,279.0014076232911,2.220446049250313e-16,0
1595627568.2271318,280.80011844635015,2.220446049250313e-16,0
1595627568.2371328,282.60028839111334,2.220446049250313e-16,0
1595627568.2471414,284.40183162689215,2.220446049250313e-16,0
1595627568.2571437,286.20225906372076,2.220446049250313e-16,0
1595627568.2671475,288.0029439926148,2.220446049250313e-16,0
1595627568.2771301,289.79980945587164,2.220446049250313e-16,0
1595627568.2871332,291.60036563873297,2.220446049250313e-16,0
1595627568.2971337,293.4004497528077,2.220446049250313e-16,0
1595627568.3071296,295.19971847534185,2.220446049250313e-16,0
1595627568.3171363,297.00091838836676,2.220446049250313e-16,0
1595627568.3271415,298.80186080932623,2.220446049250313e-16,0
1595627568.337142,300.60194492340094,2.220446049250313e-16,0
1595627568.3471382,302.40125656127935,2.220446049250313e-16,0
1595627568.3571374,304.20112609863287,2.220446049250313e-16,0
1595627568.367139,306.00142478942877,2.220446049250313e-16,0
1595627568.3771384,307.8012943267823,2.220446049250313e-16,0
1595627568.3871357,309.6008205413819,2.220446049250313e-16,0
1595627568.3971448,311.4024496078492,2.220446049250313e-16,0
1595627568.407142,313.20193290710455,2.220446049250313e-16,0
1595627568.4171462,315.00270366668707,2.220446049250313e-16,0
1595627568.427148,316.8030452728272,2.220446049250313e-16,0
1595627568.437144,318.6023139953614,2.220446049250313e-16,0
1595627568.4471421,320.4019689559937,2.220446049250313e-16,0
1595627568.4571388,322.2013664245606,2.220446049250313e-16,0
1595627568.4671311,323.9999914169312,2.220446049250313e-16,0
1595627568.4771433,325.8021783828736,2.220446049250313e-16,0
1595627568.4871333,327.6003742218018,2.220446049250313e-16,0
1595627568.4971483,329.40307617187506,2.220446049250313e-16,0
1595627568.5071297,331.1997270584107,2.220446049250313e-16,0
1595627568.517145,333.0024719238282,2.220446049250313e-16,0
1595627568.5271397,334.80152606964117,2.220446049250313e-16,0
1595627568.5371432,336.602168083191,2.220446049250313e-16,0
1595627568.5471401,338.4016084671021,2.220446049250313e-16,0
1595627568.5571406,340.2016925811768,2.220446049250313e-16,0
1595627568.5671399,342.00156211853033,2.220446049250313e-16,0
1595627568.5771346,343.8006162643433,2.220446049250313e-16,0
1595627568.587146,345.602674484253,2.220446049250313e-16,0
1595627568.5971456,347.40258693695074,2.220446049250313e-16,0
1595627568.607145,349.2024993896485,2.220446049250313e-16,0
1595627568.617148,351.0030126571656,2.220446049250313e-16,0
1595627568.627146,352.8026676177979,2.220446049250313e-16,0
1595627568.6371431,354.6021509170533,2.220446049250313e-16,0
1595627568.647139,356.40141963958746,2.220446049250313e-16,0
1595627568.6571376,358.20116043090826,2.220446049250313e-16,0
1595627568.6671393,360,2.220446049250313e-16,1
1595627568.6671393,0,0,0
1595627568.6771576,1.8033027648925781,0,0
1595627568.6871462,3.601241111755371,0,0
1595627568.6971564,5.403084754943848,0,0
1595627568.7071393,7.199993133544922,0,0
1595627568.7171533,9.002523422241211,0,0
1595627568.7271495,10.801835060119629,0,0
1595627568.7371423,12.600545883178711,0,0
1595627568.747156,14.402990341186523,0,0
1595627568.7571511,16.20213031768799,0,0
1595627568.7671473,18.001441955566406,0,0
1595627568.7771473,19.801440238952637,0,0
1595627568.78714,21.60010814666748,0,0
1595627568.7971408,23.400278091430664,0,0
1595627568.8071573,25.203237533569336,0,0
1595627568.8171434,27.000746726989746,0,0
1595627568.827152,28.802289962768555,0,0
1595627568.8371522,30.602331161499023,0,0
1595627568.8471525,32.40237236022949,0,0
1595627568.8571405,34.20022487640381,0,0
1595627568.8671572,36.00322723388672,0,0
1595627568.877157,37.80318260192871,0,0
1595627568.887157,39.60318088531494,0,0
1595627568.8971527,41.40240669250488,0,0
1595627568.9071574,43.20326328277588,0,0
1595627568.9171515,45.00218868255615,0,0
1595627568.92714,46.800127029418945,0,0
1595627568.9371445,48.6009407043457,0,0
1595627568.9471457,50.401153564453125,0,0
1595627568.9571455,52.20110893249512,0,0
1595627568.967144,54.00084972381592,0,0
1595627568.9771457,55.801148414611816,0,0
1595627568.9871402,57.600159645080566,0,0
1595627568.9971414,59.40037250518799,0,0
1595627569.0071442,61.20088577270508,0,0
1595627569.01715,63.00191402435303,0,0
1595627569.0271442,64.80088233947754,0,0
1595627569.0371528,66.60242557525635,0,0
1595627569.0471447,68.40096473693848,0,0
1595627569.0571532,70.20250797271729,0,0
1595627569.0671449,72.00100421905518,0,0
1595627569.077142,73.80048751831055,0,0
1595627569.0871515,75.60220241546631,0,0
1595627569.0971406,77.40022659301758,0,0
1595627569.1071546,79.20275688171387,0,0
1595627569.1171489,81.00172519683838,0,0
1595627569.127153,82.80245304107666,0,0
1595627569.1371522,84.60232257843018,0,0
1595627569.1471395,86.40004634857178,0,0
1595627569.1571448,88.20098876953125,0,0
1595627569.1671443,90.000901222229,0,0
1595627569.1771452,91.80107116699219,0,0
1595627569.1871498,93.60188484191895,0,0
1595627569.1971512,95.4021406173706,0,0
1595627569.2071497,97.2018814086914,0,0
1595627569.2171395,99.00003433227539,0,0
1595627569.2271416,100.80041885375977,0,0
1595627569.2371566,102.60312080383301,0,0
1595627569.247141,104.40028667449951,0,0
1595627569.2571387,106.1998987197876,0,0
1595627569.2671463,108.00127029418945,0,0
1595627569.277147,109.8013973236084,0,0
1595627569.2871578,111.60332679748535,0,0
1595627569.297143,113.40066432952881,0,0
1595627569.3071408,115.2002763748169,0,0
1595627569.317143,117.00066089630127,0,0
1595627569.3271396,118.80005836486816,0,0
1595627569.3371458,120.60117244720459,0,0
1595627569.3471544,122.4027156829834,0,0
1595627569.3491426,122.76058673858643,0,0
1595627569.3491426,122.76058673858647,2.220446049250313e-16,0
1595627569.3571517,124.20224189758305,2.220446049250313e-16,0
1595627569.367157,126.00318431854252,2.220446049250313e-16,0
1595627569.3771427,127.80060768127446,2.220446049250313e-16,0
1595627569.3871417,129.60043430328372,2.220446049250313e-16,0
1595627569.3971486,131.40167713165286,2.220446049250313e-16,0
1595627569.4071567,133.2031345367432,2.220446049250313e-16,0
1595627569.4171515,135.00218868255618,2.220446049250313e-16,0
1595627569.4271472,136.80141448974612,2.220446049250313e-16,0
1595627569.4371538,138.60261440277102,2.220446049250313e-16,0
1595627569.4471529,140.4024410247803,2.220446049250313e-16,0
1595627569.4571512,142.20213890075686,2.220446049250313e-16,0
1595627569.4671445,144.00093555450442,2.220446049250313e-16,0
1595627569.4771423,145.8005475997925,2.220446049250313e-16,0
1595627569.4871442,147.60088920593265,2.220446049250313e-16,0
1595627569.4971397,149.40007209777835,2.220446049250313e-16,0
1595627569.507155,151.20281696319583,2.220446049250313e-16,0
1595627569.517142,153.0004978179932,2.220446049250313e-16,0
1595627569.527151,154.80212688446048,2.220446049250313e-16,0
1595627569.5371416,156.60040855407718,2.220446049250313e-16,0
1595627569.5471466,158.4013080596924,2.220446049250313e-16,0
1595627569.5571504,160.20199298858645,2.220446049250313e-16,0
1595627569.5671427,162.00061798095706,2.220446049250313e-16,0
1595627569.5771391,163.79997253417972,2.220446049250313e-16,0
1595627569.5871477,165.60151576995852,2.220446049250313e-16,0
1595627569.5971484,167.40164279937747,2.220446049250313e-16,0
1595627569.607145,169.20104026794436,2.220446049250313e-16,0
1595627569.6171472,171.00142478942874,2.220446049250313e-16,0
1595627569.6271405,172.8002214431763,2.220446049250313e-16,0
1595627569.6371467,174.60133552551272,2.220446049250313e-16,0
1595627569.6471567,176.40313625335696,2.220446049250313e-16,0
1595627569.657156,178.20300579071048,2.220446049250313e-16,0
1595627569.667141,180.0003004074097,2.220446049250313e-16,0
1595627569.6771533,181.80253028869632,2.220446049250313e-16,0
1595627569.687149,183.60175609588626,2.220446049250313e-16,0
1595627569.69714,185.40012359619143,2.220446049250313e-16,0
1595627569.7071486,187.20166683197024,2.220446049250313e-16,0
1595627569.7171402,189.00016307830813,2.220446049250313e-16,0
1595627569.7271464,190.80127716064456,2.220446049250313e-16,0
1595627569.7371545,192.6027345657349,2.220446049250313e-16,0
1595627569.7471561,194.4030332565308,2.220446049250313e-16,0
1595627569.7571394,196.20002746582034,2.220446049250313e-16,0
1595627569.7671535,198.00255775451663,2.220446049250313e-16,0
1595627569.7771497,199.80186939239505,2.220446049250313e-16,0
1595627569.7871552,201.60285472869876,2.220446049250313e-16,0
1595627569.7971423,203.40053558349612,2.220446049250313e-16,0
1595627569.8071547,205.20276546478274,2.220446049250313e-16,0
1595627569.8171425,207.00057506561282,2.220446049250313e-16,0
1595627569.8271525,208.80237579345706,2.220446049250313e-16,0
1595627569.8371532,210.602502822876,2.220446049250313e-16,0
1595627569.8471382,212.39979743957522,2.220446049250313e-16,0
1595627569.8571422,214.2005252838135,2.220446049250313e-16,0
1595627569.8671408,216.0002660751343,2.220446049250313e-16,0
1595627569.8771555,217.8029251098633,2.220446049250313e-16,0
1595627569.8871505,219.60202217102054,2.220446049250313e-16,0
1595627569.8971393,221.40000343322757,2.220446049250313e-16,0
1595627569.9071455,223.201117515564,2.220446049250313e-16,0
1595627569.9171407,225.00025749206546,2.220446049250313e-16,0
1595627569.927148,226.80158615112308,2.220446049250313e-16,0
1595627569.9371428,228.60064029693606,2.220446049250313e-16,0
1595627569.9471452,230.40106773376468,2.220446049250313e-16,0
1595627569.9571395,232.2000360488892,2.220446049250313e-16,0
1595627569.9671407,234.0002489089966,2.220446049250313e-16,0
1595627569.9771535,235.8025646209717,2.220446049250313e-16,0
1595627569.9871385,237.59985923767093,2.220446049250313e-16,0
1595627569.9971406,239.4002437591553,2.220446049250313e-16,0
1595627570.0071483,241.20161533355716,2.220446049250313e-16,0
1595627570.017146,243.00122737884524,2.220446049250313e-16,0
1595627570.0271533,244.80251312255862,2.220446049250313e-16,0
1595627570.037145,246.6010093688965,2.220446049250313e-16,0
1595627570.0471437,248.40079307556155,2.220446049250313e-16,0
1595627570.0571501,250.20195007324222,2.220446049250313e-16,0
1595627570.0671437,252.000789642334,2.220446049250313e-16,0
1595627570.0771437,253.80078792572024,2.220446049250313e-16,0
1595627570.087138,255.59975624084475,2.220446049250313e-16,0
1595627570.0971456,257.40112781524664,2.220446049250313e-16,0
1595627570.1071463,259.2012548446656,2.220446049250313e-16,0
1595627570.1171536,261.0025835037232,2.220446049250313e-16,0
1595627570.1271415,262.8003931045533,2.220446049250313e-16,0
1595627570.137138,264.59974765777594,2.220446049250313e-16,0
1595627570.147146,266.40120506286627,2.220446049250313e-16,0
1595627570.1571553,268.2028770446778,2.220446049250313e-16,0
1595627570.1671546,270.0027465820313,2.220446049250313e-16,0
1595627570.1771402,271.80016994476324,2.220446049250313e-16,0
1595627570.187145,273.60102653503424,2.220446049250313e-16,0
1595627570.197145,275.40102481842047,2.220446049250313e-16,0
1595627570.2071438,277.2008085250855,2.220446049250313e-16,0
1595627570.2171564,279.00308132171637,2.220446049250313e-16,0
1595627570.227154,280.8026504516602,2.220446049250313e-16,0
1595627570.237139,282.59994506835943,2.220446049250313e-16,0
1595627570.247147,284.40140247344976,2.220446049250313e-16,0
1595627570.2571485,286.2016582489014,2.220446049250313e-16,0
1595627570.2671504,288.00199985504156,2.220446049250313e-16,0
1595627570.2771537,289.8025989532471,2.220446049250313e-16,0
1595627570.2871408,291.6002798080445,2.220446049250313e-16,0
1595627570.2971506,293.4020376205445,2.220446049250313e-16,0
1595627570.307154,295.20263671875006,2.220446049250313e-16,0
1595627570.3171468,297.00134754180914,2.220446049250313e-16,0
1595627570.3271425,298.8005733489991,2.220446049250313e-16,0
1595627570.3371484,300.60164451599127,2.220446049250313e-16,0
1595627570.3471498,302.4019002914429,2.220446049250313e-16,0
1595627570.3571527,304.20241355896,2.220446049250313e-16,0
1595627570.367141,306.0003089904786,2.220446049250313e-16,0
1595627570.377151,307.8021097183228,2.220446049250313e-16,0
1595627570.3871472,309.60142135620123,2.220446049250313e-16,0
1595627570.3971548,311.4027929306031,2.220446049250313e-16,0
1595627570.4071467,313.2013320922852,2.220446049250313e-16,0
1595627570.4171479,315.00154495239263,2.220446049250313e-16,0
1595627570.427139,316.79995536804205,2.220446049250313e-16,0
1595627570.437147,318.60136985778814,2.220446049250313e-16,0
1595627570.4471521,320.4023122787476,2.220446049250313e-16,0
1595627570.4571538,322.2026109695435,2.220446049250313e-16,0
1595627570.4671426,324.00059223175055,2.220446049250313e-16,0
1595627570.477151,325.8020925521851,2.220446049250313e-16,0
1595627570.4871428,327.60063171386724,2.220446049250313e-16,0
1595627570.4971395,329.40002918243414,2.220446049250313e-16,0
1595627570.5071447,331.2009716033936,2.220446049250313e-16,0
1595627570.5171378,332.99972534179693,2.220446049250313e-16,0
1595627570.527138,334.7997665405274,2.220446049250313e-16,0
1595627570.5371468,336.60135269165045,2.220446049250313e-16,0
1595627570.547153,338.4024667739869,2.220446049250313e-16,0
1595627570.5571525,340.2023792266846,2.220446049250313e-16,0
1595627570.567138,341.9997596740723,2.220446049250313e-16,0
1595627570.577155,343.8028478622437,2.220446049250313e-16,0
1595627570.587156,345.6030178070069,2.220446049250313e-16,0
1595627570.597144,347.40082740783697,2.220446049250313e-16,0
1595627570.6071417,349.20043945312506,2.220446049250313e-16,0
1595627570.617144,351.00086688995367,2.220446049250313e-16,0
1595627570.6271472,352.801423072815,2.220446049250313e-16,0
1595627570.6371424,354.60056304931646,2.220446049250313e-16,0
1595627570.647154,356.40266418457037,2.220446049250313e-16,0
1595627570.6571422,358.2005167007447,2.220446049250313e-16,0
1595627570.667148,360,2.220446049250313e-16,1
1595627570.667148,0,0,0
1595627570.67716,1.8021440505981445,0,0
1595627570.687148,3.599996566772461,0,0
1595627570.6971667,5.403342247009277,0,0
1595627570.7071633,7.202739715576172,0,0
1595627570.717158,9.00179386138916,0,0
1595627570.727155,10.801234245300293,0,0
1595627570.7371547,12.601189613342285,0,0
1595627570.7471554,14.40131664276123,0,0
1595627570.7571633,16.202731132507324,0,0
1595627570.767167,18.003416061401367,0,0
1595627570.7771604,19.802212715148926,0,0
1595627570.7871583,21.60182476043701,0,0
1595627570.7971568,23.401565551757812,0,0
1595627570.8071568,25.201563835144043,0,0
1595627570.8171544,27.00113296508789,0,0
1595627570.8271587,28.80190372467041,0,0
1595627570.837153,30.600872039794922,0,0
1595627570.8471634,32.40275859832764,0,0
1595627570.857163,34.20267105102539,0,0
1595627570.8671615,36.00241184234619,0,0
1595627570.8771608,37.80228137969971,0,0
1595627570.8871627,39.602622985839844,0,0
1595627570.8971577,41.40172004699707,0,0
1595627570.9071553,43.20128917694092,0,0
1595627570.9171662,45.00326156616211,0,0
1595627570.9271657,46.80317401885986,0,0
1595627570.9371626,48.602614402770996,0,0
1595627570.9471583,50.40184020996094,0,0
1595627570.9571667,52.20334053039551,0,0
1595627570.9671555,54.00132179260254,0,0
1595627570.977159,55.801963806152344,0,0
1595627570.9871502,57.60037422180176,0,0
1595627570.9971566,59.40153121948242,0,0
1595627571.0071545,61.20114326477051,0,0
1595627571.0171602,63.00217151641846,0,0
1595627571.0271614,64.80238437652588,0,0
1595627571.037152,66.60070896148682,0,0
1595627571.047148,68.399977684021,0,0
1595627571.0571594,70.20203590393066,0,0
1595627571.0671577,72.00173377990723,0,0
1595627571.0771573,73.80164623260498,0,0
1595627571.0871637,75.60280323028564,0,0
1595627571.0971615,77.40241527557373,0,0
1595627571.107159,79.20194149017334,0,0
1595627571.1171625,81.00258350372314,0,0
1595627571.1271517,82.80065059661865,0,0
1595627571.1371508,84.60047721862793,0,0
1595627571.1471584,86.40184879302979,0,0
1595627571.1571534,88.20094585418701,0,0
1595627571.167165,90.00304698944092,0,0
1595627571.177161,91.8023157119751,0,0
1595627571.187164,93.60287189483643,0,0
1595627571.1971571,95.40162563323975,0,0
1595627571.2071512,97.20055103302002,0,0
1595627571.217167,99.00338172912598,0,0
1595627571.2271621,100.80252170562744,0,0
1595627571.237156,102.60140419006348,0,0
1595627571.2471616,104.40243244171143,0,0
1595627571.2571635,106.20277404785156,0,0
1595627571.2671525,108.00079822540283,0,0
1595627571.2771556,109.80135440826416,0,0
1595627571.2871587,111.60191059112549,0,0
1595627571.297154,113.40105056762695,0,0
1595627571.3071585,115.20186424255371,0,0
1595627571.317165,117.00302124023438,0,0
1595627571.3271527,118.80083084106445,0,0
1595627571.3371513,120.60057163238525,0,0
1595627571.347151,122.40052700042725,0,0
1595627571.3492515,122.7786111831665,0,0
1595627571.3492515,122.77861118316652,1.1102230246251565e-16,0
1595627571.3571527,124.20082569122316,1.1102230246251565e-16,0
1595627571.36716,126.00215435028078,1.1102230246251565e-16,0
1595627571.3771565,127.80150890350343,1.1102230246251565e-16,0
1595627571.3871613,129.60236549377444,1.1102230246251565e-16,0
1595627571.3971612,131.40236377716067,1.1102230246251565e-16,0
1595627571.4071653,133.20309162139895,1.1102230246251565e-16,0
1595627571.417152,135.00068664550784,1.1102230246251565e-16,0
1595627571.4271562,136.80145740509036,1.1102230246251565e-16,0
1595627571.43715,138.6003398895264,1.1102230246251565e-16,0
1595627571.447159,140.40196895599368,1.1102230246251565e-16,0
1595627571.4571638,142.20282554626468,1.1102230246251565e-16,0
1595627571.4671648,144.00299549102786,1.1102230246251565e-16,0
1595627571.4771605,145.8022212982178,1.1102230246251565e-16,0
1595627571.4871545,147.60114669799808,1.1102230246251565e-16,0
1595627571.4971497,149.40028667449954,1.1102230246251565e-16,0
1595627571.5071526,151.20079994201663,1.1102230246251565e-16,0
1595627571.517153,153.00088405609134,1.1102230246251565e-16,0
1595627571.527163,154.80268478393558,1.1102230246251565e-16,0
1595627571.537166,156.6032409667969,1.1102230246251565e-16,0
1595627571.5471556,158.40135097503665,1.1102230246251565e-16,0
1595627571.5571492,160.20019054412845,1.1102230246251565e-16,0
1595627571.5671546,162.00117588043216,1.1102230246251565e-16,0
1595627571.5771596,163.8020753860474,1.1102230246251565e-16,0
1595627571.587154,165.6010437011719,1.1102230246251565e-16,0
1595627571.5971491,167.40018367767337,1.1102230246251565e-16,0
1595627571.607161,169.2023277282715,1.1102230246251565e-16,0
1595627571.6171594,171.00202560424808,1.1102230246251565e-16,0
1595627571.6271484,172.80004978179934,1.1102230246251565e-16,0
1595627571.637152,174.60069179534915,1.1102230246251565e-16,0
1595627571.6471553,176.40129089355472,1.1102230246251565e-16,0
1595627571.6571565,178.20150375366214,1.1102230246251565e-16,0
1595627571.6671517,180.00064373016357,1.1102230246251565e-16,0
1595627571.6771572,181.80162906646729,1.1102230246251565e-16,0
1595627571.68716,183.60214233398438,1.1102230246251565e-16,0
1595627571.6971583,185.40184020996094,1.1102230246251565e-16,0
1595627571.7071614,187.20239639282227,1.1102230246251565e-16,0
1595627571.7171617,189.00243759155273,1.1102230246251565e-16,0
1595627571.7271514,190.80059051513672,1.1102230246251565e-16,0
1595627571.737164,192.60286331176758,1.1102230246251565e-16,0
1595627571.747147,194.3998146057129,1.1102230246251565e-16,0
1595627571.757158,196.20178699493408,1.1102230246251565e-16,0
1595627571.7671556,198.00135612487793,1.1102230246251565e-16,0
1595627571.7771604,199.80221271514893,1.1102230246251565e-16,0
1595627571.7871575,201.6016960144043,1.1102230246251565e-16,0
1595627571.79715,203.4003210067749,1.1102230246251565e-16,0
1595627571.8071575,205.20169258117676,1.1102230246251565e-16,0
1595627571.8171613,207.0023775100708,1.1102230246251565e-16,0
1595627571.8271565,208.80151748657227,1.1102230246251565e-16,0
1595627571.8371487,210.60009956359863,1.1102230246251565e-16,0
1595627571.8471644,212.4029302597046,1.1102230246251565e-16,0
1595627571.8571525,214.2007827758789,1.1102230246251565e-16,0
1595627571.867158,216.00176811218262,1.1102230246251565e-16,0
1595627571.877165,217.803053855896,1.1102230246251565e-16,0
1595627571.8871558,219.60137844085693,1.1102230246251565e-16,0
1595627571.8971577,221.40172004699707,1.1102230246251565e-16,0
1595627571.907164,223.20287704467773,1.1102230246251565e-16,0
1595627571.9171593,225.0020170211792,1.1102230246251565e-16,0
1595627571.9271522,226.80072784423828,1.1102230246251565e-16,0
1595627571.9371612,228.60235691070557,1.1102230246251565e-16,0
1595627571.9471571,230.40162563323975,1.1102230246251565e-16,0
1595627571.9571652,232.20308303833008,1.1102230246251565e-16,0
1595627571.9671626,234.0026092529297,1.1102230246251565e-16,0
1595627571.977165,235.8030366897583,1.1102230246251565e-16,0
1595627571.9871507,237.60046005249023,1.1102230246251565e-16,0
1595627571.9971545,239.40114498138428,1.1102230246251565e-16,0
1595627572.0071542,241.20110034942627,1.1102230246251565e-16,0
1595627572.0171492,243.0001974105835,1.1102230246251565e-16,0
1595627572.0271547,244.8011827468872,1.1102230246251565e-16,0
1595627572.0371506,246.6004514694214,1.1102230246251565e-16,0
1595627572.0471652,248.40306758880615,1.1102230246251565e-16,0
1595627572.0571482,250.20001888275146,1.1102230246251565e-16,0
1595627572.0671499,252.00031757354736,1.1102230246251565e-16,0
1595627572.0771577,253.80173206329346,1.1102230246251565e-16,0
1595627572.0871577,255.6017303466797,1.1102230246251565e-16,0
1595627572.0971649,257.40301609039307,1.1102230246251565e-16,0
1595627572.1071532,259.2009115219116,1.1102230246251565e-16,0
1595627572.1171496,261.0002660751343,1.1102230246251565e-16,0
1595627572.1271536,262.80099391937256,1.1102230246251565e-16,0
1595627572.1371493,264.6002197265625,1.1102230246251565e-16,0
1595627572.1471634,266.4027500152588,1.1102230246251565e-16,0
1595627572.1571558,268.2013750076294,1.1102230246251565e-16,0
1595627572.1671557,270.0013732910156,1.1102230246251565e-16,0
1595627572.1771584,271.8018436431885,1.1102230246251565e-16,0
1595627572.1871514,273.6005973815918,1.1102230246251565e-16,0
1595627572.197154,275.40106773376465,1.1102230246251565e-16,0
1595627572.2071579,277.2017526626587,1.1102230246251565e-16,0
1595627572.2171607,279.0022659301758,1.1102230246251565e-16,0
1595627572.2271516,280.80063343048096,1.1102230246251565e-16,0
1595627572.2371545,282.60114669799805,1.1102230246251565e-16,0
1595627572.2471626,284.4026041030884,1.1102230246251565e-16,0
1595627572.257153,286.2008857727051,1.1102230246251565e-16,0
1595627572.2671576,288.00169944763184,1.1102230246251565e-16,0
1595627572.2771635,289.802770614624,1.1102230246251565e-16,0
1595627572.2871525,291.6007947921753,1.1102230246251565e-16,0
1595627572.2971654,293.4031105041504,1.1102230246251565e-16,0
1595627572.3071501,295.20036220550537,1.1102230246251565e-16,0
1595627572.3171585,297.00186252593994,1.1102230246251565e-16,0
1595627572.3271606,298.8022470474243,1.1102230246251565e-16,0
1595627572.3371508,300.6004858016968,1.1102230246251565e-16,0
1595627572.347148,302.39996910095215,1.1102230246251565e-16,0
1595627572.3571591,304.2019844055176,1.1102230246251565e-16,0
1595627572.3671544,306.00112438201904,1.1102230246251565e-16,0
1595627572.3771589,307.8019380569458,1.1102230246251565e-16,0
1595627572.3871565,309.60150718688965,1.1102230246251565e-16,0
1595627572.3971553,311.4012908935547,1.1102230246251565e-16,0
1595627572.407148,313.19995880126953,1.1102230246251565e-16,0
1595627572.4171531,315.000901222229,1.1102230246251565e-16,0
1595627572.4271567,316.8015432357788,1.1102230246251565e-16,0
1595627572.437165,318.6030435562134,1.1102230246251565e-16,0
1595627572.447149,320.40016651153564,1.1102230246251565e-16,0
1595627572.457157,322.20158100128174,1.1102230246251565e-16,0
1595627572.4671478,323.9999485015869,1.1102230246251565e-16,0
1595627572.477154,325.80106258392334,1.1102230246251565e-16,0
1595627572.4871547,327.6011896133423,1.1102230246251565e-16,0
1595627572.49716,329.40213203430176,1.1102230246251565e-16,0
1595627572.5071554,331.20131492614746,1.1102230246251565e-16,0
1595627572.517147,332.99981117248535,1.1102230246251565e-16,0
1595627572.5271592,334.80199813842773,1.1102230246251565e-16,0
1595627572.5371583,336.601824760437,1.1102230246251565e-16,0
1595627572.5471594,338.40203762054443,1.1102230246251565e-16,0
1595627572.5571468,340.19976139068604,1.1102230246251565e-16,0
1595627572.567148,341.99997425079346,1.1102230246251565e-16,0
1595627572.5771542,343.8010883331299,1.1102230246251565e-16,0
1595627572.5871546,345.6011724472046,1.1102230246251565e-16,0
1595627572.5971532,347.4009132385254,1.1102230246251565e-16,0
1595627572.607152,349.20069694519043,1.1102230246251565e-16,0
1595627572.6171637,351.00279808044434,1.1102230246251565e-16,0
1595627572.627164,352.8028392791748,1.1102230246251565e-16,0
1595627572.63715,354.6003484725952,1.1102230246251565e-16,0
1595627572.6471634,356.4027500152588,1.1102230246251565e-16,0
1595627572.657163,358.20266246795654,1.1102230246251565e-16,0
1595627572.6671612,360,1.1102230246251565e-16,1
1595627572.6671612,0,0,0
1595627572.6771624,1.8002128601074219,0,0
1595627572.6871798,3.603343963623047,0,0
1595627572.6971679,5.401196479797363,0,0
1595627572.7071683,7.20128059387207,0,0
1595627572.7171662,9.000892639160156,0,0
1595627572.7271698,10.801534652709961,0,0
1595627572.73718,12.603378295898438,0,0
1595627572.7471714,14.40183162689209,0,0
1595627572.7571733,16.202173233032227,0,0
1595627572.7671793,18.003244400024414,0,0
1595627572.7771792,19.803242683410645,0,0
1595627572.7871673,21.60109519958496,0,0
1595627572.797171,23.401780128479004,0,0
1595627572.807168,25.201220512390137,0,0
1595627572.8171759,27.00263500213623,0,0
1595627572.827167,28.801045417785645,0,0
1595627572.8371782,30.603060722351074,0,0
1595627572.847162,32.4001407623291,0,0
1595627572.8571742,34.202327728271484,0,0
1595627572.8671625,36.00022315979004,0,0
1595627572.8771791,37.80322551727295,0,0
1595627572.8871696,39.60150718688965,0,0
1595627572.8971786,41.403136253356934,0,0
1595627572.907173,43.202104568481445,0,0
1595627572.917167,45.00102996826172,0,0
1595627572.9271736,46.80222988128662,0,0
1595627572.9371674,48.601112365722656,0,0
1595627572.9471693,50.40145397186279,0,0
1595627572.957176,52.202653884887695,0,0
1595627572.9671636,54.000420570373535,0,0
1595627572.9771633,55.80037593841553,0,0
1595627572.9871645,57.60058879852295,0,0
1595627572.9971697,59.40153121948242,0,0
1595627573.0071619,61.20011329650879,0,0
1595627573.01717,63.00157070159912,0,0
1595627573.0271797,64.80332851409912,0,0
1595627573.037163,66.60032272338867,0,0
1595627573.0471747,68.40242385864258,0,0
1595627573.0571687,70.20134925842285,0,0
1595627573.0671682,72.0012617111206,0,0
1595627573.0771658,73.80083084106445,0,0
1595627573.0871687,75.60134410858154,0,0
1595627573.0971763,77.4027156829834,0,0
1595627573.1071615,79.20005321502686,0,0
1595627573.1171703,81.0016393661499,0,0
1595627573.1271675,82.80112266540527,0,0
1595627573.1371665,84.60094928741455,0,0
1595627573.1471624,86.40021800994873,0,0
1595627573.1571643,88.20055961608887,0,0
1595627573.167168,90.00120162963867,0,0
1595627573.177167,91.80102825164795,0,0
1595627573.1871648,93.60064029693604,0,0
1595627573.1971607,95.39990901947021,0,0
1595627573.2071612,97.19999313354492,0,0
1595627573.2171774,99.00290966033936,0,0
1595627573.2271686,100.80132007598877,0,0
1595627573.2371697,102.60153293609619,0,0
1595627573.2471795,104.40329074859619,0,0
1595627573.2571778,106.20298862457275,0,0
1595627573.2671685,108.00131320953369,0,0
1595627573.2771757,109.80259895324707,0,0
1595627573.2871747,111.60242557525635,0,0
1595627573.297176,113.40263843536377,0,0
1595627573.307171,115.20177841186523,0,0
1595627573.317165,117.00066089630127,0,0
1595627573.3271763,118.80271911621094,0,0
1595627573.337163,120.60031414031982,0,0
1595627573.347164,122.40048408508301,0,0
1595627573.3493717,122.79788017272949,0,0
1595627573.3493717,122.79788017272953,2.220446049250313e-16,0
1595627573.3571613,124.20001029968266,2.220446049250313e-16,0
1595627573.3671644,126.00056648254399,2.220446049250313e-16,0
1595627573.3771746,127.80241012573246,2.220446049250313e-16,0
1595627573.387169,129.60137844085696,2.220446049250313e-16,0
1595627573.3971682,131.40124797821048,2.220446049250313e-16,0
1595627573.407179,133.20322036743167,2.220446049250313e-16,0
1595627573.4171686,135.00133037567142,2.220446049250313e-16,0
1595627573.4271784,136.80308818817142,2.220446049250313e-16,0
1595627573.4371626,138.60025405883792,2.220446049250313e-16,0
1595627573.4471724,140.40201187133792,2.220446049250313e-16,0
1595627573.4571693,142.20145225524905,2.220446049250313e-16,0
1595627573.4671767,144.00278091430667,2.220446049250313e-16,0
1595627573.4771776,145.80295085906985,2.220446049250313e-16,0
1595627573.4871747,147.60243415832522,2.220446049250313e-16,0
1595627573.4971797,149.40333366394046,2.220446049250313e-16,0
1595627573.5071676,151.20114326477054,2.220446049250313e-16,0
1595627573.5171683,153.00127029418948,2.220446049250313e-16,0
1595627573.5271652,154.80071067810061,2.220446049250313e-16,0
1595627573.5371723,156.601996421814,2.220446049250313e-16,0
1595627573.5471609,158.3999347686768,2.220446049250313e-16,0
1595627573.5571663,160.2009201049805,2.220446049250313e-16,0
1595627573.5671606,161.999888420105,2.220446049250313e-16,0
1595627573.5771616,163.8000583648682,2.220446049250313e-16,0
1595627573.587178,165.60301780700686,2.220446049250313e-16,0
1595627573.5971737,167.4022436141968,2.220446049250313e-16,0
1595627573.6071775,169.20292854309085,2.220446049250313e-16,0
1595627573.6171687,171.00133895874026,2.220446049250313e-16,0
1595627573.6271727,172.80206680297854,2.220446049250313e-16,0
1595627573.6371763,174.60270881652835,2.220446049250313e-16,0
1595627573.6471758,176.4026212692261,2.220446049250313e-16,0
1595627573.6571705,178.2016754150391,2.220446049250313e-16,0
1595627573.6671686,180.00133037567142,2.220446049250313e-16,0
1595627573.677161,181.79995536804202,2.220446049250313e-16,0
1595627573.6871736,183.60222816467288,2.220446049250313e-16,0
1595627573.6971726,185.40205478668216,2.220446049250313e-16,0
1595627573.7071652,187.200722694397,2.220446049250313e-16,0
1595627573.7171652,189.00072097778323,2.220446049250313e-16,0
1595627573.7271743,190.80235004425052,2.220446049250313e-16,0
1595627573.7371638,192.60046005249026,2.220446049250313e-16,0
1595627573.7471673,194.40110206604007,2.220446049250313e-16,0
1595627573.7571728,196.20208740234378,2.220446049250313e-16,0
1595627573.7671626,198.00024032592776,2.220446049250313e-16,0
1595627573.7771604,199.79985237121585,2.220446049250313e-16,0
1595627573.787168,201.6012239456177,2.220446049250313e-16,0
1595627573.7971628,203.4002780914307,2.220446049250313e-16,0
1595627573.8071697,205.20152091979983,2.220446049250313e-16,0
1595627573.8171608,206.99993133544925,2.220446049250313e-16,0
1595627573.8271616,208.8000583648682,2.220446049250313e-16,0
1595627573.837161,210.59997081756595,2.220446049250313e-16,0
1595627573.8471656,212.4007844924927,2.220446049250313e-16,0
1595627573.857161,214.1999673843384,2.220446049250313e-16,0
1595627573.8671744,216.00236892700198,2.220446049250313e-16,0
1595627573.8771667,217.8009939193726,2.220446049250313e-16,0
1595627573.8871696,219.60150718688968,2.220446049250313e-16,0
1595627573.8971705,221.40167713165286,2.220446049250313e-16,0
1595627573.9071655,223.2007741928101,2.220446049250313e-16,0
1595627573.9171743,225.00236034393313,2.220446049250313e-16,0
1595627573.9271724,226.80201530456546,2.220446049250313e-16,0
1595627573.9371746,228.60239982604983,2.220446049250313e-16,0
1595627573.9471743,230.40235519409183,2.220446049250313e-16,0
1595627573.957164,232.2005081176758,2.220446049250313e-16,0
1595627573.9671698,234.00153636932376,2.220446049250313e-16,0
1595627573.9771783,235.80307960510257,2.220446049250313e-16,0
1595627573.9871767,237.60277748107913,2.220446049250313e-16,0
1595627573.9971783,239.40307617187503,2.220446049250313e-16,0
1595627574.0071707,241.20170116424563,2.220446049250313e-16,0
1595627574.0171762,243.00268650054934,2.220446049250313e-16,0
1595627574.0271754,244.80255603790286,2.220446049250313e-16,0
1595627574.037178,246.6030263900757,2.220446049250313e-16,0
1595627574.0471716,248.4018659591675,2.220446049250313e-16,0
1595627574.057176,250.20267963409427,2.220446049250313e-16,0
1595627574.067164,252.00048923492434,2.220446049250313e-16,0
1595627574.0771663,253.80091667175296,2.220446049250313e-16,0
1595627574.087172,255.6019449234009,2.220446049250313e-16,0
1595627574.0971613,257.40001201629644,2.220446049250313e-16,0
1595627574.107169,259.2013835906983,2.220446049250313e-16,0
1595627574.1171687,261.0013389587403,2.220446049250313e-16,0
1595627574.1271625,262.8002214431763,2.220446049250313e-16,0
1595627574.137178,264.60300922393805,2.220446049250313e-16,0
1595627574.1471796,266.40330791473394,2.220446049250313e-16,0
1595627574.1571786,268.2031345367432,2.220446049250313e-16,0
1595627574.1671622,270.000171661377,2.220446049250313e-16,0
1595627574.1771736,271.8022298812867,2.220446049250313e-16,0
1595627574.1871674,273.6011123657227,2.220446049250313e-16,0
1595627574.197166,275.4008531570435,2.220446049250313e-16,0
1595627574.2071617,277.20007896423346,2.220446049250313e-16,0
1595627574.2171695,279.00149345397955,2.220446049250313e-16,0
1595627574.2271695,280.8014917373658,2.220446049250313e-16,0
1595627574.2371778,282.60299205780035,2.220446049250313e-16,0
1595627574.2471607,284.3999004364014,2.220446049250313e-16,0
1595627574.2571604,286.1998558044434,2.220446049250313e-16,0
1595627574.2671642,288.00054073333746,2.220446049250313e-16,0
1595627574.2771668,289.8010110855103,2.220446049250313e-16,0
1595627574.287163,291.60032272338873,2.220446049250313e-16,0
1595627574.2971718,293.4019088745118,2.220446049250313e-16,0
1595627574.3071651,295.20070552825933,2.220446049250313e-16,0
1595627574.3171706,297.00169086456305,2.220446049250313e-16,0
1595627574.3271763,298.802719116211,2.220446049250313e-16,0
1595627574.3371725,300.6020307540894,2.220446049250313e-16,0
1595627574.347163,302.4003124237061,2.220446049250313e-16,0
1595627574.357176,304.20267105102545,2.220446049250313e-16,0
1595627574.3671627,306.00026607513433,2.220446049250313e-16,0
1595627574.3771622,307.8001785278321,2.220446049250313e-16,0
1595627574.3871691,309.60142135620123,2.220446049250313e-16,0
1595627574.3971622,311.40017509460455,2.220446049250313e-16,0
1595627574.4071777,313.20296287536627,2.220446049250313e-16,0
1595627574.4171672,315.001072883606,2.220446049250313e-16,0
1595627574.4271698,316.80154323577887,2.220446049250313e-16,0
1595627574.4371622,318.60016822814947,2.220446049250313e-16,0
1595627574.447171,320.4017543792725,2.220446049250313e-16,0
1595627574.4571667,322.20098018646246,2.220446049250313e-16,0
1595627574.4671733,324.00218009948736,2.220446049250313e-16,0
1595627574.4771779,325.8029937744141,2.220446049250313e-16,0
1595627574.4871616,327.60007381439215,2.220446049250313e-16,0
1595627574.4971695,329.40148830413824,2.220446049250313e-16,0
1595627574.507161,331.1999416351319,2.220446049250313e-16,0
1595627574.5171738,333.002257347107,2.220446049250313e-16,0
1595627574.5271606,334.7998952865601,2.220446049250313e-16,0
1595627574.5371726,336.60203933715826,2.220446049250313e-16,0
1595627574.547172,338.401951789856,2.220446049250313e-16,0
1595627574.557166,340.2008771896363,2.220446049250313e-16,0
1595627574.567172,342.0019483566285,2.220446049250313e-16,0
1595627574.5771685,343.80130290985113,2.220446049250313e-16,0
1595627574.58717,345.6015586853028,2.220446049250313e-16,0
1595627574.5971608,347.39992618560797,2.220446049250313e-16,0
1595627574.6071737,349.20224189758306,2.220446049250313e-16,0
1595627574.6171727,351.00206851959234,2.220446049250313e-16,0
1595627574.627179,352.80318260192877,2.220446049250313e-16,0
1595627574.6371622,354.6001768112183,2.220446049250313e-16,0
1595627574.647163,356.40030384063726,2.220446049250313e-16,0
1595627574.6571605,358.1998729705811,2.220446049250313e-16,0
1595627574.6671612,360,2.220446049250313e-16,1
1595627574.6671612,0,0,0
1595627574.6771677,1.801156997680664,0,0
1595627574.6871688,3.601369857788086,0,0
1595627574.6971793,5.403256416320801,0,0
1595627574.7071807,7.203512191772461,0,0
1595627574.7171779,9.002995491027832,0,0
1595627574.7271612,10.799989700317383,0,0
1595627574.7371812,12.603592872619629,0,0
1595627574.7471747,14.402432441711426,0,0
1595627574.757181,16.20354652404785,0,0
1595627574.7671797,18.00333023071289,0,0
1595627574.7771678,19.801182746887207,0,0
1595627574.787162,21.60015106201172,0,0
1595627574.7971804,23.403453826904297,0,0
1595627574.807166,25.20087718963623,0,0
1595627574.817173,27.00212001800537,0,0
1595627574.827167,28.801045417785645,0,0
1595627574.837175,30.60245990753174,0,0
1595627574.8471715,32.40185737609863,0,0
1595627574.8571723,34.20198440551758,0,0
1595627574.867163,36.000308990478516,0,0
1595627574.8771622,37.80017852783203,0,0
1595627574.88718,39.60339546203613,0,0
1595627574.8971765,41.40275001525879,0,0
1595627574.9071703,43.201632499694824,0,0
1595627574.9171634,45.000386238098145,0,0
1595627574.9271703,46.801629066467285,0,0
1595627574.9371715,48.60184192657471,0,0
1595627574.9471807,50.40351390838623,0,0
1595627574.957179,52.20321178436279,0,0
1595627574.9671645,54.00059223175049,0,0
1595627574.9771721,55.801963806152344,0,0
1595627574.9871635,57.600417137145996,0,0
1595627574.9971788,59.40316200256348,0,0
1595627575.0071793,61.203246116638184,0,0
1595627575.0171618,63.00011157989502,0,0
1595627575.0271642,64.80053901672363,0,0
1595627575.037163,66.60032272338867,0,0
1595627575.0471702,68.40160846710205,0,0
1595627575.0571609,70.19993305206299,0,0
1595627575.067174,72.00229167938232,0,0
1595627575.077168,73.8012170791626,0,0
1595627575.0871668,75.60100078582764,0,0
1595627575.0971801,77.40340232849121,0,0
1595627575.107161,79.19996738433838,0,0
1595627575.117163,81.00030899047852,0,0
1595627575.1271734,82.80219554901123,0,0
1595627575.1371777,84.60296630859375,0,0
1595627575.1471622,86.40017509460449,0,0
1595627575.1571753,88.20253372192383,0,0
1595627575.1671798,90.00334739685059,0,0
1595627575.1771655,91.80077075958252,0,0
1595627575.1871753,93.60252857208252,0,0
1595627575.1971762,95.4026985168457,0,0
1595627575.207179,97.2032117843628,0,0
1595627575.2171807,99.00351047515869,0,0
1595627575.227175,100.8024787902832,0,0
1595627575.2371738,102.60226249694824,0,0
1595627575.2471752,104.4025182723999,0,0
1595627575.2571778,106.20298862457275,0,0
1595627575.2671702,108.00161361694336,0,0
1595627575.2771742,109.80234146118164,0,0
1595627575.2871785,111.60311222076416,0,0
1595627575.2971663,113.40092182159424,0,0
1595627575.307168,115.20122051239014,0,0
1595627575.3171678,117.00117588043213,0,0
1595627575.3271656,118.80078792572021,0,0
1595627575.3371644,120.60057163238525,0,0
1595627575.3471725,122.40202903747559,0,0
1595627575.349458,122.81341552734375,0,0
1595627575.349458,122.81341552734379,2.220446049250313e-16,0
1595627575.3571794,124.20327186584477,2.220446049250313e-16,0
1595627575.3671803,126.00344181060795,2.220446049250313e-16,0
1595627575.3771727,127.80206680297856,2.220446049250313e-16,0
1595627575.3871753,129.6025371551514,2.220446049250313e-16,0
1595627575.39718,131.4033937454224,2.220446049250313e-16,0
1595627575.4071696,133.20150375366214,2.220446049250313e-16,0
1595627575.4171724,135.00201702117923,2.220446049250313e-16,0
1595627575.4271696,136.8015003204346,2.220446049250313e-16,0
1595627575.4371777,138.60295772552493,2.220446049250313e-16,0
1595627575.447167,140.40102481842044,2.220446049250313e-16,0
1595627575.4571786,142.20312595367434,2.220446049250313e-16,0
1595627575.4671667,144.00097846984866,2.220446049250313e-16,0
1595627575.4771643,145.8005475997925,2.220446049250313e-16,0
1595627575.4871724,147.60200500488284,2.220446049250313e-16,0
1595627575.497167,149.40105915069583,2.220446049250313e-16,0
1595627575.5071619,151.20011329650882,2.220446049250313e-16,0
1595627575.5171607,152.99989700317386,2.220446049250313e-16,0
1595627575.527168,154.80122566223147,2.220446049250313e-16,0
1595627575.5371666,156.60096645355227,2.220446049250313e-16,0
1595627575.5471702,158.40160846710208,2.220446049250313e-16,0
1595627575.5571618,160.20010471343997,2.220446049250313e-16,0
1595627575.5671625,162.00023174285892,2.220446049250313e-16,0
1595627575.5771623,163.8001871109009,2.220446049250313e-16,0
1595627575.5871742,165.60233116149905,2.220446049250313e-16,0
1595627575.5971653,167.40074157714847,2.220446049250313e-16,0
1595627575.607174,169.20228481292727,2.220446049250313e-16,0
1595627575.617177,171.0028409957886,2.220446049250313e-16,0
1595627575.627163,172.80030727386477,2.220446049250313e-16,0
1595627575.6371615,174.60004806518558,2.220446049250313e-16,0
1595627575.6471736,176.40223503112796,2.220446049250313e-16,0
1595627575.6571643,178.2005596160889,2.220446049250313e-16,0
1595627575.6671665,180.00094413757327,2.220446049250313e-16,0
1595627575.6771748,181.80244445800784,2.220446049250313e-16,0
1595627575.6871655,183.60076904296878,2.220446049250313e-16,0
1595627575.6971605,185.399866104126,2.220446049250313e-16,0
1595627575.7071722,187.2019672393799,2.220446049250313e-16,0
1595627575.7171707,189.0017080307007,2.220446049250313e-16,0
1595627575.7271655,190.8007621765137,2.220446049250313e-16,0
1595627575.737179,192.6032066345215,2.220446049250313e-16,0
1595627575.7471664,194.40093040466311,2.220446049250313e-16,0
1595627575.7571611,196.1999845504761,2.220446049250313e-16,0
1595627575.7671788,198.00315856933597,2.220446049250313e-16,0
1595627575.7771645,199.8005819320679,2.220446049250313e-16,0
1595627575.7871637,201.60045146942142,2.220446049250313e-16,0
1595627575.7971623,203.40019226074222,2.220446049250313e-16,0
1595627575.8071702,205.2016067504883,2.220446049250313e-16,0
1595627575.8171763,207.00272083282474,2.220446049250313e-16,0
1595627575.8271618,208.80010128021243,2.220446049250313e-16,0
1595627575.8371644,210.60057163238528,2.220446049250313e-16,0
1595627575.847177,212.40284442901614,2.220446049250313e-16,0
1595627575.8571627,214.20026779174808,2.220446049250313e-16,0
1595627575.867163,216.00030899047854,2.220446049250313e-16,0
1595627575.877178,217.8030109405518,2.220446049250313e-16,0
1595627575.8871768,219.60279464721683,2.220446049250313e-16,0
1595627575.8971748,221.40244960784915,2.220446049250313e-16,0
1595627575.9071712,223.2018041610718,2.220446049250313e-16,0
1595627575.917161,224.9999570846558,2.220446049250313e-16,0
1595627575.927162,226.80012702941897,2.220446049250313e-16,0
1595627575.9371743,228.6023569107056,2.220446049250313e-16,0
1595627575.947168,230.40123939514163,2.220446049250313e-16,0
1595627575.9571638,232.20046520233157,2.220446049250313e-16,0
1595627575.9671767,234.00278091430667,2.220446049250313e-16,0
1595627575.9771748,235.802435874939,2.220446049250313e-16,0
1595627575.9871776,237.60294914245608,2.220446049250313e-16,0
1595627575.9971664,239.40093040466311,2.220446049250313e-16,0
1595627576.007161,241.19994163513186,2.220446049250313e-16,0
1595627576.0171747,243.00242900848392,2.220446049250313e-16,0
1595627576.0271673,244.80109691619876,2.220446049250313e-16,0
1595627576.0371642,246.6005373001099,2.220446049250313e-16,0
1595627576.0471778,248.4029817581177,2.220446049250313e-16,0
1595627576.0571628,250.20027637481692,2.220446049250313e-16,0
1595627576.0671694,252.00147628784183,2.220446049250313e-16,0
1595627576.077168,253.80121707916263,2.220446049250313e-16,0
1595627576.0871677,255.60117244720462,2.220446049250313e-16,0
1595627576.0971637,257.4004411697388,2.220446049250313e-16,0
1595627576.1071723,259.20198440551763,2.220446049250313e-16,0
1595627576.1171684,261.00129604339605,2.220446049250313e-16,0
1595627576.1271737,262.8022384643555,2.220446049250313e-16,0
1595627576.1371756,264.60258007049566,2.220446049250313e-16,0
1595627576.1471763,266.4027070999146,2.220446049250313e-16,0
1595627576.157164,268.2005167007447,2.220446049250313e-16,0
1595627576.16717,270.0015878677369,2.220446049250313e-16,0
1595627576.1771693,271.8014574050904,2.220446049250313e-16,0
1595627576.1871738,273.60227108001715,2.220446049250313e-16,0
1595627576.1971717,275.40188312530523,2.220446049250313e-16,0
1595627576.2071733,277.20218181610113,2.220446049250313e-16,0
1595627576.2171679,279.0011930465699,2.220446049250313e-16,0
1595627576.2271771,280.8028650283814,2.220446049250313e-16,0
1595627576.2371676,282.6011466979981,2.220446049250313e-16,0
1595627576.2471678,284.4011878967286,2.220446049250313e-16,0
1595627576.2571762,286.20268821716314,2.220446049250313e-16,0
1595627576.2671733,288.0021715164185,2.220446049250313e-16,0
1595627576.27716,289.7997665405274,2.220446049250313e-16,0
1595627576.2871742,291.6023397445679,2.220446049250313e-16,0
1595627576.297169,293.4013938903809,2.220446049250313e-16,0
1595627576.307166,295.2008771896363,2.220446049250313e-16,0
1595627576.3171742,297.0023345947266,2.220446049250313e-16,0
1595627576.3271768,298.80280494689947,2.220446049250313e-16,0
1595627576.3371742,300.6023311614991,2.220446049250313e-16,0
1595627576.347163,302.4003124237061,2.220446049250313e-16,0
1595627576.3571696,304.201512336731,2.220446049250313e-16,0
1595627576.3671746,306.00241184234625,2.220446049250313e-16,0
1595627576.3771746,307.8024101257325,2.220446049250313e-16,0
1595627576.3871763,309.6027088165284,2.220446049250313e-16,0
1595627576.3971758,311.40262126922613,2.220446049250313e-16,0
1595627576.4071622,313.2001733779908,2.220446049250313e-16,0
1595627576.4171698,315.00154495239263,2.220446049250313e-16,0
1595627576.4271638,316.8004703521729,2.220446049250313e-16,0
1595627576.437173,318.6020994186402,2.220446049250313e-16,0
1595627576.44716,320.39978027343756,2.220446049250313e-16,0
1595627576.4571753,322.20252513885504,2.220446049250313e-16,0
1595627576.4671774,324.0029096603394,2.220446049250313e-16,0
1595627576.4771638,325.80046176910406,2.220446049250313e-16,0
1595627576.4871786,327.60312080383306,2.220446049250313e-16,0
1595627576.4971626,329.40024375915533,2.220446049250313e-16,0
1595627576.5071733,331.2021732330323,2.220446049250313e-16,0
1595627576.5171642,333.00054073333746,2.220446049250313e-16,0
1595627576.5271626,334.800238609314,2.220446049250313e-16,0
1595627576.5371633,336.60036563873297,2.220446049250313e-16,0
1595627576.5471659,338.4008359909058,2.220446049250313e-16,0
1595627576.557165,340.2006626129151,2.220446049250313e-16,0
1595627576.5671747,342.0024204254151,2.220446049250313e-16,0
1595627576.5771635,343.8004016876221,2.220446049250313e-16,0
1595627576.587166,345.600872039795,2.220446049250313e-16,0
1595627576.5971715,347.4018573760987,2.220446049250313e-16,0
1595627576.6071677,349.2011690139771,2.220446049250313e-16,0
1595627576.6171715,351.00185394287115,2.220446049250313e-16,0
1595627576.6271698,352.8015518188477,2.220446049250313e-16,0
1595627576.6371698,354.60155010223394,2.220446049250313e-16,0
1595627576.6471624,356.4002180099488,2.220446049250313e-16,0
