Timestamp,Phase,Offset,Ping?
1595627493.000095,59.940000000000005,0,0
1595627493.010117,61.74167198181153,0.333,0
1595627493.020126,63.54330104827881,0.333,0
1595627493.0301137,65.34106773376465,0.333,0
1595627493.040116,67.14149517059326,0.333,0
1595627493.0501137,68.9410643005371,0.333,0
1595627493.0601184,70.7419208908081,0.333,0
1595627493.0701165,72.54157585144043,0.333,0
1595627493.0801086,74.3401579284668,0.333,0
1595627493.0901148,76.14127201080322,0.333,0
1595627493.1001153,77.94135612487793,0.333,0
1595627493.110109,79.74023860931396,0.333,0
1595627493.1201186,81.54195350646972,0.333,0
1595627493.1301153,83.34135097503662,0.333,0
1595627493.1401236,85.14285129547119,0.333,0
1595627493.150122,86.94254917144775,0.333,0
1595627493.1601253,88.74314826965332,0.333,0
1595627493.1701221,90.54258865356445,0.333,0
1595627493.1801128,92.34091323852539,0.333,0
1595627493.190109,94.1402248764038,0.333,0
1595627493.2001228,95.94271224975586,0.333,0
1595627493.210116,97.74146598815918,0.333,0
1595627493.2201161,99.54150718688965,0.333,0
1595627493.2301247,101.34305042266845,0.333,0
1595627493.2401125,103.14086002349853,0.333,0
1595627493.2501092,104.94025749206543,0.333,0
1595627493.2601252,106.74313110351562,0.333,0
1595627493.2701151,108.54132694244385,0.333,0
1595627493.2801108,110.34055274963379,0.333,0
1595627493.2901168,112.14162391662597,0.333,0
1595627493.3001168,113.9416222000122,0.333,0
1595627493.3101156,115.74140590667724,0.333,0
1595627493.3201265,117.54337829589844,0.333,0
1595627493.3301256,119.34320491790771,0.333,0
1595627493.3401146,121.14122909545898,0.333,0
1595627493.3487926,122.70326179504394,0.333,0
1595627493.3487926,122.70326179504391,0.3329999999999999,0
1595627493.3501246,122.94302982330322,0.3329999999999999,0
1595627493.3601186,124.7419552230835,0.3329999999999999,0
1595627493.370109,126.5402368927002,0.3329999999999999,0
1595627493.3801177,128.341780128479,0.3329999999999999,0
1595627493.3901248,130.14306587219238,0.3329999999999999,0
1595627493.4001234,131.94280666351318,0.3329999999999999,0
1595627493.4101126,133.7408737564087,0.3329999999999999,0
1595627493.420111,135.54057163238525,0.3329999999999999,0
1595627493.4301157,137.34142822265625,0.3329999999999999,0
1595627493.4401104,139.14048236846924,0.3329999999999999,0
1595627493.4501169,140.9416393661499,0.3329999999999999,0
1595627493.4601226,142.74266761779785,0.3329999999999999,0
1595627493.4701073,144.53991931915283,0.3329999999999999,0
1595627493.4801137,146.3410763168335,0.3329999999999999,0
1595627493.4901116,148.14068836212158,0.3329999999999999,0
1595627493.500119,149.9420170211792,0.3329999999999999,0
1595627493.510123,151.74274486541748,0.3329999999999999,0
1595627493.5201242,153.5429577255249,0.3329999999999999,0
1595627493.530119,155.3420118713379,0.3329999999999999,0
1595627493.540122,157.14256805419922,0.3329999999999999,0
1595627493.550118,158.9418367767334,0.3329999999999999,0
1595627493.560115,160.74132007598877,0.3329999999999999,0
1595627493.5701118,162.54071754455566,0.3329999999999999,0
1595627493.5801277,164.34359115600586,0.3329999999999999,0
1595627493.5901086,166.14015621185303,0.3329999999999999,0
1595627493.6001117,167.94071239471435,0.3329999999999999,0
1595627493.6101146,169.74122566223144,0.3329999999999999,0
1595627493.6201155,171.54139560699463,0.3329999999999999,0
1595627493.630109,173.34023517608642,0.3329999999999999,0
1595627493.6401157,175.14143508911133,0.3329999999999999,0
1595627493.6501157,176.94143337249756,0.3329999999999999,0
1595627493.6601157,178.7414316558838,0.3329999999999999,0
1595627493.6701195,180.54211658477783,0.3329999999999999,0
1595627493.6801226,182.34267276763916,0.3329999999999999,0
1595627493.6901095,184.14031070709228,0.3329999999999999,0
1595627493.7001224,185.94262641906738,0.3329999999999999,0
1595627493.7101161,187.74150890350342,0.3329999999999999,0
1595627493.7201214,189.5424513244629,0.3329999999999999,0
1595627493.7301118,191.3407329940796,0.3329999999999999,0
1595627493.7401161,193.1415037536621,0.3329999999999999,0
1595627493.7501214,194.94244617462158,0.3329999999999999,0
1595627493.7601259,196.74325984954834,0.3329999999999999,0
1595627493.77011,198.5403828048706,0.3329999999999999,0
1595627493.7801182,200.34188312530517,0.3329999999999999,0
1595627493.7901165,202.14158100128174,0.3329999999999999,0
1595627493.800114,203.94110721588135,0.3329999999999999,0
1595627493.8101177,205.7417921447754,0.3329999999999999,0
1595627493.8201087,207.54015964508056,0.3329999999999999,0
1595627493.8301244,209.34299034118652,0.3329999999999999,0
1595627493.8401103,211.1404566192627,0.3329999999999999,0
1595627493.8501177,212.9417852783203,0.3329999999999999,0
1595627493.8601177,214.74178356170654,0.3329999999999999,0
1595627493.8701174,216.54173892974853,0.3329999999999999,0
1595627493.8801167,218.34160846710205,0.3329999999999999,0
1595627493.8901184,220.14190715789795,0.3329999999999999,0
1595627493.900117,221.94164794921875,0.3329999999999999,0
1595627493.9101202,223.7422470474243,0.3329999999999999,0
1595627493.9201193,225.5420736694336,0.3329999999999999,0
1595627493.9301217,227.3425011062622,0.3329999999999999,0
1595627493.9401183,229.1418985748291,0.3329999999999999,0
1595627493.9501364,230.94515842437744,0.3329999999999999,0
1595627493.9601083,232.74009269714355,0.3329999999999999,0
1595627493.9701142,234.54116386413574,0.3329999999999999,0
1595627493.9801168,236.3416342163086,0.3329999999999999,0
1595627493.9901152,238.14133209228515,0.3329999999999999,0
1595627494.0001159,239.9414591217041,0.3329999999999999,0
1595627494.0101173,241.74171489715576,0.3329999999999999,0
1595627494.0201354,243.5449747467041,0.3329999999999999,0
1595627494.030111,245.34059566497803,0.3329999999999999,0
1595627494.040117,247.1416668319702,0.3329999999999999,0
1595627494.050118,248.9418367767334,0.3329999999999999,0
1595627494.060131,250.74419540405273,0.3329999999999999,0
1595627494.0701072,252.53990215301513,0.3329999999999999,0
1595627494.080109,254.34020084381103,0.3329999999999999,0
1595627494.0901337,256.14466232299804,0.3329999999999999,0
1595627494.1001067,257.93981117248535,0.3329999999999999,0
1595627494.1101136,259.7410540008545,0.3329999999999999,0
1595627494.1201339,261.544700088501,0.3329999999999999,0
1595627494.1301303,263.34405464172363,0.3329999999999999,0
1595627494.1401148,265.1412634277344,0.3329999999999999,0
1595627494.1501114,266.94066089630127,0.3329999999999999,0
1595627494.1601067,268.73980087280273,0.3329999999999999,0
1595627494.1701293,270.5438761138916,0.3329999999999999,0
1595627494.180135,272.34490436553955,0.3329999999999999,0
1595627494.19013,274.1440014266968,0.3329999999999999,0
1595627494.2001355,275.9449867630005,0.3329999999999999,0
1595627494.2101147,277.741251411438,0.3329999999999999,0
1595627494.2201288,279.5437817001343,0.3329999999999999,0
1595627494.2301118,281.3407329940796,0.3329999999999999,0
1595627494.2401202,283.14223331451416,0.3329999999999999,0
1595627494.2501295,284.9439052963257,0.3329999999999999,0
1595627494.2601292,286.7438606643677,0.3329999999999999,0
1595627494.270128,288.5436443710327,0.3329999999999999,0
1595627494.2801154,290.3413681411743,0.3329999999999999,0
1595627494.2901154,292.14136642456054,0.3329999999999999,0
1595627494.3001168,293.9416222000122,0.3329999999999999,0
1595627494.3101187,295.74196380615234,0.3329999999999999,0
1595627494.3201067,297.53981632232666,0.3329999999999999,0
1595627494.3301191,299.3420462036133,0.3329999999999999,0
1595627494.3401117,301.1407141113281,0.3329999999999999,0
1595627494.3501136,302.94105571746826,0.3329999999999999,0
1595627494.3601139,304.7410969161987,0.3329999999999999,0
1595627494.370128,306.543627204895,0.3329999999999999,0
1595627494.3801348,308.34487003326416,0.3329999999999999,0
1595627494.390129,310.14383834838867,0.3329999999999999,0
1595627494.4001093,311.9402746582031,0.3329999999999999,0
1595627494.4101098,313.74035877227783,0.3329999999999999,0
1595627494.4201112,315.5406145477295,0.3329999999999999,0
1595627494.430129,317.3438314819336,0.3329999999999999,0
1595627494.4401271,319.1434864425659,0.3329999999999999,0
1595627494.4501138,320.9410814666748,0.3329999999999999,0
1595627494.4601152,322.74133724212646,0.3329999999999999,0
1595627494.4701097,324.5403484725952,0.3329999999999999,0
1595627494.4801123,326.34081882476806,0.3329999999999999,0
1595627494.490112,328.14077419281006,0.3329999999999999,0
1595627494.5001104,329.9404720687866,0.3329999999999999,0
1595627494.510108,331.74004119873047,0.3329999999999999,0
1595627494.5201278,333.5436014556885,0.3329999999999999,0
1595627494.5301077,335.3399948501587,0.3329999999999999,0
1595627494.5401247,337.14304012298584,0.3329999999999999,0
1595627494.550126,338.9432958984375,0.3329999999999999,0
1595627494.5601163,340.74153465270996,0.3329999999999999,0
1595627494.5701308,342.5441507720947,0.3329999999999999,0
1595627494.5801084,344.34011501312256,0.3329999999999999,0
1595627494.5901282,346.14367527008056,0.3329999999999999,0
1595627494.6001313,347.9442314529419,0.3329999999999999,0
1595627494.6101272,349.7435001754761,0.3329999999999999,0
1595627494.6201096,351.54032272338867,0.3329999999999999,0
1595627494.6301332,353.3445696258545,0.3329999999999999,0
1595627494.640132,355.14435333251953,0.3329999999999999,0
1595627494.6501117,356.9407038116455,0.3329999999999999,0
1595627494.6601067,358.73980087280273,0.3329999999999999,0
1595627494.667112,360,0.3329999999999999,1
1595627494.667112,0,0,0
1595627494.6771193,1.801285743713379,0,0
1595627494.6871161,3.6007261276245117,0,0
1595627494.6971247,5.40226936340332,0,0
1595627494.7071223,7.201838493347168,0,0
1595627494.7171159,9.000678062438965,0,0
1595627494.7271283,10.802907943725586,0,0
1595627494.7371259,12.602477073669434,0,0
1595627494.7471213,14.401659965515137,0,0
1595627494.757115,16.200499534606934,0,0
1595627494.7671144,18.000411987304688,0,0
1595627494.7771263,19.802556037902832,0,0
1595627494.7871203,21.601481437683105,0,0
1595627494.7971137,23.400278091430664,0,0
1595627494.8071327,25.203709602355957,0,0
1595627494.8171146,27.000446319580078,0,0
1595627494.8271291,28.803062438964844,0,0
1595627494.8371298,30.60318946838379,0,0
1595627494.8471305,32.403316497802734,0,0
1595627494.8571298,34.20318603515625,0,0
1595627494.8671227,36.00189685821533,0,0
1595627494.8771193,37.80129432678223,0,0
1595627494.8871233,39.60202217102051,0,0
1595627494.8971152,41.40056133270264,0,0
1595627494.907118,43.20107460021973,0,0
1595627494.917126,45.00248908996582,0,0
1595627494.927121,46.80158615112305,0,0
1595627494.9371219,48.60175609588623,0,0
1595627494.947123,50.40196895599365,0,0
1595627494.957125,52.20231056213379,0,0
1595627494.9671285,54.002952575683594,0,0
1595627494.9771302,55.80325126647949,0,0
1595627494.9871175,57.600975036621094,0,0
1595627494.99712,59.40140247344971,0,0
1595627495.0071158,61.20067119598389,0,0
1595627495.0171118,62.999939918518066,0,0
1595627495.0271301,64.80324268341064,0,0
1595627495.037127,66.60268306732178,0,0
1595627495.0471232,68.4019947052002,0,0
1595627495.0571303,70.20328044891357,0,0
1595627495.0671165,72.00078964233398,0,0
1595627495.0771303,73.80327701568604,0,0
1595627495.0871155,75.60061454772949,0,0
1595627495.0971317,77.40353107452393,0,0
1595627495.1071162,79.20073986053467,0,0
1595627495.1171257,81.00245475769043,0,0
1595627495.1271195,82.80133724212646,0,0
1595627495.1371195,84.6013355255127,0,0
1595627495.1471248,86.40227794647217,0,0
1595627495.1571236,88.2020616531372,0,0
1595627495.167116,90.00068664550781,0,0
1595627495.1771293,91.80308818817139,0,0
1595627495.1871207,93.60154151916504,0,0
1595627495.1971262,95.40252685546875,0,0
1595627495.207118,97.20106601715088,0,0
1595627495.2171273,99.0027379989624,0,0
1595627495.2271168,100.80084800720215,0,0
1595627495.2371216,102.60170459747314,0,0
1595627495.2471125,104.40007209777832,0,0
1595627495.2571228,106.2019157409668,0,0
1595627495.2671125,108.00006866455078,0,0
1595627495.277122,109.80178356170654,0,0
1595627495.2871265,111.6025972366333,0,0
1595627495.297116,113.40070724487305,0,0
1595627495.307118,115.20104885101318,0,0
1595627495.3171191,117.0012617111206,0,0
1595627495.3271115,118.79988670349121,0,0
1595627495.3371146,120.60044288635254,0,0
1595627495.3471265,122.40258693695068,0,0
1595627495.3488874,122.71955966949463,0,0
1595627495.3488874,122.71955966949461,-1.1102230246251565e-16,0
1595627495.3571262,124.20254230499266,-1.1102230246251565e-16,0
1595627495.3671234,126.00202560424803,-1.1102230246251565e-16,0
1595627495.377114,127.80035018920897,-1.1102230246251565e-16,0
1595627495.3871214,129.60167884826657,-1.1102230246251565e-16,0
1595627495.3971262,131.40253543853757,-1.1102230246251565e-16,0
1595627495.40712,133.2014179229736,-1.1102230246251565e-16,0
1595627495.4171202,135.00145912170407,-1.1102230246251565e-16,0
1595627495.4271235,136.80205821990964,-1.1102230246251565e-16,0
1595627495.4371216,138.60171318054196,-1.1102230246251565e-16,0
1595627495.4471118,140.39995193481442,-1.1102230246251565e-16,0
1595627495.4571297,142.20316886901853,-1.1102230246251565e-16,0
1595627495.4671297,144.00316715240476,-1.1102230246251565e-16,0
1595627495.477126,145.80247879028317,-1.1102230246251565e-16,0
1595627495.487129,147.6030349731445,-1.1102230246251565e-16,0
1595627495.497128,149.40286159515378,-1.1102230246251565e-16,0
1595627495.5071123,151.20002746582028,-1.1102230246251565e-16,0
1595627495.5171173,153.00092697143552,-1.1102230246251565e-16,0
1595627495.5271277,154.80281352996823,-1.1102230246251565e-16,0
1595627495.5371149,156.6004943847656,-1.1102230246251565e-16,0
1595627495.547113,158.40014934539792,-1.1102230246251565e-16,0
1595627495.5571258,160.20246505737302,-1.1102230246251565e-16,0
1595627495.5671165,162.00078964233396,-1.1102230246251565e-16,0
1595627495.5771177,163.80100250244138,-1.1102230246251565e-16,0
1595627495.5871186,165.60117244720456,-1.1102230246251565e-16,0
1595627495.597125,167.40232944488523,-1.1102230246251565e-16,0
1595627495.6071198,169.2013835906982,-1.1102230246251565e-16,0
1595627495.6171238,171.0021114349365,-1.1102230246251565e-16,0
1595627495.6271114,172.79987812042233,-1.1102230246251565e-16,0
1595627495.6371236,174.60206508636472,-1.1102230246251565e-16,0
1595627495.647115,176.40051841735837,-1.1102230246251565e-16,0
1595627495.6571212,178.2016324996948,-1.1102230246251565e-16,0
1595627495.667115,180.00051498413086,-1.1102230246251565e-16,0
1595627495.677129,181.80304527282715,-1.1102230246251565e-16,0
1595627495.6871305,183.6033010482788,-1.1102230246251565e-16,0
1595627495.6971202,185.4014539718628,-1.1102230246251565e-16,0
1595627495.7071166,187.20080852508545,-1.1102230246251565e-16,0
1595627495.717118,189.0010643005371,-1.1102230246251565e-16,0
1595627495.72712,190.80140590667725,-1.1102230246251565e-16,0
1595627495.7371192,192.60127544403076,-1.1102230246251565e-16,0
1595627495.747116,194.4007158279419,-1.1102230246251565e-16,0
1595627495.7571135,196.2002420425415,-1.1102230246251565e-16,0
1595627495.767123,198.00195693969727,-1.1102230246251565e-16,0
1595627495.7771113,199.79985237121582,-1.1102230246251565e-16,0
1595627495.7871172,201.600923538208,-1.1102230246251565e-16,0
1595627495.7971303,203.40328216552734,-1.1102230246251565e-16,0
1595627495.807113,205.20014762878418,-1.1102230246251565e-16,0
1595627495.8171237,207.00207710266113,-1.1102230246251565e-16,0
1595627495.8271153,208.80057334899902,-1.1102230246251565e-16,0
1595627495.8371289,210.60301780700684,-1.1102230246251565e-16,0
1595627495.847114,212.4003553390503,-1.1102230246251565e-16,0
1595627495.8571203,214.20146942138672,-1.1102230246251565e-16,0
1595627495.8671267,216.00262641906738,-1.1102230246251565e-16,0
1595627495.8771114,217.79987812042236,-1.1102230246251565e-16,0
1595627495.8871112,219.59983348846436,-1.1102230246251565e-16,0
1595627495.8971162,221.4007329940796,-1.1102230246251565e-16,0
1595627495.907116,223.20068836212158,-1.1102230246251565e-16,0
1595627495.9171271,225.002703666687,-1.1102230246251565e-16,0
1595627495.9271226,226.80188655853271,-1.1102230246251565e-16,0
1595627495.937122,228.60179901123047,-1.1102230246251565e-16,0
1595627495.947117,230.4008960723877,-1.1102230246251565e-16,0
1595627495.957127,232.20269680023193,-1.1102230246251565e-16,0
1595627495.9671118,233.9999485015869,-1.1102230246251565e-16,0
1595627495.9771245,235.80222129821777,-1.1102230246251565e-16,0
1595627495.987125,237.60230541229248,-1.1102230246251565e-16,0
1595627495.997121,239.4016170501709,-1.1102230246251565e-16,0
1595627496.0071235,241.2020444869995,-1.1102230246251565e-16,0
1595627496.017124,243.00212860107422,-1.1102230246251565e-16,0
1595627496.0271156,244.8006248474121,-1.1102230246251565e-16,0
1595627496.0371246,246.6022539138794,-1.1102230246251565e-16,0
1595627496.0471227,248.40190887451172,-1.1102230246251565e-16,0
1595627496.0571158,250.20066261291504,-1.1102230246251565e-16,0
1595627496.0671155,252.00061798095703,-1.1102230246251565e-16,0
1595627496.0771139,253.8003158569336,-1.1102230246251565e-16,0
1595627496.0871255,255.6024169921875,-1.1102230246251565e-16,0
1595627496.0971282,257.40288734436035,-1.1102230246251565e-16,0
1595627496.107114,259.2003536224365,-1.1102230246251565e-16,0
1595627496.1171234,261.00202560424805,-1.1102230246251565e-16,0
1595627496.1271193,262.8012943267822,-1.1102230246251565e-16,0
1595627496.1371121,264.6000051498413,-1.1102230246251565e-16,0
1595627496.1471114,266.3998746871948,-1.1102230246251565e-16,0
1595627496.1571116,268.1999158859253,-1.1102230246251565e-16,0
1595627496.1671283,270.0029182434082,-1.1102230246251565e-16,0
1595627496.177127,271.802659034729,-1.1102230246251565e-16,0
1595627496.1871293,273.6030864715576,-1.1102230246251565e-16,0
1595627496.1971226,275.4018831253052,-1.1102230246251565e-16,0
1595627496.20712,277.2014093399048,-1.1102230246251565e-16,0
1595627496.2171125,279.00007724761963,-1.1102230246251565e-16,0
1595627496.2271297,280.803165435791,-1.1102230246251565e-16,0
1595627496.2371163,282.6007604598999,-1.1102230246251565e-16,0
1595627496.2471247,284.4022607803345,-1.1102230246251565e-16,0
1595627496.2571297,286.2031602859497,-1.1102230246251565e-16,0
1595627496.2671125,288.0000686645508,-1.1102230246251565e-16,0
1595627496.2771297,289.80315685272217,-1.1102230246251565e-16,0
1595627496.287123,291.6019535064697,-1.1102230246251565e-16,0
1595627496.2971113,293.3998489379883,-1.1102230246251565e-16,0
1595627496.3071115,295.19989013671875,-1.1102230246251565e-16,0
1595627496.3171184,297.0011329650879,-1.1102230246251565e-16,0
1595627496.32712,298.8014316558838,-1.1102230246251565e-16,0
1595627496.3371258,300.60245990753174,-1.1102230246251565e-16,0
1595627496.347128,302.4028444290161,-1.1102230246251565e-16,0
1595627496.3571227,304.2018985748291,-1.1102230246251565e-16,0
1595627496.367113,306.0001802444458,-1.1102230246251565e-16,0
1595627496.3771138,307.80030727386475,-1.1102230246251565e-16,0
1595627496.3871288,309.603009223938,-1.1102230246251565e-16,0
1595627496.397111,311.39978885650635,-1.1102230246251565e-16,0
1595627496.4071279,313.2028341293335,-1.1102230246251565e-16,0
1595627496.417112,315.0,-1.1102230246251565e-16,0
1595627496.4271173,316.8009424209595,-1.1102230246251565e-16,0
1595627496.437126,318.6024856567383,-1.1102230246251565e-16,0
1595627496.4471104,320.399694442749,-1.1102230246251565e-16,0
1595627496.4571195,322.2013235092163,-1.1102230246251565e-16,0
1595627496.4671113,323.99986267089844,-1.1102230246251565e-16,0
1595627496.477129,325.8030366897583,-1.1102230246251565e-16,0
1595627496.4871123,327.60003089904785,-1.1102230246251565e-16,0
1595627496.497122,329.40178871154785,-1.1102230246251565e-16,0
1595627496.5071104,331.1996841430664,-1.1102230246251565e-16,0
1595627496.5171263,333.0025577545166,-1.1102230246251565e-16,0
1595627496.527111,334.7998094558716,-1.1102230246251565e-16,0
1595627496.5371165,336.6007947921753,-1.1102230246251565e-16,0
1595627496.5471244,338.4022092819214,-1.1102230246251565e-16,0
1595627496.557111,340.1998043060303,-1.1102230246251565e-16,0
1595627496.5671244,342.00220584869385,-1.1102230246251565e-16,0
1595627496.5771286,343.80297660827637,-1.1102230246251565e-16,0
1595627496.5871272,345.60271739959717,-1.1102230246251565e-16,0
1595627496.5971138,347.40031242370605,-1.1102230246251565e-16,0
1595627496.6071289,349.2030143737793,-1.1102230246251565e-16,0
1595627496.6171248,351.0022830963135,-1.1102230246251565e-16,0
1595627496.6271188,352.80120849609375,-1.1102230246251565e-16,0
1595627496.6371176,354.6009922027588,-1.1102230246251565e-16,0
1595627496.6471112,356.3998317718506,-1.1102230246251565e-16,0
1595627496.6571157,358.20064544677734,-1.1102230246251565e-16,0
1595627496.6671286,360,-1.1102230246251565e-16,1
1595627496.6671286,0,0,0
1595627496.677141,1.802229881286621,0,0
1595627496.6871479,3.6034727096557617,0,0
1595627496.69713,5.400252342224121,0,0
1595627496.7071342,7.201023101806641,0,0
1595627496.7171423,9.002480506896973,0,0
1595627496.7271314,10.800504684448242,0,0
1595627496.7371314,12.600502967834473,0,0
1595627496.7471461,14.403162002563477,0,0
1595627496.7571456,16.20307445526123,0,0
1595627496.7671435,18.002686500549316,0,0
1595627496.777131,19.800453186035156,0,0
1595627496.787141,21.602253913879395,0,0
1595627496.7971444,23.40285301208496,0,0
1595627496.8071342,25.201005935668945,0,0
1595627496.8171346,27.001090049743652,0,0
1595627496.827134,28.800959587097168,0,0
1595627496.837143,30.602588653564453,0,0
1595627496.8471358,32.401299476623535,0,0
1595627496.8571427,34.202542304992676,0,0
1595627496.8671355,36.00125312805176,0,0
1595627496.8771474,37.8033971786499,0,0
1595627496.8871403,39.602108001708984,0,0
1595627496.8971393,41.40193462371826,0,0
1595627496.907135,43.2011604309082,0,0
1595627496.9171348,45.001115798950195,0,0
1595627496.9271283,46.79995536804199,0,0
1595627496.9371428,48.60257148742676,0,0
1595627496.9471447,50.402913093566895,0,0
1595627496.9571295,52.200164794921875,0,0
1595627496.9671302,54.00029182434082,0,0
1595627496.977132,55.80063343048096,0,0
1595627496.9871454,57.60303497314453,0,0
1595627496.997138,59.401702880859375,0,0
1595627497.0071285,61.199984550476074,0,0
1595627497.017131,63.000454902648926,0,0
1595627497.027141,64.80225563049316,0,0
1595627497.037139,66.60186767578125,0,0
1595627497.0471444,68.40285301208496,0,0
1595627497.0571356,70.20126342773438,0,0
1595627497.0671282,71.99993133544922,0,0
1595627497.0771308,73.80040168762207,0,0
1595627497.0871344,75.60104370117188,0,0
1595627497.0971313,77.40048408508301,0,0
1595627497.1071289,79.20005321502686,0,0
1595627497.1171458,81.003098487854,0,0
1595627497.1271412,82.8022813796997,0,0
1595627497.1371346,84.60107803344727,0,0
1595627497.1471403,86.40210628509521,0,0
1595627497.157147,88.20330619812012,0,0
1595627497.167129,90.00008583068848,0,0
1595627497.1771472,91.80334568023682,0,0
1595627497.1871412,93.60227108001709,0,0
1595627497.1971345,95.40106773376465,0,0
1595627497.2071385,97.20179557800293,0,0
1595627497.217133,99.00080680847168,0,0
1595627497.227128,100.7999038696289,0,0
1595627497.237134,102.6009750366211,0,0
1595627497.2471344,104.4010591506958,0,0
1595627497.2571454,106.20303153991699,0,0
1595627497.2671459,108.0031156539917,0,0
1595627497.2771451,109.80298519134521,0,0
1595627497.287147,111.60332679748535,0,0
1595627497.297145,113.40293884277344,0,0
1595627497.3071449,115.20293712615967,0,0
1595627497.3171306,117.0003604888916,0,0
1595627497.3271356,118.80125999450684,0,0
1595627497.33713,120.60027122497559,0,0
1595627497.3471391,122.40190029144287,0,0
1595627497.3489585,122.7293872833252,0,0
1595627497.3489585,122.72938728332515,-2.220446049250313e-16,0
1595627497.3571446,124.20288562774654,-2.220446049250313e-16,0
1595627497.3671312,126.00048065185543,-2.220446049250313e-16,0
1595627497.377141,127.80223846435543,-2.220446049250313e-16,0
1595627497.3871326,129.60073471069333,-2.220446049250313e-16,0
1595627497.397147,131.40330791473386,-2.220446049250313e-16,0
1595627497.4071295,133.2001733779907,-2.220446049250313e-16,0
1595627497.4171362,135.0013732910156,-2.220446049250313e-16,0
1595627497.4271333,136.80085659027097,-2.220446049250313e-16,0
1595627497.4371438,138.60274314880368,-2.220446049250313e-16,0
1595627497.4471438,140.4027414321899,-2.220446049250313e-16,0
1595627497.4571364,142.20140933990476,-2.220446049250313e-16,0
1595627497.4671347,144.00110721588132,-2.220446049250313e-16,0
1595627497.4771287,145.8000326156616,-2.220446049250313e-16,0
1595627497.4871469,147.60329246520993,-2.220446049250313e-16,0
1595627497.4971383,149.40174579620358,-2.220446049250313e-16,0
1595627497.507131,151.20045661926267,-2.220446049250313e-16,0
1595627497.5171423,153.0024719238281,-2.220446049250313e-16,0
1595627497.5271297,154.8001956939697,-2.220446049250313e-16,0
1595627497.5371315,156.60053730010983,-2.220446049250313e-16,0
1595627497.5471406,158.40216636657712,-2.220446049250313e-16,0
1595627497.5571353,160.2012205123901,-2.220446049250313e-16,0
1595627497.5671473,162.00336456298825,-2.220446049250313e-16,0
1595627497.5771341,163.80100250244138,-2.220446049250313e-16,0
1595627497.5871332,165.60082912445066,-2.220446049250313e-16,0
1595627497.597141,167.40224361419675,-2.220446049250313e-16,0
1595627497.6071296,169.20018196105954,-2.220446049250313e-16,0
1595627497.6171334,171.00086688995358,-2.220446049250313e-16,0
1595627497.627144,172.80279636383054,-2.220446049250313e-16,0
1595627497.6371422,174.60245132446286,-2.220446049250313e-16,0
1595627497.6471405,176.40214920043942,-2.220446049250313e-16,0
1595627497.657145,178.20296287536618,-2.220446049250313e-16,0
1595627497.6671364,180.00141620635983,-2.220446049250313e-16,0
1595627497.677143,181.80261611938474,-2.220446049250313e-16,0
1595627497.687129,183.6000823974609,-2.220446049250313e-16,0
1595627497.6971338,185.4009389877319,-2.220446049250313e-16,0
1595627497.707137,187.20153808593747,-2.220446049250313e-16,0
1595627497.717134,189.0009784698486,-2.220446049250313e-16,0
1595627497.727132,190.80063343048093,-2.220446049250313e-16,0
1595627497.7371454,192.6030349731445,-2.220446049250313e-16,0
1595627497.747147,194.4033336639404,-2.220446049250313e-16,0
1595627497.7571414,196.2023019790649,-2.220446049250313e-16,0
1595627497.7671447,198.00290107727048,-2.220446049250313e-16,0
1595627497.777142,199.8024272918701,-2.220446049250313e-16,0
1595627497.7871382,201.6017389297485,-2.220446049250313e-16,0
1595627497.797145,203.4029388427734,-2.220446049250313e-16,0
1595627497.8071377,205.2016496658325,-2.220446049250313e-16,0
1595627497.8171375,207.00160503387448,-2.220446049250313e-16,0
1595627497.8271375,208.8016033172607,-2.220446049250313e-16,0
1595627497.8371391,210.6019020080566,-2.220446049250313e-16,0
1595627497.8471377,212.4016427993774,-2.220446049250313e-16,0
1595627497.8571398,214.2020273208618,-2.220446049250313e-16,0
1595627497.8671427,216.00254058837888,-2.220446049250313e-16,0
1595627497.8771434,217.80266761779782,-2.220446049250313e-16,0
1595627497.8871276,219.59983348846433,-2.220446049250313e-16,0
1595627497.8971388,221.40184879302976,-2.220446049250313e-16,0
1595627497.9071283,223.1999588012695,-2.220446049250313e-16,0
1595627497.917137,225.0015020370483,-2.220446049250313e-16,0
1595627497.9271412,226.80227279663083,-2.220446049250313e-16,0
1595627497.9371347,228.60111236572263,-2.220446049250313e-16,0
1595627497.9471393,230.40192604064939,-2.220446049250313e-16,0
1595627497.9571407,232.20218181610105,-2.220446049250313e-16,0
1595627497.9671283,233.99994850158689,-2.220446049250313e-16,0
1595627497.9771302,235.80029010772702,-2.220446049250313e-16,0
1595627497.9871411,237.6022624969482,-2.220446049250313e-16,0
1595627497.9971426,239.40251827239987,-2.220446049250313e-16,0
1595627498.0071356,241.2012720108032,-2.220446049250313e-16,0
1595627498.0171356,243.00127029418942,-2.220446049250313e-16,0
1595627498.0271285,244.7999811172485,-2.220446049250313e-16,0
1595627498.0371327,246.60075187683103,-2.220446049250313e-16,0
1595627498.0471308,248.40040683746335,-2.220446049250313e-16,0
1595627498.0571322,250.200662612915,-2.220446049250313e-16,0
1595627498.067134,252.0009613037109,-2.220446049250313e-16,0
1595627498.0771282,253.79992961883542,-2.220446049250313e-16,0
1595627498.0871384,255.6017732620239,-2.220446049250313e-16,0
1595627498.0971355,257.40125656127924,-2.220446049250313e-16,0
1595627498.1071362,259.2013835906982,-2.220446049250313e-16,0
1595627498.1171277,260.99983692169184,-2.220446049250313e-16,0
1595627498.1271358,262.80129432678217,-2.220446049250313e-16,0
1595627498.1371272,264.5997476577758,-2.220446049250313e-16,0
1595627498.1471438,266.40275001525873,-2.220446049250313e-16,0
1595627498.1571298,268.2002162933349,-2.220446049250313e-16,0
1595627498.1671426,270.00253200531,-2.220446049250313e-16,0
1595627498.1771328,271.80077075958246,-2.220446049250313e-16,0
1595627498.1871386,273.6017990112304,-2.220446049250313e-16,0
1595627498.197133,275.40081024169916,-2.220446049250313e-16,0
1595627498.2071283,277.1999502182006,-2.220446049250313e-16,0
1595627498.2171304,279.000334739685,-2.220446049250313e-16,0
1595627498.2271352,280.801191329956,-2.220446049250313e-16,0
1595627498.237137,282.60153293609613,-2.220446049250313e-16,0
1595627498.2471316,284.4005441665649,-2.220446049250313e-16,0
1595627498.2571383,286.2017440795898,-2.220446049250313e-16,0
1595627498.2671463,288.0032014846801,-2.220446049250313e-16,0
1595627498.2771425,289.80251312255854,-2.220446049250313e-16,0
1595627498.2871344,291.60105228424067,-2.220446049250313e-16,0
1595627498.2971435,293.40268135070795,-2.220446049250313e-16,0
1595627498.3071296,295.20019054412836,-2.220446049250313e-16,0
1595627498.3171365,297.0014333724975,-2.220446049250313e-16,0
1595627498.3271415,298.80233287811274,-2.220446049250313e-16,0
1595627498.3371356,300.601258277893,-2.220446049250313e-16,0
1595627498.347141,302.4022436141967,-2.220446049250313e-16,0
1595627498.3571348,304.20112609863276,-2.220446049250313e-16,0
1595627498.367134,306.00099563598627,-2.220446049250313e-16,0
1595627498.3771343,307.80103683471674,-2.220446049250313e-16,0
1595627498.3871288,309.6000480651855,-2.220446049250313e-16,0
1595627498.397136,311.40133380889887,-2.220446049250313e-16,0
1595627498.4071386,313.2018041610717,-2.220446049250313e-16,0
1595627498.4171357,315.0012874603271,-2.220446049250313e-16,0
1595627498.427139,316.80188655853266,-2.220446049250313e-16,0
1595627498.4371314,318.60051155090326,-2.220446049250313e-16,0
1595627498.4471316,320.40055274963373,-2.220446049250313e-16,0
1595627498.4571407,322.202181816101,-2.220446049250313e-16,0
1595627498.4671414,324.00230884551996,-2.220446049250313e-16,0
1595627498.4771426,325.8025217056274,-2.220446049250313e-16,0
1595627498.487128,327.5999021530151,-2.220446049250313e-16,0
1595627498.4971437,329.40273284912104,-2.220446049250313e-16,0
1595627498.507135,331.20114326477045,-2.220446049250313e-16,0
1595627498.5171454,333.00302982330317,-2.220446049250313e-16,0
1595627498.5271366,334.8014402389526,-2.220446049250313e-16,0
1595627498.5371342,336.6010093688964,-2.220446049250313e-16,0
1595627498.5471382,338.4017372131347,-2.220446049250313e-16,0
1595627498.557139,340.20186424255365,-2.220446049250313e-16,0
1595627498.5671437,342.00272083282465,-2.220446049250313e-16,0
1595627498.5771415,343.80233287811274,-2.220446049250313e-16,0
1595627498.5871305,345.600357055664,-2.220446049250313e-16,0
1595627498.5971336,347.40091323852533,-2.220446049250313e-16,0
1595627498.6071386,349.20181274414057,-2.220446049250313e-16,0
1595627498.6171305,351.0003519058227,-2.220446049250313e-16,0
1595627498.6271334,352.8008651733398,-2.220446049250313e-16,0
1595627498.6371298,354.60021972656244,-2.220446049250313e-16,0
1595627498.6471355,356.4012479782104,-2.220446049250313e-16,0
1595627498.657127,358.19970130920404,-2.220446049250313e-16,0
1595627498.6671357,360,-2.220446049250313e-16,1
1595627498.6671357,0,0,0
1595627498.6771357,1.7999982833862305,0,0
1595627498.687146,3.601841926574707,0,0
1595627498.6971426,5.401239395141602,0,0
1595627498.7071395,7.200679779052734,0,0
1595627498.7171514,9.002823829650879,0,0
1595627498.7271523,10.802993774414062,0,0
1595627498.7371416,12.60106086730957,0,0
1595627498.7471473,14.40208911895752,0,0
1595627498.7571452,16.201701164245605,0,0
1595627498.7671387,18.000540733337402,0,0
1595627498.7771523,19.802985191345215,0,0
1595627498.7871437,21.601438522338867,0,0
1595627498.7971494,23.402466773986816,0,0
1595627498.8071434,25.20139217376709,0,0
1595627498.817136,27.000060081481934,0,0
1595627498.8271494,28.802461624145508,0,0
1595627498.8371396,30.60070037841797,0,0
1595627498.8471544,32.40335941314697,0,0
1595627498.8571422,34.20116901397705,0,0
1595627498.8671503,36.00262641906738,0,0
1595627498.8771453,37.80172348022461,0,0
1595627498.8871467,39.60197925567627,0,0
1595627498.89714,41.40077590942383,0,0
1595627498.9071424,43.20120334625244,0,0
1595627498.9171448,45.001630783081055,0,0
1595627498.9271402,46.80081367492676,0,0
1595627498.9371505,48.602657318115234,0,0
1595627498.9471467,50.40196895599365,0,0
1595627498.9571543,52.20334053039551,0,0
1595627498.9671504,54.002652168273926,0,0
1595627498.9771378,55.80037593841553,0,0
1595627498.9871418,57.60110378265381,0,0
1595627498.9971488,59.40234661102295,0,0
1595627499.00715,61.20255947113037,0,0
1595627499.0171442,63.00152778625488,0,0
1595627499.0271413,64.80101108551025,0,0
1595627499.0371537,66.60324096679688,0,0
1595627499.0471406,68.40087890625,0,0
1595627499.057148,70.20220756530762,0,0
1595627499.0671425,72.00121879577637,0,0
1595627499.0771463,73.80190372467041,0,0
1595627499.087151,75.6027603149414,0,0
1595627499.0971506,77.40267276763916,0,0
1595627499.1071513,79.2027997970581,0,0
1595627499.1171503,81.00262641906738,0,0
1595627499.1271386,82.80052185058594,0,0
1595627499.137137,84.6002197265625,0,0
1595627499.1471472,86.40206336975098,0,0
1595627499.1571448,88.20163249969482,0,0
1595627499.167152,90.0029182434082,0,0
1595627499.1771414,91.80102825164795,0,0
1595627499.1871538,93.60325813293457,0,0
1595627499.1971536,95.40321350097656,0,0
1595627499.2071412,97.2009801864624,0,0
1595627499.2171361,99.00007724761963,0,0
1595627499.227151,100.80273628234863,0,0
1595627499.2371364,102.60011672973633,0,0
1595627499.2471447,104.4016170501709,0,0
1595627499.257147,106.20204448699951,0,0
1595627499.2671416,108.00105571746826,0,0
1595627499.2771497,109.8025131225586,0,0
1595627499.287163,111.60491466522217,0,0
1595627499.29714,113.40075016021729,0,0
1595627499.307152,115.20293712615967,0,0
1595627499.3171465,117.00194835662842,0,0
1595627499.3271482,118.80224704742432,0,0
1595627499.3371446,120.60160160064697,0,0
1595627499.3471398,122.40074157714844,0,0
1595627499.3490598,122.74633884429932,0,0
1595627499.3490598,122.74633884429933,1.1102230246251565e-16,0
1595627499.357143,124.20129776000978,1.1102230246251565e-16,0
1595627499.3671365,126.00013732910158,1.1102230246251565e-16,0
1595627499.3771496,127.80249595642091,1.1102230246251565e-16,0
1595627499.387139,129.60060596466067,1.1102230246251565e-16,0
1595627499.397136,131.4000463485718,1.1102230246251565e-16,0
1595627499.4071534,133.20317745208743,1.1102230246251565e-16,0
1595627499.4171472,135.00205993652347,1.1102230246251565e-16,0
1595627499.4271417,136.80107116699222,1.1102230246251565e-16,0
1595627499.4371414,138.6010265350342,1.1102230246251565e-16,0
1595627499.447147,140.40201187133792,1.1102230246251565e-16,0
1595627499.4571505,142.20265388488772,1.1102230246251565e-16,0
1595627499.4671504,144.00265216827395,1.1102230246251565e-16,0
1595627499.4771385,145.80050468444827,1.1102230246251565e-16,0
1595627499.487144,147.60149002075198,1.1102230246251565e-16,0
1595627499.4971519,149.40290451049808,1.1102230246251565e-16,0
1595627499.5071445,151.20157241821292,1.1102230246251565e-16,0
1595627499.517147,153.00204277038577,1.1102230246251565e-16,0
1595627499.5271497,154.80251312255862,1.1102230246251565e-16,0
1595627499.537146,156.60186767578128,1.1102230246251565e-16,0
1595627499.547138,158.4004068374634,1.1102230246251565e-16,0
1595627499.5571465,160.20195007324222,1.1102230246251565e-16,0
1595627499.5671465,162.00194835662845,1.1102230246251565e-16,0
1595627499.5771518,163.80289077758792,1.1102230246251565e-16,0
1595627499.587138,165.60039997100833,1.1102230246251565e-16,0
1595627499.5971465,167.40194320678714,1.1102230246251565e-16,0
1595627499.607135,169.19988155364993,1.1102230246251565e-16,0
1595627499.617148,171.00219726562503,1.1102230246251565e-16,0
1595627499.6271389,172.8005647659302,1.1102230246251565e-16,0
1595627499.637146,174.60185050964358,1.1102230246251565e-16,0
1595627499.647135,176.39987468719485,1.1102230246251565e-16,0
1595627499.6571538,178.2032632827759,1.1102230246251565e-16,0
1595627499.6671426,180.0012445449829,1.1102230246251565e-16,0
1595627499.6771512,181.80278778076172,1.1102230246251565e-16,0
1595627499.687153,183.60312938690186,1.1102230246251565e-16,0
1595627499.6971462,185.40188312530518,1.1102230246251565e-16,0
1595627499.7071471,187.20205307006836,1.1102230246251565e-16,0
1595627499.71714,189.00076389312744,1.1102230246251565e-16,0
1595627499.727152,190.80295085906982,1.1102230246251565e-16,0
1595627499.7371497,192.60251998901367,1.1102230246251565e-16,0
1595627499.747144,194.40148830413818,1.1102230246251565e-16,0
1595627499.7571435,196.20140075683594,1.1102230246251565e-16,0
1595627499.767141,198.00096988677979,1.1102230246251565e-16,0
1595627499.7771356,199.79998111724854,1.1102230246251565e-16,0
1595627499.787137,201.6002368927002,1.1102230246251565e-16,0
1595627499.797135,203.39989185333252,1.1102230246251565e-16,0
1595627499.8071454,205.201735496521,1.1102230246251565e-16,0
1595627499.8171518,207.00289249420166,1.1102230246251565e-16,0
1595627499.8271494,208.8024616241455,1.1102230246251565e-16,0
1595627499.8371396,210.60070037841797,1.1102230246251565e-16,0
1595627499.8471515,212.4028444290161,1.1102230246251565e-16,0
1595627499.8571422,214.20116901397705,1.1102230246251565e-16,0
1595627499.8671362,216.00009441375732,1.1102230246251565e-16,0
1595627499.8771405,217.80086517333984,1.1102230246251565e-16,0
1595627499.8871522,219.60296630859375,1.1102230246251565e-16,0
1595627499.8971443,221.40154838562012,1.1102230246251565e-16,0
1595627499.907142,223.20111751556396,1.1102230246251565e-16,0
1595627499.9171476,225.0021457672119,1.1102230246251565e-16,0
1595627499.9271526,226.80304527282715,1.1102230246251565e-16,0
1595627499.9371505,228.60265731811523,1.1102230246251565e-16,0
1595627499.9471378,230.40038108825684,1.1102230246251565e-16,0
1595627499.9571455,232.2017526626587,1.1102230246251565e-16,0
1595627499.967152,234.0029525756836,1.1102230246251565e-16,0
1595627499.9771392,235.80063343048096,1.1102230246251565e-16,0
1595627499.9871516,237.60286331176758,1.1102230246251565e-16,0
1595627499.9971502,239.40260410308838,1.1102230246251565e-16,0
1595627500.0071466,241.20195865631104,1.1102230246251565e-16,0
1595627500.017135,242.9998540878296,1.1102230246251565e-16,0
1595627500.027145,244.80165481567383,1.1102230246251565e-16,0
1595627500.0371435,246.60139560699463,1.1102230246251565e-16,0
1595627500.047145,248.4016513824463,1.1102230246251565e-16,0
1595627500.0571537,250.20323753356934,1.1102230246251565e-16,0
1595627500.0671442,252.00151920318604,1.1102230246251565e-16,0
1595627500.0771449,253.80164623260498,1.1102230246251565e-16,0
1595627500.0871415,255.60104370117188,1.1102230246251565e-16,0
1595627500.0971384,257.400484085083,1.1102230246251565e-16,0
1595627500.1071386,259.2005252838135,1.1102230246251565e-16,0
1595627500.1171489,261.00236892700195,1.1102230246251565e-16,0
1595627500.1271472,262.8020668029785,1.1102230246251565e-16,0
1595627500.1371515,264.60283756256104,1.1102230246251565e-16,0
1595627500.1471524,266.4030075073242,1.1102230246251565e-16,0
1595627500.1571465,268.2019329071045,1.1102230246251565e-16,0
1595627500.1671374,270.00030040740967,1.1102230246251565e-16,0
1595627500.177137,271.8002128601074,1.1102230246251565e-16,0
1595627500.1871417,273.6010694503784,1.1102230246251565e-16,0
1595627500.197148,275.4022264480591,1.1102230246251565e-16,0
1595627500.2071416,277.2010660171509,1.1102230246251565e-16,0
1595627500.2171342,278.9997339248657,1.1102230246251565e-16,0
1595627500.2271488,280.8023500442505,1.1102230246251565e-16,0
1595627500.2371373,282.6002883911133,1.1102230246251565e-16,0
1595627500.2471511,284.40277576446533,1.1102230246251565e-16,0
1595627500.2571359,286.2000274658203,1.1102230246251565e-16,0
1595627500.26715,288.0025577545166,1.1102230246251565e-16,0
1595627500.2771533,289.80315685272217,1.1102230246251565e-16,0
1595627500.2871475,291.6021251678467,1.1102230246251565e-16,0
1595627500.2971478,293.40216636657715,1.1102230246251565e-16,0
1595627500.3071434,295.2013921737671,1.1102230246251565e-16,0
1595627500.3171432,297.0013475418091,1.1102230246251565e-16,0
1595627500.3271477,298.80216121673584,1.1102230246251565e-16,0
1595627500.337145,300.60168743133545,1.1102230246251565e-16,0
1595627500.3471465,302.4019432067871,1.1102230246251565e-16,0
1595627500.357136,304.20005321502686,1.1102230246251565e-16,0
1595627500.3671532,306.00314140319824,1.1102230246251565e-16,0
1595627500.3771484,307.8022813796997,1.1102230246251565e-16,0
1595627500.3871357,309.6000051498413,1.1102230246251565e-16,0
1595627500.3971357,311.40000343322754,1.1102230246251565e-16,0
1595627500.4071453,313.2017183303833,1.1102230246251565e-16,0
1595627500.4171515,315.0028324127197,1.1102230246251565e-16,0
1595627500.427146,316.8018436431885,1.1102230246251565e-16,0
1595627500.4371407,318.60089778900146,1.1102230246251565e-16,0
1595627500.447137,320.4002523422241,1.1102230246251565e-16,0
1595627500.457152,322.2029113769531,1.1102230246251565e-16,0
1595627500.4671512,324.00278091430664,1.1102230246251565e-16,0
1595627500.477149,325.8023929595947,1.1102230246251565e-16,0
1595627500.4871376,327.6003313064575,1.1102230246251565e-16,0
1595627500.497141,329.4009304046631,1.1102230246251565e-16,0
1595627500.5071476,331.202130317688,1.1102230246251565e-16,0
1595627500.5171406,333.0008840560913,1.1102230246251565e-16,0
1595627500.5271358,334.8000240325928,1.1102230246251565e-16,0
1595627500.5371513,336.6028118133545,1.1102230246251565e-16,0
1595627500.547135,338.3998918533325,1.1102230246251565e-16,0
1595627500.5571454,340.201735496521,1.1102230246251565e-16,0
1595627500.5671527,342.0030641555786,1.1102230246251565e-16,0
1595627500.5771418,343.8010883331299,1.1102230246251565e-16,0
1595627500.587143,345.6013011932373,1.1102230246251565e-16,0
1595627500.5971437,347.40142822265625,1.1102230246251565e-16,0
1595627500.6071396,349.20069694519043,1.1102230246251565e-16,0
1595627500.6171467,351.0019826889038,1.1102230246251565e-16,0
1595627500.6271527,352.803053855896,1.1102230246251565e-16,0
1595627500.6371353,354.59991931915283,1.1102230246251565e-16,0
1595627500.6471412,356.400990486145,1.1102230246251565e-16,0
1595627500.6571357,358.20000171661377,1.1102230246251565e-16,0
1595627500.6671472,360,1.1102230246251565e-16,1
1595627500.6671472,0,0,0
1595627500.6771588,1.8021011352539062,0,0
1595627500.6871562,3.6016273498535156,0,0
1595627500.697158,5.401968955993652,0,0
1595627500.7071648,7.203168869018555,0,0
1595627500.7171593,9.002180099487305,0,0
1595627500.7271578,10.801920890808105,0,0
1595627500.737157,12.601790428161621,0,0
1595627500.7471523,14.400930404663086,0,0
1595627500.7571633,16.202902793884277,0,0
1595627500.767163,18.00285816192627,0,0
1595627500.7771652,19.803242683410645,0,0
1595627500.787162,21.602683067321777,0,0
1595627500.7971594,23.402209281921387,0,0
1595627500.807164,25.203022956848145,0,0
1595627500.81716,27.002291679382324,0,0
1595627500.8271668,28.803534507751465,0,0
1595627500.837159,30.602116584777832,0,0
1595627500.8471634,32.40293025970459,0,0
1595627500.8571537,34.20116901397705,0,0
1595627500.8671508,36.00065231323242,0,0
1595627500.8771605,37.80241012573242,0,0
1595627500.887151,39.60069179534912,0,0
1595627500.897147,41.3999605178833,0,0
1595627500.9071593,43.20219039916992,0,0
1595627500.9171534,45.001115798950195,0,0
1595627500.9271655,46.80330276489258,0,0
1595627500.937147,48.59995365142822,0,0
1595627500.9471607,50.40244102478027,0,0
1595627500.9571526,52.2009801864624,0,0
1595627500.9671524,54.000935554504395,0,0
1595627500.9771533,55.80110549926758,0,0
1595627500.9871664,57.603464126586914,0,0
1595627500.9971485,59.40024375915527,0,0
1595627501.0071511,61.200714111328125,0,0
1595627501.0171573,63.00182819366455,0,0
1595627501.0271504,64.80058193206787,0,0
1595627501.0371523,66.60092353820801,0,0
1595627501.0471609,68.40246677398682,0,0
1595627501.0571606,70.20242214202881,0,0
1595627501.0671656,72.00332164764404,0,0
1595627501.0771663,73.80344867706299,0,0
1595627501.0871484,75.60022830963135,0,0
1595627501.0971656,77.40331649780273,0,0
1595627501.107147,79.19996738433838,0,0
1595627501.1171575,81.0018539428711,0,0
1595627501.1271658,82.80335426330566,0,0
1595627501.1371567,84.60172176361084,0,0
1595627501.1471546,86.40133380889893,0,0
1595627501.1571639,88.20300579071045,0,0
1595627501.1671505,90.00060081481934,0,0
1595627501.1771529,91.80102825164795,0,0
1595627501.1871555,93.6014986038208,0,0
1595627501.197148,95.40016651153564,0,0
1595627501.207157,97.20175266265869,0,0
1595627501.2171583,99.00200843811035,0,0
1595627501.2271628,100.80282211303711,0,0
1595627501.2371635,102.60294914245605,0,0
1595627501.247151,104.40067291259766,0,0
1595627501.257167,106.20358943939209,0,0
1595627501.2671661,108.00341606140137,0,0
1595627501.2771518,109.8008394241333,0,0
1595627501.2871554,111.6014814376831,0,0
1595627501.2971566,113.40169429779053,0,0
1595627501.307156,115.20160675048828,0,0
1595627501.317151,117.00070381164551,0,0
1595627501.327165,118.80319118499756,0,0
1595627501.337148,120.60014247894287,0,0
1595627501.347165,122.40323066711426,0,0
1595627501.3491488,122.76028633117676,0,0
1595627501.3491488,122.76028633117676,0.0,0
1595627501.3571625,124.20275688171387,0.0,0
1595627501.367167,126.00357055664062,0.0,0
1595627501.3771508,127.80065059661865,0.0,0
1595627501.3871632,129.60288047790527,0.0,0
1595627501.3971536,131.40116214752197,0.0,0
1595627501.407149,133.20034503936768,0.0,0
1595627501.4171646,135.0031328201294,0.0,0
1595627501.4271655,136.80330276489258,0.0,0
1595627501.4371579,138.60192775726318,0.0,0
1595627501.447148,140.40016651153564,0.0,0
1595627501.4571638,142.2029972076416,0.0,0
1595627501.4671624,144.0027379989624,0.0,0
1595627501.47716,145.80230712890625,0.0,0
1595627501.4871497,147.60046005249023,0.0,0
1595627501.497161,149.40247535705566,0.0,0
1595627501.5071487,151.20028495788574,0.0,0
1595627501.5171604,153.00238609313965,0.0,0
1595627501.5271535,154.80113983154297,0.0,0
1595627501.5371509,156.60066604614258,0.0,0
1595627501.5471644,158.4031105041504,0.0,0
1595627501.557158,160.2019500732422,0.0,0
1595627501.5671606,162.00242042541504,0.0,0
1595627501.5771518,163.80083084106445,0.0,0
1595627501.587161,165.60250282287598,0.0,0
1595627501.5971506,167.40061283111572,0.0,0
1595627501.607159,169.2021131515503,0.0,0
1595627501.6171606,171.0024118423462,0.0,0
1595627501.6271574,172.80185222625732,0.0,0
1595627501.6371539,174.60120677947998,0.0,0
1595627501.647155,176.4014196395874,0.0,0
1595627501.6571472,178.20000171661377,0.0,0
1595627501.6671607,180.00244617462158,0.0,0
1595627501.677147,181.799955368042,0.0,0
1595627501.6871517,183.600811958313,0.0,0
1595627501.697165,185.40321350097656,0.0,0
1595627501.707158,187.20196723937988,0.0,0
1595627501.7171464,188.99986267089844,0.0,0
1595627501.72715,190.80050468444824,0.0,0
1595627501.7371624,192.60273456573486,0.0,0
1595627501.7471504,194.40058708190918,0.0,0
1595627501.7571464,196.19985580444336,0.0,0
1595627501.7671585,198.00204277038574,0.0,0
1595627501.7771468,199.7999382019043,0.0,0
1595627501.7871568,201.60173892974854,0.0,0
1595627501.7971632,203.4028959274292,0.0,0
1595627501.8071628,205.20280838012695,0.0,0
1595627501.817152,207.00087547302246,0.0,0
1595627501.827163,208.80284786224365,0.0,0
1595627501.837149,210.60031414031982,0.0,0
1595627501.8471587,212.40207195281982,0.0,0
1595627501.8571484,214.2002248764038,0.0,0
1595627501.8671627,216.00279808044434,0.0,0
1595627501.8771563,217.80163764953613,0.0,0
1595627501.8871562,219.60163593292236,0.0,0
1595627501.8971574,221.40184879302979,0.0,0
1595627501.9071617,223.2026195526123,0.0,0
1595627501.9171648,225.00317573547363,0.0,0
1595627501.9271595,226.80222988128662,0.0,0
1595627501.9371583,228.60201358795166,0.0,0
1595627501.9471514,230.40076732635498,0.0,0
1595627501.9571645,232.20312595367432,0.0,0
1595627501.9671478,234.00012016296387,0.0,0
1595627501.977164,235.8030366897583,0.0,0
1595627501.987156,237.60157585144043,0.0,0
1595627501.9971588,239.40208911895752,0.0,0
1595627502.0071573,241.20182991027832,0.0,0
1595627502.017165,243.00320148468018,0.0,0
1595627502.0271654,244.80328559875488,0.0,0
1595627502.037156,246.60161018371582,0.0,0
1595627502.04716,248.40229511260986,0.0,0
1595627502.0571482,250.20019054412842,0.0,0
1595627502.067146,251.9998025894165,0.0,0
1595627502.077157,253.8017749786377,0.0,0
1595627502.0871527,255.60100078582764,0.0,0
1595627502.0971487,257.4002695083618,0.0,0
1595627502.1071472,259.2000102996826,0.0,0
1595627502.117163,261.0028409957886,0.0,0
1595627502.127153,262.8010368347168,0.0,0
1595627502.137156,264.6015930175781,0.0,0
1595627502.147151,266.40069007873535,0.0,0
1595627502.1571662,268.20343494415283,0.0,0
1595627502.1671472,270.0,0.0,0
1595627502.1771533,271.8011140823364,0.0,0
1595627502.1871512,273.6007261276245,0.0,0
1595627502.1971567,275.4017114639282,0.0,0
1595627502.207152,277.2008514404297,0.0,0
1595627502.217153,279.0010643005371,0.0,0
1595627502.2271607,280.80243587493896,0.0,0
1595627502.237156,282.60157585144043,0.0,0
1595627502.2471526,284.4009733200073,0.0,0
1595627502.257158,286.20195865631104,0.0,0
1595627502.2671592,288.00217151641846,0.0,0
1595627502.2771566,289.80169773101807,0.0,0
1595627502.2871635,291.6029405593872,0.0,0
1595627502.2971587,293.4020805358887,0.0,0
1595627502.3071566,295.20169258117676,0.0,0
1595627502.3171508,297.00066089630127,0.0,0
1595627502.3271544,298.8013029098511,0.0,0
1595627502.3371491,300.60035705566406,0.0,0
1595627502.3471587,302.4020719528198,0.0,0
1595627502.3571486,304.20026779174805,0.0,0
1595627502.3671455,305.9997081756592,0.0,0
1595627502.377159,307.802152633667,0.0,0
1595627502.3871484,309.6002197265625,0.0,0
1595627502.3971567,311.40172004699707,0.0,0
1595627502.4071484,313.20021629333496,0.0,0
1595627502.4171546,315.0013303756714,0.0,0
1595627502.4271605,316.8024015426636,0.0,0
1595627502.437166,318.6033868789673,0.0,0
1595627502.4471633,320.4029130935669,0.0,0
1595627502.4571478,322.20012187957764,0.0,0
1595627502.4671648,324.0031671524048,0.0,0
1595627502.4771614,325.8025646209717,0.0,0
1595627502.4871612,327.6025199890137,0.0,0
1595627502.4971538,329.4011878967285,0.0,0
1595627502.50716,331.20230197906494,0.0,0
1595627502.517151,333.00071239471436,0.0,0
1595627502.5271635,334.802942276001,0.0,0
1595627502.5371556,336.60152435302734,0.0,0
1595627502.5471632,338.4028959274292,0.0,0
1595627502.5571468,340.199933052063,0.0,0
1595627502.567163,342.0028495788574,0.0,0
1595627502.577158,343.80194664001465,0.0,0
1595627502.587151,345.60070037841797,0.0,0
1595627502.597157,347.40177154541016,0.0,0
1595627502.607151,349.20069694519043,0.0,0
1595627502.617151,351.00069522857666,0.0,0
1595627502.6271498,352.8004789352417,0.0,0
1595627502.6371608,354.6024513244629,0.0,0
1595627502.6471453,356.39966011047363,0.0,0
1595627502.6571646,358.20313453674316,0.0,0
1595627502.6671574,360,0.0,1
1595627502.6671574,0,0,0
1595627502.6771717,1.8025732040405273,0,0
1595627502.6871734,3.602871894836426,0,0
1595627502.6971657,5.401496887207031,0,0
1595627502.7071593,7.200336456298828,0,0
1595627502.7171621,9.000849723815918,0,0
1595627502.7271607,10.800590515136719,0,0
1595627502.737161,12.600631713867188,0,0
1595627502.747168,14.401917457580566,0,0
1595627502.7571707,16.202387809753418,0,0
1595627502.767176,18.00333023071289,0,0
1595627502.7771614,19.800710678100586,0,0
1595627502.7871606,21.6005802154541,0,0
1595627502.7971754,23.403239250183105,0,0
1595627502.80716,25.200448036193848,0,0
1595627502.8171594,27.0003604888916,0,0
1595627502.8271759,28.803319931030273,0,0
1595627502.8371751,30.60318946838379,0,0
1595627502.8471627,32.40095615386963,0,0
1595627502.8571658,34.20151233673096,0,0
1595627502.867163,36.00099563598633,0,0
1595627502.8771677,37.801852226257324,0,0
1595627502.8871677,39.601850509643555,0,0
1595627502.8971596,41.400389671325684,0,0
1595627502.9071593,43.200345039367676,0,0
1595627502.9171762,45.003390312194824,0,0
1595627502.9271657,46.80150032043457,0,0
1595627502.9371572,48.59995365142822,0,0
1595627502.9471762,50.403385162353516,0,0
1595627502.9571733,52.20286846160889,0,0
1595627502.9671602,54.00050640106201,0,0
1595627502.9771667,55.801663398742676,0,0
1595627502.9871657,57.60149002075195,0,0
1595627502.9971712,59.402475357055664,0,0
1595627503.0071666,61.20165824890137,0,0
1595627503.0171745,63.00307273864746,0,0
1595627503.027157,64.7999382019043,0,0
1595627503.0371675,66.60182476043701,0,0
1595627503.047172,68.40263843536377,0,0
1595627503.0571725,70.20272254943848,0,0
1595627503.067176,72.00336456298828,0,0
1595627503.0771616,73.80074501037598,0,0
1595627503.087174,75.6029748916626,0,0
1595627503.0971646,77.40129947662354,0,0
1595627503.1071756,79.20327186584473,0,0
1595627503.11716,81.00048065185547,0,0
1595627503.127172,82.80262470245361,0,0
1595627503.13717,84.60227966308594,0,0
1595627503.147157,86.39991760253906,0,0
1595627503.157159,88.20030212402344,0,0
1595627503.1671662,90.00158786773682,0,0
1595627503.1771643,91.80124282836914,0,0
1595627503.1871727,93.60274314880371,0,0
1595627503.1971586,95.40020942687988,0,0
1595627503.2071743,97.20304012298584,0,0
1595627503.2171745,99.00308132171631,0,0
1595627503.2271614,100.80071926116943,0,0
1595627503.2371633,102.60106086730957,0,0
1595627503.2471685,104.40200328826904,0,0
1595627503.2571716,106.20255947113037,0,0
1595627503.2671697,108.0022144317627,0,0
1595627503.2771575,109.80002403259277,0,0
1595627503.2871697,111.60221099853516,0,0
1595627503.2971666,113.40165138244629,0,0
1595627503.3071578,115.2000617980957,0,0
1595627503.3171573,116.99997425079346,0,0
1595627503.3271656,118.80147457122803,0,0
1595627503.3371646,120.6013011932373,0,0
1595627503.3471684,122.40198612213135,0,0
1595627503.3492942,122.78461933135986,0,0
1595627503.3492942,122.78461933135996,5.551115123125783e-16,0
1595627503.3571694,124.20215606689463,5.551115123125783e-16,0
1595627503.3671706,126.00236892700205,5.551115123125783e-16,0
1595627503.3771715,127.80253887176524,5.551115123125783e-16,0
1595627503.3871655,129.60146427154552,5.551115123125783e-16,0
1595627503.3971665,131.4016342163087,5.551115123125783e-16,0
1595627503.4071665,133.20163249969494,5.551115123125783e-16,0
1595627503.4171712,135.00248908996593,5.551115123125783e-16,0
1595627503.4271705,136.80235862731945,5.551115123125783e-16,0
1595627503.43717,138.6022710800172,5.551115123125783e-16,0
1595627503.4471707,140.40239810943615,5.551115123125783e-16,0
1595627503.4571624,142.20089435577404,5.551115123125783e-16,0
1595627503.467159,144.00029182434093,5.551115123125783e-16,0
1595627503.4771705,145.8023500442506,5.551115123125783e-16,0
1595627503.487164,147.6011896133424,5.551115123125783e-16,0
1595627503.4971664,149.401617050171,5.551115123125783e-16,0
1595627503.5071752,151.20320320129406,5.551115123125783e-16,0
1595627503.5171587,153.00024032592785,5.551115123125783e-16,0
1595627503.5271695,154.8021697998048,5.551115123125783e-16,0
1595627503.5371697,156.60221099853527,5.551115123125783e-16,0
1595627503.5471714,158.40250968933117,5.551115123125783e-16,0
1595627503.5571628,160.20096302032482,5.551115123125783e-16,0
1595627503.5671685,162.00199127197277,5.551115123125783e-16,0
1595627503.5771627,163.80095958709728,5.551115123125783e-16,0
1595627503.587167,165.6017303466798,5.551115123125783e-16,0
1595627503.5971746,167.40310192108166,5.551115123125783e-16,0
1595627503.60717,169.20228481292736,5.551115123125783e-16,0
1595627503.6171577,171.0000514984132,5.551115123125783e-16,0
1595627503.6271718,172.8025817871095,5.551115123125783e-16,0
1595627503.6371715,174.60253715515148,5.551115123125783e-16,0
1595627503.6471608,176.400604248047,5.551115123125783e-16,0
1595627503.6571634,178.20107460021984,5.551115123125783e-16,0
1595627503.6671739,180.00296115875253,5.551115123125783e-16,0
1595627503.6771615,181.80072784423837,5.551115123125783e-16,0
1595627503.687168,183.60188484191903,5.551115123125783e-16,0
1595627503.6971712,185.4024839401246,5.551115123125783e-16,0
1595627503.7071755,187.20325469970712,5.551115123125783e-16,0
1595627503.7171617,189.00076389312753,5.551115123125783e-16,0
1595627503.7271607,190.8005905151368,5.551115123125783e-16,0
1595627503.7371652,192.60140419006356,5.551115123125783e-16,0
1595627503.7471583,194.40015792846688,5.551115123125783e-16,0
1595627503.757171,196.20243072509774,5.551115123125783e-16,0
1595627503.767158,198.0001115798951,5.551115123125783e-16,0
1595627503.7771678,199.8018693923951,5.551115123125783e-16,0
1595627503.7871668,201.60169601440438,5.551115123125783e-16,0
1595627503.7971718,203.40259552001962,5.551115123125783e-16,0
1595627503.807169,205.202078819275,5.551115123125783e-16,0
1595627503.8171754,207.00323581695565,5.551115123125783e-16,0
1595627503.827171,208.8024616241456,5.551115123125783e-16,0
1595627503.8371718,210.60258865356454,5.551115123125783e-16,0
1595627503.847174,212.4029731750489,5.551115123125783e-16,0
1595627503.857163,214.20099735260018,5.551115123125783e-16,0
1595627503.867163,216.0009956359864,5.551115123125783e-16,0
1595627503.877164,217.8011655807496,5.551115123125783e-16,0
1595627503.8871675,219.6018075942994,5.551115123125783e-16,0
1595627503.897168,221.4018917083741,5.551115123125783e-16,0
1595627503.9071598,223.20043087005624,5.551115123125783e-16,0
1595627503.9171727,225.00274658203134,5.551115123125783e-16,0
1595627503.9271634,226.80107116699227,5.551115123125783e-16,0
1595627503.937157,228.59991073608407,5.551115123125783e-16,0
1595627503.9471586,230.40020942687997,5.551115123125783e-16,0
1595627503.957165,232.20136642456063,5.551115123125783e-16,0
1595627503.9671695,234.0021800994874,5.551115123125783e-16,0
1595627503.9771705,235.80235004425057,5.551115123125783e-16,0
1595627503.987174,237.60299205780038,5.551115123125783e-16,0
1595627503.9971611,239.40067291259774,5.551115123125783e-16,0
1595627504.0071676,241.2018299102784,5.551115123125783e-16,0
1595627504.017165,243.00135612487801,5.551115123125783e-16,0
1595627504.0271676,244.80182647705087,5.551115123125783e-16,0
1595627504.037163,246.60100936889657,5.551115123125783e-16,0
1595627504.0471683,248.40195178985604,5.551115123125783e-16,0
1595627504.0571742,250.20302295684823,5.551115123125783e-16,0
1595627504.067172,252.00263500213632,5.551115123125783e-16,0
1595627504.0771673,253.80177497863778,5.551115123125783e-16,0
1595627504.0871592,255.6003141403199,5.551115123125783e-16,0
1595627504.097169,257.4020719528199,5.551115123125783e-16,0
1595627504.1071682,259.2019414901734,5.551115123125783e-16,0
1595627504.1171584,261.00018024444586,5.551115123125783e-16,0
1595627504.1271725,262.80271053314215,5.551115123125783e-16,0
1595627504.137175,264.603180885315,5.551115123125783e-16,0
1595627504.1471603,266.40051841735846,5.551115123125783e-16,0
1595627504.157156,268.1997442245484,5.551115123125783e-16,0
1595627504.1671638,270.0011587142945,5.551115123125783e-16,0
1595627504.1771567,271.7998695373536,5.551115123125783e-16,0
1595627504.1871603,273.6005115509034,5.551115123125783e-16,0
1595627504.1971648,275.40132522583013,5.551115123125783e-16,0
1595627504.207174,277.20299720764166,5.551115123125783e-16,0
1595627504.2171714,279.00252342224127,5.551115123125783e-16,0
1595627504.2271743,280.80303668975836,5.551115123125783e-16,0
1595627504.2371612,282.6006746292115,5.551115123125783e-16,0
1595627504.2471635,284.4011020660401,5.551115123125783e-16,0
1595627504.2571611,286.20067119598394,5.551115123125783e-16,0
1595627504.26717,288.002257347107,5.551115123125783e-16,0
1595627504.2771587,289.800238609314,5.551115123125783e-16,0
1595627504.287169,291.6020822525025,5.551115123125783e-16,0
1595627504.297166,293.40156555175787,5.551115123125783e-16,0
1595627504.3071566,295.19984722137457,5.551115123125783e-16,0
1595627504.317164,297.0011758804322,5.551115123125783e-16,0
1595627504.3271565,298.79984378814703,5.551115123125783e-16,0
1595627504.3371649,300.6013441085816,5.551115123125783e-16,0
1595627504.3471646,302.4012994766236,5.551115123125783e-16,0
1595627504.3571558,304.199709892273,5.551115123125783e-16,0
1595627504.367173,306.0027980804444,5.551115123125783e-16,0
1595627504.3771589,307.80026435852056,5.551115123125783e-16,0
1595627504.3871567,309.59987640380865,5.551115123125783e-16,0
1595627504.3971574,311.4000034332276,5.551115123125783e-16,0
1595627504.4071708,313.20240497589117,5.551115123125783e-16,0
1595627504.417172,315.0026178359986,5.551115123125783e-16,0
1595627504.4271593,316.8003416061402,5.551115123125783e-16,0
1595627504.437161,318.6006402969361,5.551115123125783e-16,0
1595627504.447158,320.40012359619146,5.551115123125783e-16,0
1595627504.4571738,322.2029542922974,5.551115123125783e-16,0
1595627504.4671593,324.0003347396851,5.551115123125783e-16,0
1595627504.4771712,325.80247879028326,5.551115123125783e-16,0
1595627504.487158,327.6001167297364,5.551115123125783e-16,0
1595627504.4971666,329.4016599655152,5.551115123125783e-16,0
1595627504.5071738,331.2029457092286,5.551115123125783e-16,0
1595627504.5171654,333.00144195556646,5.551115123125783e-16,0
1595627504.5271707,334.80238437652594,5.551115123125783e-16,0
1595627504.5371616,336.6007518768311,5.551115123125783e-16,0
1595627504.5471747,338.40311050415045,5.551115123125783e-16,0
1595627504.55716,340.2004480361939,5.551115123125783e-16,0
1595627504.5671651,342.0013904571534,5.551115123125783e-16,0
1595627504.577173,343.80280494689947,5.551115123125783e-16,0
1595627504.5871563,345.599799156189,5.551115123125783e-16,0
1595627504.597161,347.40065574646,5.551115123125783e-16,0
1595627504.6071575,349.2000102996827,5.551115123125783e-16,0
1595627504.617172,351.00262641906744,5.551115123125783e-16,0
1595627504.6271691,352.8021097183228,5.551115123125783e-16,0
1595627504.6371632,354.6010351181031,5.551115123125783e-16,0
1595627504.6471608,356.40060424804693,5.551115123125783e-16,0
1595627504.6571727,358.2027482986451,5.551115123125783e-16,0
1595627504.6671612,360,5.551115123125783e-16,1
1595627504.6671612,0,0,0
1595627504.6771739,1.8022727966308594,0,0
1595627504.687172,3.6019277572631836,0,0
1595627504.697166,5.400853157043457,0,0
1595627504.7071726,7.202053070068359,0,0
1595627504.7171726,9.00205135345459,0,0
1595627504.7271698,10.801534652709961,0,0
1595627504.7371678,12.601189613342285,0,0
1595627504.7471702,14.401617050170898,0,0
1595627504.7571669,16.201014518737793,0,0
1595627504.767172,18.001956939697266,0,0
1595627504.7771788,19.803156852722168,0,0
1595627504.7871673,21.60109519958496,0,0
1595627504.7971702,23.40160846710205,0,0
1595627504.8071764,25.202722549438477,0,0
1595627504.8171613,27.000017166137695,0,0
1595627504.8271687,28.801345825195312,0,0
1595627504.8371658,30.600829124450684,0,0
1595627504.8471668,32.40099906921387,0,0
1595627504.8571763,34.20271396636963,0,0
1595627504.8671722,36.00198268890381,0,0
1595627504.877168,37.80120849609375,0,0
1595627504.8871725,39.60202217102051,0,0
1595627504.8971612,41.40000343322754,0,0
1595627504.9071796,43.20330619812012,0,0
1595627504.9171689,45.001373291015625,0,0
1595627504.9271688,46.801371574401855,0,0
1595627504.937168,48.60119819641113,0,0
1595627504.9471626,50.40025234222412,0,0
1595627504.9571657,52.20080852508545,0,0
1595627504.9671695,54.00149345397949,0,0
1595627504.977174,55.80230712890625,0,0
1595627504.9871645,57.60058879852295,0,0
1595627504.9971664,59.400930404663086,0,0
1595627505.0071654,61.20075702667236,0,0
1595627505.0171623,63.000197410583496,0,0
1595627505.0271711,64.80178356170654,0,0
1595627505.0371609,66.59993648529053,0,0
1595627505.0471659,68.40083599090576,0,0
1595627505.057164,70.20049095153809,0,0
1595627505.0671759,72.00263500213623,0,0
1595627505.0771725,73.80203247070312,0,0
1595627505.0871682,75.60125827789307,0,0
1595627505.0971735,77.40220069885254,0,0
1595627505.107179,79.20318603515625,0,0
1595627505.1171734,81.002197265625,0,0
1595627505.1271682,82.80125141143799,0,0
1595627505.1371684,84.60129261016846,0,0
1595627505.1471677,86.40116214752197,0,0
1595627505.1571693,88.20146083831787,0,0
1595627505.1671743,90.0023603439331,0,0
1595627505.1771693,91.80145740509033,0,0
1595627505.1871762,93.60270023345947,0,0
1595627505.1971776,95.40295600891113,0,0
1595627505.2071795,97.20329761505127,0,0
1595627505.217169,99.00140762329102,0,0
1595627505.2271698,100.80153465270996,0,0
1595627505.2371764,102.60273456573486,0,0
1595627505.2471733,104.402174949646,0,0
1595627505.2571626,106.2002420425415,0,0
1595627505.2671733,108.00217151641846,0,0
1595627505.2771702,109.80161190032959,0,0
1595627505.2871664,111.60092353820801,0,0
1595627505.2971623,113.40019226074219,0,0
1595627505.3071651,115.20070552825928,0,0
1595627505.3171754,117.00254917144775,0,0
1595627505.32717,118.8015604019165,0,0
1595627505.3371658,120.60082912445068,0,0
1595627505.3471673,122.40108489990234,0,0
1595627505.3493948,122.8020429611206,0,0
1595627505.3493948,122.80204296112066,3.3306690738754696e-16,0
1595627505.3571641,124.20052528381353,3.3306690738754696e-16,0
1595627505.3671782,126.00305557250982,3.3306690738754696e-16,0
1595627505.377173,127.80210971832281,3.3306690738754696e-16,0
1595627505.387163,129.60030555725103,3.3306690738754696e-16,0
1595627505.3971741,131.40232086181646,3.3306690738754696e-16,0
1595627505.4071693,133.20146083831793,3.3306690738754696e-16,0
1595627505.4171798,135.00334739685064,3.3306690738754696e-16,0
1595627505.427171,136.80175781250006,3.3306690738754696e-16,0
1595627505.4371696,138.60149860382086,3.3306690738754696e-16,0
1595627505.4471688,140.40136814117437,3.3306690738754696e-16,0
1595627505.4571714,142.20183849334722,3.3306690738754696e-16,0
1595627505.4671679,144.00119304656988,3.3306690738754696e-16,0
1595627505.4771664,145.80093383789068,3.3306690738754696e-16,0
1595627505.4871666,147.60097503662115,3.3306690738754696e-16,0
1595627505.49717,149.40157413482672,3.3306690738754696e-16,0
1595627505.5071626,151.20024204254156,3.3306690738754696e-16,0
1595627505.5171776,153.0029439926148,3.3306690738754696e-16,0
1595627505.5271723,154.8019981384278,3.3306690738754696e-16,0
1595627505.537161,156.59997940063482,3.3306690738754696e-16,0
1595627505.547168,158.40122222900396,3.3306690738754696e-16,0
1595627505.5571673,160.20109176635748,3.3306690738754696e-16,0
1595627505.567162,162.00014591217047,3.3306690738754696e-16,0
1595627505.5771625,163.80023002624517,3.3306690738754696e-16,0
1595627505.587169,165.60138702392584,3.3306690738754696e-16,0
1595627505.597162,167.40014076232916,3.3306690738754696e-16,0
1595627505.6071746,169.20241355896002,3.3306690738754696e-16,0
1595627505.6171613,171.0000085830689,3.3306690738754696e-16,0
1595627505.6271718,172.80189514160162,3.3306690738754696e-16,0
1595627505.637162,174.60013389587408,3.3306690738754696e-16,0
1595627505.6471605,176.39987468719488,3.3306690738754696e-16,0
1595627505.6571653,178.20073127746588,3.3306690738754696e-16,0
1595627505.6671767,180.00278949737557,3.3306690738754696e-16,0
1595627505.677171,181.80175781250009,3.3306690738754696e-16,0
1595627505.6871605,183.59986782073983,3.3306690738754696e-16,0
1595627505.6971703,185.40162563323983,3.3306690738754696e-16,0
1595627505.7071602,187.19982147216805,3.3306690738754696e-16,0
1595627505.717172,189.00192260742196,3.3306690738754696e-16,0
1595627505.727166,190.80084800720223,3.3306690738754696e-16,0
1595627505.7371655,192.6007604599,3.3306690738754696e-16,0
1595627505.747161,194.3999433517457,3.3306690738754696e-16,0
1595627505.757172,196.20195865631112,3.3306690738754696e-16,0
1595627505.767177,198.00285816192635,3.3306690738754696e-16,0
1595627505.7771666,199.8009681701661,3.3306690738754696e-16,0
1595627505.787174,201.60229682922372,3.3306690738754696e-16,0
1595627505.797162,203.40014934539803,3.3306690738754696e-16,0
1595627505.807164,205.20049095153817,3.3306690738754696e-16,0
1595627505.8171666,207.00096130371102,3.3306690738754696e-16,0
1595627505.8271728,208.80207538604745,3.3306690738754696e-16,0
1595627505.8371768,210.60280323028573,3.3306690738754696e-16,0
1595627505.8471737,212.40224361419686,3.3306690738754696e-16,0
1595627505.8571746,214.20241355896005,3.3306690738754696e-16,0
1595627505.8671706,216.00168228149423,3.3306690738754696e-16,0
1595627505.8771641,217.80052185058602,3.3306690738754696e-16,0
1595627505.887178,219.60300922393807,3.3306690738754696e-16,0
1595627505.8971624,221.40021800994882,3.3306690738754696e-16,0
1595627505.9071748,223.20244789123544,3.3306690738754696e-16,0
1595627505.9171643,225.00055789947518,3.3306690738754696e-16,0
1595627505.9271605,226.7998695373536,3.3306690738754696e-16,0
1595627505.9371624,228.60021114349374,3.3306690738754696e-16,0
1595627505.9471712,230.40179729461678,3.3306690738754696e-16,0
1595627505.9571753,232.20252513885507,3.3306690738754696e-16,0
1595627505.9671729,234.0020942687989,3.3306690738754696e-16,0
1595627505.9771779,235.80299377441415,3.3306690738754696e-16,0
1595627505.987173,237.6021337509156,3.3306690738754696e-16,0
1595627505.9971676,239.40114498138436,3.3306690738754696e-16,0
1595627506.0071647,241.20062828063973,3.3306690738754696e-16,0
1595627506.017175,243.0024719238282,3.3306690738754696e-16,0
1595627506.0271614,244.80002403259286,3.3306690738754696e-16,0
1595627506.0371687,246.60135269165048,3.3306690738754696e-16,0
1595627506.0471728,248.40208053588876,3.3306690738754696e-16,0
1595627506.0571702,250.20160675048837,3.3306690738754696e-16,0
1595627506.0671635,252.00040340423593,3.3306690738754696e-16,0
1595627506.077179,253.80319118499764,3.3306690738754696e-16,0
1595627506.0871632,255.60035705566415,3.3306690738754696e-16,0
1595627506.0971735,257.4022006988526,3.3306690738754696e-16,0
1595627506.1071696,259.201512336731,3.3306690738754696e-16,0
1595627506.1171699,261.0015535354615,3.3306690738754696e-16,0
1595627506.127164,262.80047893524176,3.3306690738754696e-16,0
1595627506.1371667,264.60099220275885,3.3306690738754696e-16,0
1595627506.1471672,266.40107631683355,3.3306690738754696e-16,0
1595627506.1571636,268.2004308700562,3.3306690738754696e-16,0
1595627506.1671622,270.000171661377,3.3306690738754696e-16,0
1595627506.1771638,271.8004703521729,3.3306690738754696e-16,0
1595627506.1871612,273.5999965667725,3.3306690738754696e-16,0
1595627506.1971614,275.400037765503,3.3306690738754696e-16,0
1595627506.2071738,277.2022676467896,3.3306690738754696e-16,0
1595627506.2171612,278.9999914169312,3.3306690738754696e-16,0
1595627506.2271671,280.8010625839234,3.3306690738754696e-16,0
1595627506.2371643,282.60054588317877,3.3306690738754696e-16,0
1595627506.247162,284.40015792846685,3.3306690738754696e-16,0
1595627506.2571602,286.1998128890992,3.3306690738754696e-16,0
1595627506.2671742,288.00234317779547,3.3306690738754696e-16,0
1595627506.2771657,289.8007965087891,3.3306690738754696e-16,0
1595627506.2871604,291.5998506546021,3.3306690738754696e-16,0
1595627506.2971742,293.40233802795416,3.3306690738754696e-16,0
1595627506.30716,295.1997613906861,3.3306690738754696e-16,0
1595627506.3171732,297.00216293334967,3.3306690738754696e-16,0
1595627506.3271751,298.8025045394898,3.3306690738754696e-16,0
1595627506.3371732,300.6021595001221,3.3306690738754696e-16,0
1595627506.3471637,302.4004411697388,3.3306690738754696e-16,0
1595627506.3571677,304.2011690139771,3.3306690738754696e-16,0
1595627506.3671784,306.00309848785406,3.3306690738754696e-16,0
1595627506.3771715,307.8018522262574,3.3306690738754696e-16,0
1595627506.3871737,309.60223674774176,3.3306690738754696e-16,0
1595627506.3971612,311.4000034332276,3.3306690738754696e-16,0
1595627506.4071643,313.2005596160889,3.3306690738754696e-16,0
1595627506.4171634,315.0003862380982,3.3306690738754696e-16,0
1595627506.427178,316.80300235748297,3.3306690738754696e-16,0
1595627506.4371636,318.6004257202149,3.3306690738754696e-16,0
1595627506.4471686,320.40132522583013,3.3306690738754696e-16,0
1595627506.4571671,322.20106601715094,3.3306690738754696e-16,0
1595627506.4671788,324.00316715240484,3.3306690738754696e-16,0
1595627506.4771776,325.8029508590699,3.3306690738754696e-16,0
1595627506.4871607,327.5999021530152,3.3306690738754696e-16,0
1595627506.4971783,329.40307617187506,3.3306690738754696e-16,0
1595627506.5071774,331.20290279388433,3.3306690738754696e-16,0
1595627506.5171764,333.0027294158936,3.3306690738754696e-16,0
1595627506.527169,334.80139732360846,3.3306690738754696e-16,0
1595627506.5371625,336.60023689270025,3.3306690738754696e-16,0
1595627506.54716,338.39976310729986,3.3306690738754696e-16,0
1595627506.5571663,340.2009201049805,3.3306690738754696e-16,0
1595627506.5671659,342.0008325576783,3.3306690738754696e-16,0
1595627506.5771651,343.8007020950318,3.3306690738754696e-16,0
1595627506.587168,345.6012153625489,3.3306690738754696e-16,0
1595627506.597177,347.40284442901617,3.3306690738754696e-16,0
1595627506.6071637,349.20043945312506,3.3306690738754696e-16,0
1595627506.6171641,351.00052356719976,3.3306690738754696e-16,0
1595627506.6271627,352.80026435852056,3.3306690738754696e-16,0
1595627506.6371725,354.60202217102056,3.3306690738754696e-16,0
1595627506.6471725,356.4020204544068,3.3306690738754696e-16,0
1595627506.657162,358.20013046264654,3.3306690738754696e-16,0
1595627506.6671655,360,3.3306690738754696e-16,1
1595627506.6671655,0,0,0
1595627506.6771832,1.8031740188598633,0,0
1595627506.6871793,3.6024856567382812,0,0
1595627506.6971684,5.400509834289551,0,0
1595627506.7071793,7.202482223510742,0,0
1595627506.7171712,9.001021385192871,0,0
1595627506.727169,10.800633430480957,0,0
1595627506.737166,12.60007381439209,0,0
1595627506.7471786,14.40234661102295,0,0
1595627506.757166,16.20007038116455,0,0
1595627506.767168,18.000454902648926,0,0
1595627506.7771785,19.80234146118164,0,0
1595627506.7871845,21.603412628173828,0,0
1595627506.7971756,23.401823043823242,0,0
1595627506.8071759,25.20186424255371,0,0
1595627506.81718,27.002592086791992,0,0
1595627506.827177,28.802075386047363,0,0
1595627506.8371773,30.602116584777832,0,0
1595627506.8471794,32.40250110626221,0,0
1595627506.857168,34.200439453125,0,0
1595627506.867182,36.00296974182129,0,0
1595627506.8771753,37.80176639556885,0,0
1595627506.887168,39.60043430328369,0,0
1595627506.8971736,41.40146255493164,0,0
1595627506.9071734,43.20141792297363,0,0
1595627506.9171755,45.00180244445801,0,0
1595627506.9271781,46.80227279663086,0,0
1595627506.9371822,48.60300064086914,0,0
1595627506.9471662,50.400123596191406,0,0
1595627506.9571753,52.20175266265869,0,0
1595627506.967179,54.002437591552734,0,0
1595627506.977167,55.80024719238281,0,0
1595627506.9871712,57.60101795196533,0,0
1595627506.9971657,59.40002918243408,0,0
1595627507.0071762,61.2019157409668,0,0
1595627507.0171654,62.999982833862305,0,0
1595627507.0271783,64.8022985458374,0,0
1595627507.0371697,66.60075187683105,0,0
1595627507.047168,68.40044975280762,0,0
1595627507.057166,70.20010471343994,0,0
1595627507.0671756,72.0018196105957,0,0
1595627507.077177,73.80207538604736,0,0
1595627507.0871654,75.59997081756592,0,0
1595627507.097169,77.40061283111572,0,0
1595627507.1071672,79.20031070709229,0,0
1595627507.1171658,81.00005149841309,0,0
1595627507.1271715,82.80107975006104,0,0
1595627507.1371827,84.60309505462646,0,0
1595627507.1471722,86.40120506286621,0,0
1595627507.1571746,88.20163249969482,0,0
1595627507.1671796,90.00253200531006,0,0
1595627507.1771753,91.8017578125,0,0
1595627507.1871772,93.60209941864014,0,0
1595627507.1971793,95.40248394012451,0,0
1595627507.2071717,97.20110893249512,0,0
1595627507.2171695,99.0007209777832,0,0
1595627507.2271712,100.8010196685791,0,0
1595627507.2371733,102.60140419006348,0,0
1595627507.2471743,104.40157413482666,0,0
1595627507.2571664,106.20015621185303,0,0
1595627507.2671776,108.00217151641846,0,0
1595627507.2771845,109.8034143447876,0,0
1595627507.287167,111.60027980804443,0,0
1595627507.2971666,113.40019226074219,0,0
1595627507.3071845,115.20340919494629,0,0
1595627507.3171742,117.00156211853027,0,0
1595627507.327179,118.80241870880127,0,0
1595627507.337167,120.60027122497559,0,0
1595627507.347177,122.40207195281982,0,0
1595627507.3494556,122.81221389770508,0,0
1595627507.3494556,122.81221389770509,1.1102230246251565e-16,0
1595627507.3571703,124.2008686065674,1.1102230246251565e-16,0
1595627507.3671792,126.00245475769044,1.1102230246251565e-16,0
1595627507.3771656,127.80000686645509,1.1102230246251565e-16,0
1595627507.3871672,129.600305557251,1.1102230246251565e-16,0
1595627507.3971708,131.4009475708008,1.1102230246251565e-16,0
1595627507.40717,133.20081710815433,1.1102230246251565e-16,0
1595627507.4171758,135.00184535980227,1.1102230246251565e-16,0
1595627507.4271827,136.80308818817142,1.1102230246251565e-16,0
1595627507.4371812,138.60282897949222,1.1102230246251565e-16,0
1595627507.4471831,140.40317058563235,1.1102230246251565e-16,0
1595627507.4571843,142.20338344573977,1.1102230246251565e-16,0
1595627507.4671762,144.0019226074219,1.1102230246251565e-16,0
1595627507.477172,145.80114841461184,1.1102230246251565e-16,0
1595627507.4871733,147.6014041900635,1.1102230246251565e-16,0
1595627507.497182,149.4029474258423,1.1102230246251565e-16,0
1595627507.5071745,151.20161533355716,1.1102230246251565e-16,0
1595627507.517182,153.002986907959,1.1102230246251565e-16,0
1595627507.52718,154.8025989532471,1.1102230246251565e-16,0
1595627507.5371656,156.60002231597903,1.1102230246251565e-16,0
1595627507.5471659,158.4000635147095,1.1102230246251565e-16,0
1595627507.5571685,160.20053386688235,1.1102230246251565e-16,0
1595627507.5671728,162.00130462646487,1.1102230246251565e-16,0
1595627507.577171,163.80100250244143,1.1102230246251565e-16,0
1595627507.5871804,165.60267448425296,1.1102230246251565e-16,0
1595627507.5971649,167.3998832702637,1.1102230246251565e-16,0
1595627507.6071794,169.20249938964847,1.1102230246251565e-16,0
1595627507.6171825,171.0030555725098,1.1102230246251565e-16,0
1595627507.6271744,172.80159473419192,1.1102230246251565e-16,0
1595627507.6371782,174.60227966308597,1.1102230246251565e-16,0
1595627507.647169,176.40064716339114,1.1102230246251565e-16,0
1595627507.6571808,178.20274829864505,1.1102230246251565e-16,0
1595627507.667165,179.99991416931155,1.1102230246251565e-16,0
1595627507.677171,181.8009853363037,1.1102230246251565e-16,0
1595627507.687172,183.6011552810669,1.1102230246251565e-16,0
1595627507.6971738,185.40149688720703,1.1102230246251565e-16,0
1595627507.707174,187.2015380859375,1.1102230246251565e-16,0
1595627507.7171786,189.00235176086426,1.1102230246251565e-16,0
1595627507.7271707,190.80093383789062,1.1102230246251565e-16,0
1595627507.7371721,192.60118961334229,1.1102230246251565e-16,0
1595627507.7471745,194.4016170501709,1.1102230246251565e-16,0
1595627507.7571747,196.20165824890137,1.1102230246251565e-16,0
1595627507.7671742,198.00157070159912,1.1102230246251565e-16,0
1595627507.7771735,199.80144023895264,1.1102230246251565e-16,0
1595627507.7871785,201.60233974456787,1.1102230246251565e-16,0
1595627507.7971694,203.40070724487305,1.1102230246251565e-16,0
1595627507.8071687,205.20057678222656,1.1102230246251565e-16,0
1595627507.8171694,207.0007038116455,1.1102230246251565e-16,0
1595627507.827171,208.8010025024414,1.1102230246251565e-16,0
1595627507.8371708,210.6009578704834,1.1102230246251565e-16,0
1595627507.8471818,212.4029302597046,1.1102230246251565e-16,0
1595627507.8571656,214.20001029968262,1.1102230246251565e-16,0
1595627507.8671763,216.00193977355957,1.1102230246251565e-16,0
1595627507.8771734,217.80142307281494,1.1102230246251565e-16,0
1595627507.8871737,219.6014642715454,1.1102230246251565e-16,0
1595627507.8971815,221.4028787612915,1.1102230246251565e-16,0
1595627507.9071674,223.20034503936768,1.1102230246251565e-16,0
1595627507.9171793,225.00248908996582,1.1102230246251565e-16,0
1595627507.9271748,226.80167198181152,1.1102230246251565e-16,0
1595627507.9371824,228.60304355621338,1.1102230246251565e-16,0
1595627507.9471767,230.4020118713379,1.1102230246251565e-16,0
1595627507.9571745,232.20162391662598,1.1102230246251565e-16,0
1595627507.967171,234.00097846984863,1.1102230246251565e-16,0
1595627507.9771774,235.8021354675293,1.1102230246251565e-16,0
1595627507.9871774,237.60213375091553,1.1102230246251565e-16,0
1595627507.9971645,239.3998146057129,1.1102230246251565e-16,0
1595627508.007171,241.20097160339355,1.1102230246251565e-16,0
1595627508.0171726,243.00127029418945,1.1102230246251565e-16,0
1595627508.0271647,244.79985237121582,1.1102230246251565e-16,0
1595627508.0371706,246.600923538208,1.1102230246251565e-16,0
1595627508.0471647,248.39984893798828,1.1102230246251565e-16,0
1595627508.0571694,250.20070552825928,1.1102230246251565e-16,0
1595627508.0671785,252.00233459472656,1.1102230246251565e-16,0
1595627508.0771759,253.80186080932617,1.1102230246251565e-16,0
1595627508.0871813,255.60284614562988,1.1102230246251565e-16,0
1595627508.0971754,257.40177154541016,1.1102230246251565e-16,0
1595627508.1071725,259.2012548446655,1.1102230246251565e-16,0
1595627508.1171753,261.0017681121826,1.1102230246251565e-16,0
1595627508.1271753,262.80176639556885,1.1102230246251565e-16,0
1595627508.1371665,264.60017681121826,1.1102230246251565e-16,0
1595627508.1471703,266.4008617401123,1.1102230246251565e-16,0
1595627508.1571677,268.2003879547119,1.1102230246251565e-16,0
1595627508.1671798,270.0025749206543,1.1102230246251565e-16,0
1595627508.1771824,271.80304527282715,1.1102230246251565e-16,0
1595627508.1871667,273.60021114349365,1.1102230246251565e-16,0
1595627508.1971705,275.4008960723877,1.1102230246251565e-16,0
1595627508.2071779,277.2022247314453,1.1102230246251565e-16,0
1595627508.217165,278.9999055862427,1.1102230246251565e-16,0
1595627508.2271686,280.8005475997925,1.1102230246251565e-16,0
1595627508.2371683,282.6005029678345,1.1102230246251565e-16,0
1595627508.2471764,284.4019603729248,1.1102230246251565e-16,0
1595627508.2571821,286.20298862457275,1.1102230246251565e-16,0
1595627508.2671664,288.00015449523926,1.1102230246251565e-16,0
1595627508.2771773,289.80212688446045,1.1102230246251565e-16,0
1595627508.2871811,291.6028118133545,1.1102230246251565e-16,0
1595627508.2971768,293.40203762054443,1.1102230246251565e-16,0
1595627508.3071702,295.200834274292,1.1102230246251565e-16,0
1595627508.317182,297.00297832489014,1.1102230246251565e-16,0
1595627508.3271787,298.80237579345703,1.1102230246251565e-16,0
1595627508.3371658,300.6000566482544,1.1102230246251565e-16,0
1595627508.3471704,302.40087032318115,1.1102230246251565e-16,0
1595627508.3571677,304.20039653778076,1.1102230246251565e-16,0
1595627508.3671803,306.0026693344116,1.1102230246251565e-16,0
1595627508.3771749,307.80168056488037,1.1102230246251565e-16,0
1595627508.3871768,309.6020221710205,1.1102230246251565e-16,0
1595627508.3971682,311.40047550201416,1.1102230246251565e-16,0
1595627508.4071724,313.2012462615967,1.1102230246251565e-16,0
1595627508.4171817,315.0029182434082,1.1102230246251565e-16,0
1595627508.4271646,316.7998266220093,1.1102230246251565e-16,0
1595627508.437171,318.60098361968994,1.1102230246251565e-16,0
1595627508.4471812,320.4028272628784,1.1102230246251565e-16,0
1595627508.4571824,322.20304012298584,1.1102230246251565e-16,0
1595627508.467168,324.0004634857178,1.1102230246251565e-16,0
1595627508.477173,325.801362991333,1.1102230246251565e-16,0
1595627508.4871728,327.601318359375,1.1102230246251565e-16,0
1595627508.497181,329.40277576446533,1.1102230246251565e-16,0
1595627508.5071697,331.20075702667236,1.1102230246251565e-16,0
1595627508.5171664,333.00015449523926,1.1102230246251565e-16,0
1595627508.5271802,334.8026418685913,1.1102230246251565e-16,0
1595627508.5371742,336.6015672683716,1.1102230246251565e-16,0
1595627508.5471728,338.4013080596924,1.1102230246251565e-16,0
1595627508.5571797,340.2025508880615,1.1102230246251565e-16,0
1595627508.5671823,342.0030212402344,1.1102230246251565e-16,0
1595627508.5771663,343.80014419555664,1.1102230246251565e-16,0
1595627508.587177,345.6020736694336,1.1102230246251565e-16,0
1595627508.5971816,347.40288734436035,1.1102230246251565e-16,0
1595627508.60718,349.20262813568115,1.1102230246251565e-16,0
1595627508.6171813,351.0028409957886,1.1102230246251565e-16,0
1595627508.6271734,352.80142307281494,1.1102230246251565e-16,0
1595627508.6371648,354.5998764038086,1.1102230246251565e-16,0
1595627508.6471713,356.40103340148926,1.1102230246251565e-16,0
1595627508.6571677,358.2003879547119,1.1102230246251565e-16,0
1595627508.6671722,360,1.1102230246251565e-16,1
1595627508.6671722,0,0,0
1595627508.6771753,1.8005561828613281,0,0
1595627508.6871803,3.6014556884765625,0,0
1595627508.6971848,5.40226936340332,0,0
1595627508.7071805,7.201495170593262,0,0
1595627508.7171838,9.002094268798828,0,0
1595627508.7271736,10.800247192382812,0,0
1595627508.7371774,12.600932121276855,0,0
1595627508.7471867,14.402604103088379,0,0
1595627508.7571893,16.20307445526123,0,0
1595627508.7671854,18.00238609313965,0,0
1595627508.7771842,19.802169799804688,0,0
1595627508.7871776,21.600966453552246,0,0
1595627508.7971892,23.403067588806152,0,0
1595627508.8071852,25.202336311340332,0,0
1595627508.8171735,27.000231742858887,0,0
1595627508.827186,28.802504539489746,0,0
1595627508.8371913,30.60344696044922,0,0
1595627508.847179,32.40121364593506,0,0
1595627508.857174,34.200310707092285,0,0
1595627508.8671775,36.00095272064209,0,0
1595627508.8771784,37.80112266540527,0,0
1595627508.8871908,39.603352546691895,0,0
1595627508.89719,41.40322208404541,0,0
1595627508.9071891,43.20304870605469,0,0
1595627508.9171772,45.000901222229004,0,0
1595627508.9271853,46.802358627319336,0,0
1595627508.9371812,48.601627349853516,0,0
1595627508.9471874,50.40274143218994,0,0
1595627508.9571803,52.20145225524902,0,0
1595627508.9671779,54.00102138519287,0,0
1595627508.977185,55.80230712890625,0,0
1595627508.987184,57.60213375091553,0,0
1595627508.9971735,59.40024375915527,0,0
1595627509.0071824,61.20182991027832,0,0
1595627509.0171762,63.000712394714355,0,0
1595627509.027183,64.8019552230835,0,0
1595627509.0371826,66.60186767578125,0,0
1595627509.0471747,68.40044975280762,0,0
1595627509.057185,70.2022933959961,0,0
1595627509.067175,72.00048923492432,0,0
1595627509.0771813,73.80164623260498,0,0
1595627509.087189,75.60301780700684,0,0
1595627509.0971758,77.40065574645996,0,0
1595627509.1071887,79.20297145843506,0,0
1595627509.1171827,81.00189685821533,0,0
1595627509.1271892,82.803053855896,0,0
1595627509.1371744,84.60039138793945,0,0
1595627509.1471856,86.40240669250488,0,0
1595627509.157182,88.20176124572754,0,0
1595627509.167191,90.00339031219482,0,0
1595627509.1771846,91.80222988128662,0,0
1595627509.187185,93.60231399536133,0,0
1595627509.1971834,95.40201187133789,0,0
1595627509.2071738,97.20029354095459,0,0
1595627509.2171829,99.00192260742188,0,0
1595627509.227175,100.80050468444824,0,0
1595627509.2371888,102.6029920578003,0,0
1595627509.2471757,104.40062999725342,0,0
1595627509.2571745,106.20041370391846,0,0
1595627509.2671812,108.00161361694336,0,0
1595627509.2771757,109.80062484741211,0,0
1595627509.2871811,111.60161018371582,0,0
1595627509.2971804,113.40147972106934,0,0
1595627509.3071759,115.20066261291504,0,0
1595627509.317173,117.00014591217041,0,0
1595627509.3271883,118.80289077758789,0,0
1595627509.3371882,120.60288906097412,0,0
1595627509.3471825,122.40185737609863,0,0
1595627509.3495624,122.83023834228516,0,0
1595627509.3495624,122.83023834228516,0.0,0
1595627509.3571858,124.2024564743042,0.0,0
1595627509.3671858,126.00245475769043,0.0,0
1595627509.3771846,127.80223846435547,0.0,0
1595627509.3871815,129.6016788482666,0.0,0
1595627509.3971786,131.40116214752197,0.0,0
1595627509.4071739,133.20030212402344,0.0,0
1595627509.4171846,135.0022315979004,0.0,0
1595627509.4271765,136.80077075958252,0.0,0
1595627509.437188,138.6028289794922,0.0,0
1595627509.4471822,140.4017972946167,0.0,0
1595627509.4571803,142.20145225524902,0.0,0
1595627509.4671776,144.00097846984863,0.0,0
1595627509.4771864,145.80256462097168,0.0,0
1595627509.487187,147.6026487350464,0.0,0
1595627509.4972,149.40500736236572,0.0,0
1595627509.507198,151.20466232299805,0.0,0
1595627509.517182,153.0017852783203,0.0,0
1595627509.5271757,154.8006248474121,0.0,0
1595627509.5371988,156.60478591918945,0.0,0
1595627509.547184,158.4021234512329,0.0,0
1595627509.557177,160.20087718963623,0.0,0
1595627509.5671985,162.0047378540039,0.0,0
1595627509.5771809,163.8015604019165,0.0,0
1595627509.5871718,165.59992790222168,0.0,0
1595627509.5971847,167.40224361419678,0.0,0
1595627509.607185,169.20228481292725,0.0,0
1595627509.6171854,171.00236892700195,0.0,0
1595627509.627182,172.80176639556885,0.0,0
1595627509.6372,174.6050262451172,0.0,0
1595627509.6471837,176.40206336975098,0.0,0
1595627509.6571758,178.20064544677734,0.0,0
1595627509.6671984,180.0047206878662,0.0,0
1595627509.6771812,181.80162906646729,0.0,0
1595627509.6871974,183.60454559326172,0.0,0
1595627509.6971786,185.40115356445312,0.0,0
1595627509.7071753,187.20055103302002,0.0,0
1595627509.7171822,189.00179386138916,0.0,0
1595627509.7271738,190.80029010772705,0.0,0
1595627509.737178,192.60106086730957,0.0,0
1595627509.7471828,194.40191745758057,0.0,0
1595627509.757201,196.2051773071289,0.0,0
1595627509.7671788,198.00118446350098,0.0,0
1595627509.777195,199.8041009902954,0.0,0
1595627509.7871842,201.60216808319092,0.0,0
1595627509.7971783,203.4010934829712,0.0,0
1595627509.807181,205.20156383514404,0.0,0
1595627509.8171718,206.99993133544922,0.0,0
1595627509.8271756,208.80061626434326,0.0,0
1595627509.8371735,210.60022830963135,0.0,0
1595627509.8472,212.40499019622803,0.0,0
1595627509.857174,214.20031070709229,0.0,0
1595627509.867197,216.00447177886963,0.0,0
1595627509.8771975,217.80455589294434,0.0,0
1595627509.8871787,219.60116386413574,0.0,0
1595627509.8971775,221.40094757080078,0.0,0
1595627509.907183,223.2019329071045,0.0,0
1595627509.917172,224.99995708465576,0.0,0
1595627509.9271846,226.80222988128662,0.0,0
1595627509.937196,228.6042881011963,0.0,0
1595627509.9471762,230.40072441101074,0.0,0
1595627509.9571989,232.2047996520996,0.0,0
1595627509.967172,233.9999485015869,0.0,0
1595627509.9771962,235.80432415008545,0.0,0
1595627509.9871948,237.60406494140625,0.0,0
1595627509.997179,239.40123081207275,0.0,0
1595627510.007171,241.19976997375488,0.0,0
1595627510.0171993,243.00487518310547,0.0,0
1595627510.0271773,244.80092525482178,0.0,0
1595627510.0371792,246.6012668609619,0.0,0
1595627510.0471795,248.40130805969238,0.0,0
1595627510.0571713,250.1998472213745,0.0,0
1595627510.067177,252.00087547302246,0.0,0
1595627510.0771763,253.80074501037598,0.0,0
1595627510.0871744,255.6003999710083,0.0,0
1595627510.0971775,257.40095615386963,0.0,0
1595627510.1072,259.20498847961426,0.0,0
1595627510.1171722,261.00000858306885,0.0,0
1595627510.127177,262.80086517333984,0.0,0
1595627510.1371937,264.60386753082275,0.0,0
1595627510.1471915,266.40347957611084,0.0,0
1595627510.157178,268.2010316848755,0.0,0
1595627510.1671982,270.004677772522,0.0,0
1595627510.1771786,271.80115699768066,0.0,0
1595627510.1871989,273.60480308532715,0.0,0
1595627510.19719,275.40321350097656,0.0,0
1595627510.2071736,277.20025062561035,0.0,0
1595627510.2171946,279.00402545928955,0.0,0
1595627510.227176,280.8006763458252,0.0,0
1595627510.2371976,282.6045799255371,0.0,0
1595627510.247175,284.4005012512207,0.0,0
1595627510.2571754,286.2005853652954,0.0,0
1595627510.2671723,288.00002574920654,0.0,0
1595627510.2771897,289.80315685272217,0.0,0
1595627510.2871997,291.6049575805664,0.0,0
1595627510.297176,293.4006643295288,0.0,0
1595627510.307196,295.20426750183105,0.0,0
1595627510.3171802,297.00143337249756,0.0,0
1595627510.3271987,298.8047790527344,0.0,0
1595627510.3371987,300.6047773361206,0.0,0
1595627510.3471904,302.4032735824585,0.0,0
1595627510.357172,304.1999673843384,0.0,0
1595627510.3671756,306.0006093978882,0.0,0
1595627510.3771951,307.80412673950195,0.0,0
1595627510.3871949,309.60408210754395,0.0,0
1595627510.3971791,311.40124797821045,0.0,0
1595627510.407188,313.2028341293335,0.0,0
1595627510.4171922,315.003604888916,0.0,0
1595627510.427199,316.8048048019409,0.0,0
1595627510.4371884,318.60291481018066,0.0,0
1595627510.447188,320.4028272628784,0.0,0
1595627510.4571967,322.20441341400146,0.0,0
1595627510.467172,323.9999485015869,0.0,0
1595627510.477191,325.8033800125122,0.0,0
1595627510.4871721,327.5999879837036,0.0,0
1595627510.4971714,329.39985752105713,0.0,0
1595627510.5071905,331.2032890319824,0.0,0
1595627510.517177,333.0008840560913,0.0,0
1595627510.5272007,334.80513095855713,0.0,0
1595627510.5371716,336.5998935699463,0.0,0
1595627510.5471992,338.40487003326416,0.0,0
1595627510.5571995,340.20491123199463,0.0,0
1595627510.5671992,342.0048666000366,0.0,0
1595627510.5771902,343.8032341003418,0.0,0
1595627510.5872002,345.60503482818604,0.0,0
1595627510.597194,347.40391731262207,0.0,0
1595627510.607189,349.2030143737793,0.0,0
1595627510.6171992,351.0048580169678,0.0,0
1595627510.6272018,352.8053283691406,0.0,0
1595627510.6371708,354.5997476577759,0.0,0
1595627510.6471727,356.400089263916,0.0,0
1595627510.6571987,358.2047653198242,0.0,0
1595627510.6671972,360,0.0,1
1595627510.6671972,0,0,0
1595627510.6772134,1.8029165267944336,0,0
1595627510.6872125,3.602743148803711,0,0
1595627510.697216,5.403385162353516,0,0
1595627510.707216,7.203383445739746,0,0
1595627510.7172096,9.002223014831543,0,0
1595627510.7272165,10.803465843200684,0,0
1595627510.7372131,12.602863311767578,0,0
1595627510.7472136,14.402947425842285,0,0
1595627510.7572007,16.20062828063965,0,0
1595627510.767213,18.00285816192627,0,0
1595627510.7772155,19.803285598754883,0,0
1595627510.787214,21.603026390075684,0,0
1595627510.7972016,23.400793075561523,0,0
1595627510.8072014,25.200748443603516,0,0
1595627510.8172047,27.001347541809082,0,0
1595627510.8272014,28.800745010375977,0,0
1595627510.8371975,30.600056648254395,0,0
1595627510.8472068,32.40172863006592,0,0
1595627510.8572164,34.20344352722168,0,0
1595627510.867207,36.00176811218262,0,0
1595627510.8772166,37.80348300933838,0,0
1595627510.8872128,39.6027946472168,0,0
1595627510.8972147,41.403136253356934,0,0
1595627510.907208,43.20193290710449,0,0
1595627510.9172041,45.00124454498291,0,0
1595627510.9272027,46.80098533630371,0,0
1595627510.9372156,48.60330104827881,0,0
1595627510.9471984,50.40020942687988,0,0
1595627510.9572124,52.20273971557617,0,0
1595627510.9672072,54.00179386138916,0,0
1595627510.9772081,55.801963806152344,0,0
1595627510.98721,57.60230541229248,0,0
1595627510.9972079,59.401917457580566,0,0
1595627511.0071988,61.20028495788574,0,0
1595627511.0172067,63.001699447631836,0,0
1595627511.027201,64.80066776275635,0,0
1595627511.0372124,66.60272598266602,0,0
1595627511.0472085,68.40203762054443,0,0
1595627511.0572052,70.20143508911133,0,0
1595627511.067198,72.00014591217041,0,0
1595627511.0772169,73.80353450775146,0,0
1595627511.087199,75.60031414031982,0,0
1595627511.0972042,77.4012565612793,0,0
1595627511.107206,79.20159816741943,0,0
1595627511.1172097,81.00224018096924,0,0
1595627511.1272125,82.80275344848633,0,0
1595627511.1372154,84.60326671600342,0,0
1595627511.1472082,86.4019775390625,0,0
1595627511.1572092,88.20214748382568,0,0
1595627511.167197,89.99995708465576,0,0
1595627511.177212,91.802659034729,0,0
1595627511.1872008,93.60064029693604,0,0
1595627511.1972036,95.40115356445312,0,0
1595627511.2072036,97.20115184783936,0,0
1595627511.2172062,99.0016222000122,0,0
1595627511.2272158,100.80333709716797,0,0
1595627511.2372112,102.60251998901367,0,0
1595627511.2472138,104.40299034118652,0,0
1595627511.2572107,106.20243072509766,0,0
1595627511.2672107,108.00242900848389,0,0
1595627511.2772148,109.80315685272217,0,0
1595627511.2871993,111.60036563873291,0,0
1595627511.2972143,113.40306758880615,0,0
1595627511.3072052,115.20143508911133,0,0
1595627511.3172045,117.00130462646484,0,0
1595627511.327208,118.80194664001465,0,0
1595627511.3372118,120.60263156890869,0,0
1595627511.3471978,122.40009784698486,0,0
1595627511.3497047,122.85135269165039,0,0
1595627511.3497047,122.85135269165045,3.3306690738754696e-16,0
1595627511.3572006,124.20061111450201,3.3306690738754696e-16,0
1595627511.3672147,126.0031414031983,3.3306690738754696e-16,0
1595627511.3772125,127.80275344848638,3.3306690738754696e-16,0
1595627511.3872118,129.6026229858399,3.3306690738754696e-16,0
1595627511.3972116,131.4025783538819,3.3306690738754696e-16,0
1595627511.4072149,133.20317745208746,3.3306690738754696e-16,0
1595627511.4172127,135.00278949737555,3.3306690738754696e-16,0
1595627511.4272149,136.80317401885992,3.3306690738754696e-16,0
1595627511.4372034,138.6011123657227,3.3306690738754696e-16,0
1595627511.4472082,140.4019689559937,3.3306690738754696e-16,0
1595627511.4571998,142.2004652023316,3.3306690738754696e-16,0
1595627511.4672031,144.00106430053717,3.3306690738754696e-16,0
1595627511.4772022,145.80089092254644,3.3306690738754696e-16,0
1595627511.487197,147.59994506835943,3.3306690738754696e-16,0
1595627511.4972074,149.40183162689215,3.3306690738754696e-16,0
1595627511.5072,151.200499534607,3.3306690738754696e-16,0
1595627511.5172029,153.00101280212408,3.3306690738754696e-16,0
1595627511.52721,154.80229854583746,3.3306690738754696e-16,0
1595627511.5371969,156.59993648529058,3.3306690738754696e-16,0
1595627511.5472026,158.40096473693853,3.3306690738754696e-16,0
1595627511.5572102,160.2023363113404,3.3306690738754696e-16,0
1595627511.567206,162.00156211853033,3.3306690738754696e-16,0
1595627511.5772154,163.8032770156861,3.3306690738754696e-16,0
1595627511.5872095,165.60220241546637,3.3306690738754696e-16,0
1595627511.597204,167.40121364593512,3.3306690738754696e-16,0
1595627511.6071963,169.19983863830572,3.3306690738754696e-16,0
1595627511.617214,171.00301265716558,3.3306690738754696e-16,0
1595627511.6272118,172.80262470245367,3.3306690738754696e-16,0
1595627511.6372147,174.60313796997076,3.3306690738754696e-16,0
