Timestamp,Phase,Offset,Ping?
1595630121.0000978,59.940000000000005,0,0
1595630121.010128,61.74308818817139,0.333,0
1595630121.0201285,63.5431723022461,0.333,0
1595630121.0301275,65.34299892425537,0.333,0
1595630121.0401108,67.13999313354492,0.333,0
1595630121.0501297,68.94338172912597,0.333,0
1595630121.0601115,70.7401184463501,0.333,0
1595630121.0701156,72.54084629058838,0.333,0
1595630121.0801284,74.34316200256347,0.333,0
1595630121.0901144,76.14062828063965,0.333,0
1595630121.1001196,77.94157070159912,0.333,0
1595630121.1101286,79.7431997680664,0.333,0
1595630121.1201262,81.54276889801025,0.333,0
1595630121.1301167,83.34105056762695,0.333,0
1595630121.140114,85.14057678222656,0.333,0
1595630121.1501224,86.94207710266113,0.333,0
1595630121.1601262,88.74276203155517,0.333,0
1595630121.170113,90.5403999710083,0.333,0
1595630121.1801245,92.34245819091797,0.333,0
1595630121.1901271,94.14292854309082,0.333,0
1595630121.2001145,95.94065231323242,0.333,0
1595630121.2101188,97.74142307281494,0.333,0
1595630121.2201245,99.54245132446289,0.333,0
1595630121.230114,101.34056133270263,0.333,0
1595630121.2401128,103.14034503936767,0.333,0
1595630121.2501154,104.94081539154053,0.333,0
1595630121.2601135,106.74047035217285,0.333,0
1595630121.270112,108.54021114349365,0.333,0
1595630121.2801144,110.34063858032226,0.333,0
1595630121.2901275,112.1429972076416,0.333,0
1595630121.3001144,113.94063514709472,0.333,0
1595630121.3101213,115.74187797546386,0.333,0
1595630121.320111,117.54003089904785,0.333,0
1595630121.3301117,119.3401579284668,0.333,0
1595630121.3401198,121.14161533355713,0.333,0
1595630121.3483562,122.62416881561279,0.333,0
1595630121.3483562,122.62416881561279,0.333,0
1595630121.350113,122.94036907196045,0.333,0
1595630121.360126,124.74272769927978,0.333,0
1595630121.3701112,126.54006523132324,0.333,0
1595630121.3801281,128.3431105041504,0.333,0
1595630121.3901129,130.14036220550537,0.333,0
1595630121.4001272,131.9429354095459,0.333,0
1595630121.4101164,133.7410025024414,0.333,0
1595630121.4201162,135.5409578704834,0.333,0
1595630121.4301271,137.3429302597046,0.333,0
1595630121.440112,139.1402248764038,0.333,0
1595630121.4501233,140.94224018096924,0.333,0
1595630121.4601111,142.7400497817993,0.333,0
1595630121.4701178,144.54124969482422,0.333,0
1595630121.4801245,146.34244960784912,0.333,0
1595630121.4901145,148.14064544677734,0.333,0
1595630121.5001113,149.94008583068847,0.333,0
1595630121.510123,151.74218696594238,0.333,0
1595630121.520111,153.5400394821167,0.333,0
1595630121.5301273,155.34295600891113,0.333,0
1595630121.5401235,157.14226764678955,0.333,0
1595630121.5501144,158.94063514709472,0.333,0
1595630121.5601168,160.74106258392334,0.333,0
1595630121.5701244,162.5424341583252,0.333,0
1595630121.580119,164.34144538879394,0.333,0
1595630121.5901186,166.14140075683594,0.333,0
1595630121.6001222,167.94204277038574,0.333,0
1595630121.6101124,169.7402815246582,0.333,0
1595630121.6201122,171.5402368927002,0.333,0
1595630121.630116,173.34092182159424,0.333,0
1595630121.6401198,175.14160675048828,0.333,0
1595630121.6501167,176.9410471343994,0.333,0
1595630121.6601145,178.7406591796875,0.333,0
1595630121.6701245,180.54245990753174,0.333,0
1595630121.6801221,182.34202903747558,0.333,0
1595630121.690111,184.14001029968261,0.333,0
1595630121.700111,185.94000858306885,0.333,0
1595630121.710125,187.74253887176513,0.333,0
1595630121.7201223,189.54206508636474,0.333,0
1595630121.730126,191.34270709991455,0.333,0
1595630121.7401104,193.1399158859253,0.333,0
1595630121.7501156,194.94085830688476,0.333,0
1595630121.7601125,196.7402986907959,0.333,0
1595630121.770126,198.5427431488037,0.333,0
1595630121.780117,200.34111064910888,0.333,0
1595630121.7901275,202.1429972076416,0.333,0
1595630121.8001227,203.94213718414306,0.333,0
1595630121.8101292,205.74329418182373,0.333,0
1595630121.8201227,207.54213375091553,0.333,0
1595630121.8301244,209.34243244171142,0.333,0
1595630121.840128,211.14307445526123,0.333,0
1595630121.8501186,212.94139904022217,0.333,0
1595630121.8601248,214.7425131225586,0.333,0
1595630121.8701222,216.5420393371582,0.333,0
1595630121.880117,218.3410934829712,0.333,0
1595630121.8901286,220.1431946182251,0.333,0
1595630121.9001138,221.94053215026855,0.333,0
1595630121.9101248,223.74250453948974,0.333,0
1595630121.9201183,225.54134410858154,0.333,0
1595630121.930122,227.34198612213135,0.333,0
1595630121.9401114,229.1400961303711,0.333,0
1595630121.9501166,230.94103855133056,0.333,0
1595630121.9601176,232.74120849609375,0.333,0
1595630121.9701242,234.54240840911865,0.333,0
1595630121.9801152,236.34077590942383,0.333,0
1595630121.9901254,238.1426195526123,0.333,0
1595630122.0001228,239.9421457672119,0.333,0
1595630122.0101168,241.74107116699219,0.333,0
1595630122.020125,243.54252857208252,0.333,0
1595630122.0301218,245.34196895599365,0.333,0
1595630122.0401256,247.1426538848877,0.333,0
1595630122.0501258,248.94269508361816,0.333,0
1595630122.0601187,250.74140590667724,0.333,0
1595630122.0701208,252.54179042816162,0.333,0
1595630122.0801127,254.34032958984375,0.333,0
1595630122.0901186,256.14140075683594,0.333,0
1595630122.1001186,257.94139904022217,0.333,0
1595630122.1101167,259.7410540008545,0.333,0
1595630122.1201234,261.5422539138794,0.333,0
1595630122.1301277,263.3430246734619,0.333,0
1595630122.1401243,265.1424221420288,0.333,0
1595630122.1501143,266.94061798095703,0.333,0
1595630122.1601129,268.74035877227783,0.333,0
1595630122.1701136,270.5404858016968,0.333,0
1595630122.1801255,272.3426298522949,0.333,0
1595630122.1901252,274.1425852203369,0.333,0
1595630122.2001112,275.9400514984131,0.333,0
1595630122.2101252,277.7425817871094,0.333,0
1595630122.22012,279.54163593292236,0.333,0
1595630122.2301192,281.3415054702759,0.333,0
1595630122.2401237,283.14231914520263,0.333,0
1595630122.2501266,284.9428324127197,0.333,0
1595630122.2601106,286.739955368042,0.333,0
1595630122.2701173,288.5411552810669,0.333,0
1595630122.2801135,290.3404669189453,0.333,0
1595630122.2901192,292.14149517059326,0.333,0
1595630122.3001275,293.94299549102783,0.333,0
1595630122.3101163,295.74097675323486,0.333,0
1595630122.320117,297.5411037826538,0.333,0
1595630122.330122,299.34200328826904,0.333,0
1595630122.3401248,301.14251655578613,0.333,0
1595630122.3501275,302.942986907959,0.333,0
1595630122.3601115,304.74010986328125,0.333,0
1595630122.370112,306.54019397735595,0.333,0
1595630122.380121,308.34182304382324,0.333,0
1595630122.3901157,310.1408771896362,0.333,0
1595630122.4001129,311.9403604888916,0.333,0
1595630122.4101238,313.7423328781128,0.333,0
1595630122.4201226,315.54211658477783,0.333,0
1595630122.430116,317.3409132385254,0.333,0
1595630122.4401286,319.14318603515625,0.333,0
1595630122.4501173,320.9411672973633,0.333,0
1595630122.4601207,322.74176639556885,0.333,0
1595630122.4701135,324.5404772186279,0.333,0
1595630122.4801142,326.3406042480469,0.333,0
1595630122.4901237,328.14231914520263,0.333,0
1595630122.500127,329.9429182434082,0.333,0
1595630122.5101266,331.74283069610595,0.333,0
1595630122.520121,333.5418419265747,0.333,0
1595630122.5301187,335.34141105651855,0.333,0
1595630122.5401149,337.14072269439697,0.333,0
1595630122.5501153,338.9408068084717,0.333,0
1595630122.5601273,340.7429508590698,0.333,0
1595630122.5701125,342.5402883911133,0.333,0
1595630122.5801141,344.3405870819092,0.333,0
1595630122.5901244,346.14243072509765,0.333,0
1595630122.6001153,347.94079822540283,0.333,0
1595630122.610124,349.7423843765259,0.333,0
1595630122.6201096,351.5397648239136,0.333,0
1595630122.6301157,353.34087890625,0.333,0
1595630122.6401153,355.14079135894775,0.333,0
1595630122.6501093,356.939716758728,0.333,0
1595630122.6601195,358.7415604019165,0.333,0
1595630122.6671124,360,0.333,1
1595630122.6671124,0,0,0
1595630122.6771295,4.28026071791388,0.013762069609680516,0
1595630122.687128,6.08000150923468,0.013762069609680516,0
1595630122.6971302,7.880386030719055,0.013762069609680516,0
1595630122.7071164,9.677895224139466,0.013762069609680516,0
1595630122.7171307,11.480468428179993,0.013762069609680516,0
1595630122.7271123,13.277162230059876,0.013762069609680516,0
1595630122.7371187,15.07831922774054,0.013762069609680516,0
1595630122.7471302,16.880377447650208,0.013762069609680516,0
1595630122.7571301,18.68037573103644,0.013762069609680516,0
1595630122.7671158,20.477799093768372,0.013762069609680516,0
1595630122.777125,22.279428160235657,0.013762069609680516,0
1595630122.7871294,24.080241835162415,0.013762069609680516,0
1595630122.7971227,25.879038488909973,0.013762069609680516,0
1595630122.8071303,27.68041006331183,0.013762069609680516,0
1595630122.8171146,29.477575933978333,0.013762069609680516,0
1595630122.8271217,31.27886167769171,0.013762069609680516,0
1595630122.8371255,33.07954660658575,0.013762069609680516,0
1595630122.8471189,34.87834326033331,0.013762069609680516,0
1595630122.8571193,36.67842737440802,0.013762069609680516,0
1595630122.8671172,38.4780394196961,0.013762069609680516,0
1595630122.8771126,40.277222311541806,0.013762069609680516,0
1595630122.887126,42.07962385420538,0.013762069609680516,0
1595630122.897126,43.87962213759161,0.013762069609680516,0
1595630122.9071271,45.67983499769903,0.013762069609680516,0
1595630122.9171252,47.47948995833136,0.013762069609680516,0
1595630122.9271212,49.278758680865536,0.013762069609680516,0
1595630122.9371288,51.08013025526739,0.013762069609680516,0
1595630122.9471145,52.877553617999325,0.013762069609680516,0
1595630122.957113,54.677294409320126,0.013762069609680516,0
1595630122.9671235,56.47918096785284,0.013762069609680516,0
1595630122.9771233,58.27913633589483,0.013762069609680516,0
1595630122.987117,60.07801882033087,0.013762069609680516,0
1595630122.9971209,61.87870374922491,0.013762069609680516,0
1595630123.007117,63.67801538710333,0.013762069609680516,0
1595630123.0171125,65.47719827894903,0.013762069609680516,0
1595630123.0271227,67.27904192213751,0.013762069609680516,0
1595630123.0371306,69.0804564118836,0.013762069609680516,0
1595630123.0471258,70.87959638838507,0.013762069609680516,0
1595630123.0571141,72.67749181990362,0.013762069609680516,0
1595630123.067129,74.48015085463263,0.013762069609680516,0
1595630123.077115,76.27766004805304,0.013762069609680516,0
1595630123.0871124,78.07718626265265,0.013762069609680516,0
1595630123.0971131,79.87731329207159,0.013762069609680516,0
1595630123.1071155,81.6777407289002,0.013762069609680516,0
1595630123.1171136,83.47739568953253,0.013762069609680516,0
1595630123.1271136,85.27739397291876,0.013762069609680516,0
1595630123.13713,87.08035341505743,0.013762069609680516,0
1595630123.1471293,88.88022295241095,0.013762069609680516,0
1595630123.1571283,90.68004957442022,0.013762069609680516,0
1595630123.1671138,92.47743002180792,0.013762069609680516,0
1595630123.1771123,94.27717081312872,0.013762069609680516,0
1595630123.1871173,96.07807031874395,0.013762069609680516,0
1595630123.1971195,97.87845484022833,0.013762069609680516,0
1595630123.207126,99.679611837909,0.013762069609680516,0
1595630123.21713,101.48033968214727,0.013762069609680516,0
1595630123.22713,103.2803379655335,0.013762069609680516,0
1595630123.2371297,105.0802933335755,0.013762069609680516,0
1595630123.247123,106.87908998732306,0.013762069609680516,0
1595630123.257123,108.67908827070929,0.013762069609680516,0
1595630123.2671146,110.47758451704718,0.013762069609680516,0
1595630123.2771206,112.27865568403936,0.013762069609680516,0
1595630123.2871244,114.07934061293341,0.013762069609680516,0
1595630123.2971234,115.87916723494268,0.013762069609680516,0
1595630123.307127,117.67980924849249,0.013762069609680516,0
1595630123.3171175,119.47809091810919,0.013762069609680516,0
1595630123.3271227,121.27903333906866,0.013762069609680516,0
1595630123.337112,123.07710043196417,0.013762069609680516,0
1595630123.347122,124.87890115980841,0.013762069609680516,0
1595630123.3471842,124.8901020646546,0.013762069609680516,0
1595630123.3471842,124.8901020646546,0.013762069609680516,0
1595630123.3571122,126.67713991408087,0.013762069609680516,0
1595630123.36713,128.48035684828497,0.013762069609680516,0
1595630123.3771276,130.27992597822882,0.013762069609680516,0
1595630123.3871226,132.07902303938604,0.013762069609680516,0
1595630123.3971145,133.87756220106817,0.013762069609680516,0
1595630123.407118,135.67820421461798,0.013762069609680516,0
1595630123.417116,137.47781625990606,0.013762069609680516,0
1595630123.4271247,139.2794024110291,0.013762069609680516,0
1595630123.4371264,141.079701101825,0.013762069609680516,0
1595630123.4471254,142.8795277238343,0.013762069609680516,0
1595630123.4571128,144.6772514939759,0.013762069609680516,0
1595630123.467128,146.47999635939337,0.013762069609680516,0
1595630123.477128,148.2799946427796,0.013762069609680516,0
1595630123.487129,150.08016458754278,0.013762069609680516,0
1595630123.4971254,151.87951914076544,0.013762069609680516,0
1595630123.5071197,153.67848745588995,0.013762069609680516,0
1595630123.5171282,155.48003069166876,0.013762069609680516,0
1595630123.52713,157.28032938246466,0.013762069609680516,0
1595630123.5371175,159.0780960679505,0.013762069609680516,0
1595630123.5471146,160.87757936720587,0.013762069609680516,0
1595630123.5571117,162.67706266646124,0.013762069609680516,0
1595630123.5671148,164.47761884932257,0.013762069609680516,0
1595630123.5771127,166.27723089461065,0.013762069609680516,0
1595630123.5871117,168.07705751661993,0.013762069609680516,0
1595630123.597121,169.87872949843145,0.013762069609680516,0
1595630123.6071298,171.6803156495545,0.013762069609680516,0
1595630123.6171231,173.47911230330206,0.013762069609680516,0
1595630123.6271226,175.2790247559998,0.013762069609680516,0
1595630123.6371193,177.0784222245667,0.013762069609680516,0
1595630123.6471152,178.8776909471009,0.013762069609680516,0
1595630123.657119,180.67837587599493,0.013762069609680516,0
1595630123.667124,182.47927538161017,0.013762069609680516,0
1595630123.677122,184.2789303422425,0.013762069609680516,0
1595630123.6871173,186.07807031874395,0.013762069609680516,0
1595630123.6971273,187.8798710465882,0.013762069609680516,0
1595630123.707117,189.67802397017218,0.013762069609680516,0
1595630123.7171125,191.47720686201788,0.013762069609680516,0
1595630123.7271202,193.27857843641974,0.013762069609680516,0
1595630123.7371225,195.07900587324835,0.013762069609680516,0
1595630123.7471263,196.8796908021424,0.013762069609680516,0
1595630123.757124,198.67925993208624,0.013762069609680516,0
1595630123.7671204,200.4786144853089,0.013762069609680516,0
1595630123.7771285,202.28007189039923,0.013762069609680516,0
1595630123.7871242,204.07929769758917,0.013762069609680516,0
1595630123.7971258,205.87959638838507,0.013762069609680516,0
1595630123.80713,207.6803671479676,0.013762069609680516,0
1595630123.8171127,209.47723261122442,0.013762069609680516,0
1595630123.82712,211.27856127028204,0.013762069609680516,0
1595630123.8371298,213.08031908278204,0.013762069609680516,0
1595630123.8471112,214.87696996931768,0.013762069609680516,0
1595630123.8571126,216.67722574476934,0.013762069609680516,0
1595630123.8671112,218.47696653609015,0.013762069609680516,0
1595630123.8771248,220.27941099409796,0.013762069609680516,0
1595630123.887128,222.08001009230352,0.013762069609680516,0
1595630123.897112,223.87709013228155,0.013762069609680516,0
1595630123.9071221,225.67893377547003,0.013762069609680516,0
1595630123.9171278,227.47996202711798,0.013762069609680516,0
1595630123.9271123,229.27717081312872,0.013762069609680516,0
1595630123.9371254,231.07952944044806,0.013762069609680516,0
1595630123.9471138,232.8774248719666,0.013762069609680516,0
1595630123.9571178,234.6781527162049,0.013762069609680516,0
1595630123.967123,236.47909513716436,0.013762069609680516,0
1595630123.9771204,238.27862135176397,0.013762069609680516,0
1595630123.987123,240.07909170393683,0.013762069609680516,0
1595630123.9971287,241.88011995558477,0.013762069609680516,0
1595630124.0071206,243.6786591172669,0.013762069609680516,0
1595630124.0171297,245.4802881837342,0.013762069609680516,0
1595630124.02712,247.2785698533509,0.013762069609680516,0
1595630124.0371153,249.07770982985235,0.013762069609680516,0
1595630124.0471234,250.87916723494268,0.013762069609680516,0
1595630124.0571134,252.6773630738709,0.013762069609680516,0
1595630124.0671153,254.47770468001104,0.013762069609680516,0
1595630124.0771253,256.2795054078553,0.013762069609680516,0
1595630124.087128,258.07997576002816,0.013762069609680516,0
1595630124.0971212,259.8787724137757,0.013762069609680516,0
1595630124.1071167,261.6779553056214,0.013762069609680516,0
1595630124.1171193,263.4784256577943,0.013762069609680516,0
1595630124.1271207,265.27868143324594,0.013762069609680516,0
1595630124.1371233,267.0791517854188,0.013762069609680516,0
1595630124.1471133,268.877347624347,0.013762069609680516,0
1595630124.1571221,270.67893377547006,0.013762069609680516,0
1595630124.1671114,272.47700086836556,0.013762069609680516,0
1595630124.1771276,274.27991739516,0.013762069609680516,0
1595630124.187121,276.07871404890756,0.013762069609680516,0
1595630124.1971133,277.87733904127816,0.013762069609680516,0
1595630124.207125,279.67944017653207,0.013762069609680516,0
1595630124.217125,281.4794384599183,0.013762069609680516,0
1595630124.227125,283.27943674330453,0.013762069609680516,0
1595630124.23712,285.07853380446176,0.013762069609680516,0
1595630124.2471175,286.8781029344056,0.013762069609680516,0
1595630124.257125,288.6794315934632,0.013762069609680516,0
1595630124.267119,290.4783569932435,0.013762069609680516,0
1595630124.277128,292.2799860597108,0.013762069609680516,0
1595630124.2871208,294.07869688276986,0.013762069609680516,0
1595630124.2971206,295.87865225081185,0.013762069609680516,0
1595630124.3071253,297.67950884108285,0.013762069609680516,0
1595630124.317122,299.47890630964974,0.013762069609680516,0
1595630124.3271127,301.2772308946107,0.013762069609680516,0
1595630124.3371205,303.0786453843568,0.013762069609680516,0
1595630124.3471122,304.87714163069467,0.013762069609680516,0
1595630124.357116,306.6778265595887,0.013762069609680516,0
1595630124.3671231,308.4791123033021,0.013762069609680516,0
1595630124.3771226,310.27902475599984,0.013762069609680516,0
1595630124.3871262,312.07966676954965,0.013762069609680516,0
1595630124.397121,313.87872091536263,0.013762069609680516,0
1595630124.4071107,315.6768738389466,0.013762069609680516,0
1595630124.4171176,317.47811666731576,0.013762069609680516,0
1595630124.4271183,319.2782436967347,0.013762069609680516,0
1595630124.4371238,321.0792290330384,0.013762069609680516,0
1595630124.4471242,322.8793131471131,0.013762069609680516,0
1595630124.4571126,324.6772085786317,0.013762069609680516,0
1595630124.4671285,326.4800821900819,0.013762069609680516,0
1595630124.4771159,328.2778059602235,0.013762069609680516,0
1595630124.4871202,330.078576719806,0.013762069609680516,0
1595630124.4971113,331.8769871354554,0.013762069609680516,0
1595630124.5071158,333.67780081038217,0.013762069609680516,0
1595630124.5171275,335.4799019456361,0.013762069609680516,0
1595630124.5271127,337.27723947767953,0.013762069609680516,0
1595630124.5371256,339.0795551896546,0.013762069609680516,0
1595630124.5471218,340.87886682753305,0.013762069609680516,0
1595630124.5571234,342.67916551832894,0.013762069609680516,0
1595630124.5671222,344.478949224994,0.013762069609680516,0
1595630124.5771155,346.27774587874154,0.013762069609680516,0
1595630124.5871127,348.0772291779969,0.013762069609680516,0
1595630124.597118,349.8781715989564,0.013762069609680516,0
1595630124.607117,351.67799822096566,0.013762069609680516,0
1595630124.6171274,353.4798847794984,0.013762069609680516,0
1595630124.6271226,355.27902475599984,0.013762069609680516,0
1595630124.6371248,357.0794092774842,0.013762069609680516,0
1595630124.6471105,358.87683264021615,0.013762069609680516,0
1595630124.6533632,360,0.013762069609680516,1
1595630124.6533632,0,0,0
1595630124.6633637,6.80020406160152,0.02777844415292674,0
1595630124.6733794,8.603034757707476,0.02777844415292674,0
1595630124.683379,10.40294721040523,0.02777844415292674,0
1595630124.6933663,12.200670980546832,0.02777844415292674,0
1595630124.7033741,14.002085470292926,0.02777844415292674,0
1595630124.7133667,15.80075337800777,0.02777844415292674,0
1595630124.7233799,17.603112005327105,0.02777844415292674,0
1595630124.7333786,19.402895711992144,0.02777844415292674,0
1595630124.743379,21.20297982606685,0.02777844415292674,0
1595630124.753375,23.00224854860103,0.02777844415292674,0
1595630124.76337,24.801345609758258,0.02777844415292674,0
1595630124.7733696,26.60125806245601,0.02777844415292674,0
1595630124.7833703,28.401385091874957,0.02777844415292674,0
1595630124.7933667,30.200739645097613,0.02777844415292674,0
1595630124.8033807,32.0032699337939,0.02777844415292674,0
1595630124.8133724,33.80176618013179,0.02777844415292674,0
1595630124.8233697,35.6012923947314,0.02777844415292674,0
1595630124.8333714,37.4015910855273,0.02777844415292674,0
1595630124.8433704,39.20141770753658,0.02777844415292674,0
1595630124.8533807,41.003261350725055,0.02777844415292674,0
1595630124.863363,42.80008389863765,0.02777844415292674,0
1595630124.8733807,44.603257917497515,0.02777844415292674,0
1595630124.8833733,46.40192582521236,0.02777844415292674,0
1595630124.8933733,48.20192410859859,0.02777844415292674,0
1595630124.9033751,50.002265714738726,0.02777844415292674,0
1595630124.913374,51.802049421403765,0.02777844415292674,0
1595630124.9233637,53.60020234498775,0.02777844415292674,0
1595630124.9333723,55.40174558076656,0.02777844415292674,0
1595630124.9433775,57.20268800172603,0.02777844415292674,0
1595630124.9533691,59.00118424806392,0.02777844415292674,0
1595630124.9633756,60.802341245744586,0.02777844415292674,0
1595630124.9733725,62.60178162965572,0.02777844415292674,0
1595630124.983367,64.40079286012447,0.02777844415292674,0
1595630124.9933653,66.20049073610103,0.02777844415292674,0
1595630125.003365,68.00044610414302,0.02777844415292674,0
1595630125.0133803,69.8031909695605,0.02777844415292674,0
1595630125.0233796,71.60306050691402,0.02777844415292674,0
1595630125.0333767,73.40254380616939,0.02777844415292674,0
1595630125.0433779,75.20275666627681,0.02777844415292674,0
1595630125.0533676,77.0009095898608,0.02777844415292674,0
1595630125.063368,78.8009937039355,0.02777844415292674,0
1595630125.0733745,80.60215070161617,0.02777844415292674,0
1595630125.0833762,82.40244939241207,0.02777844415292674,0
1595630125.0933685,84.20107438478267,0.02777844415292674,0
1595630125.103373,86.00188805970943,0.02777844415292674,0
1595630125.1133697,87.80128552827632,0.02777844415292674,0
1595630125.1233647,89.60038258943355,0.02777844415292674,0
1595630125.1333716,91.40162541780269,0.02777844415292674,0
1595630125.1433752,93.2022674313525,0.02777844415292674,0
1595630125.1533773,95.00265195283687,0.02777844415292674,0
1595630125.1633708,96.80149152192867,0.02777844415292674,0
1595630125.17338,98.60312058839595,0.02777844415292674,0
1595630125.1833808,100.40329053315914,0.02777844415292674,0
1595630125.1933732,102.20191552552974,0.02777844415292674,0
1595630125.2033696,104.0012700787524,0.02777844415292674,0
1595630125.2133677,105.80092503938472,0.02777844415292674,0
1595630125.2233725,107.60178162965572,0.02777844415292674,0
1595630125.233364,109.40027787599361,0.02777844415292674,0
1595630125.243375,111.2022502652148,0.02777844415292674,0
1595630125.2533677,113.00091817292964,0.02777844415292674,0
1595630125.2633693,114.80121686372554,0.02777844415292674,0
1595630125.273379,116.60297467622554,0.02777844415292674,0
1595630125.28337,118.40134217653072,0.02777844415292674,0
1595630125.2933729,120.20185544404781,0.02777844415292674,0
1595630125.303375,122.00223996553218,0.02777844415292674,0
1595630125.3133755,123.80232407960689,0.02777844415292674,0
1595630125.3210435,125.18256738099849,0.02777844415292674,0
1595630125.3210435,125.18256738099849,0.02777844415292674,0
1595630125.3233783,125.60283734712398,0.02777844415292674,0
1595630125.3333645,127.40034654054439,0.02777844415292674,0
1595630125.3433669,129.20077397737302,0.02777844415292674,0
1595630125.35337,131.00133016023435,0.02777844415292674,0
1595630125.3633683,132.8010280362109,0.02777844415292674,0
1595630125.3733783,134.60282876405515,0.02777844415292674,0
1595630125.3833714,136.40158250245847,0.02777844415292674,0
1595630125.3933709,138.20149495515622,0.02777844415292674,0
1595630125.4033713,140.00157906923093,0.02777844415292674,0
1595630125.4133716,141.8016202679614,0.02777844415292674,0
1595630125.423373,143.60187604341306,0.02777844415292674,0
1595630125.4333775,145.40268971833981,0.02777844415292674,0
1595630125.4433641,147.2002847424487,0.02777844415292674,0
1595630125.453378,149.00277211580075,0.02777844415292674,0
1595630125.4633772,150.80264165315427,0.02777844415292674,0
1595630125.4733737,152.60199620637692,0.02777844415292674,0
1595630125.4833705,154.40143659028806,0.02777844415292674,0
1595630125.4933665,156.20070531282224,0.02777844415292674,0
1595630125.5033624,157.99997403535642,0.02777844415292674,0
1595630125.513366,159.80061604890622,0.02777844415292674,0
1595630125.52337,161.6013438931445,0.02777844415292674,0
1595630125.533368,163.40099885377683,0.02777844415292674,0
1595630125.5433662,165.20065381440915,0.02777844415292674,0
1595630125.553381,167.00331284913815,0.02777844415292674,0
1595630125.5633657,168.80056455049314,0.02777844415292674,0
1595630125.5733693,170.60120656404294,0.02777844415292674,0
1595630125.583378,172.402792715166,0.02777844415292674,0
1595630125.593372,174.20171811494626,0.02777844415292674,0
1595630125.6033733,176.00193097505368,0.02777844415292674,0
1595630125.61337,177.80132844362058,0.02777844415292674,0
1595630125.6233792,179.6030004254321,0.02777844415292674,0
1595630125.63338,181.40312745485105,0.02777844415292674,0
1595630125.6433656,183.20055081758298,0.02777844415292674,0
1595630125.6533802,185.00316693696774,0.02777844415292674,0
1595630125.6633813,186.80337979707517,0.02777844415292674,0
1595630125.673373,188.60187604341306,0.02777844415292674,0
1595630125.6833718,190.4016597500781,0.02777844415292674,0
1595630125.6933782,192.20281674775876,0.02777844415292674,0
1595630125.7033737,194.00199963960446,0.02777844415292674,0
1595630125.7133777,195.80272748384274,0.02777844415292674,0
1595630125.7233672,197.6008374920825,0.02777844415292674,0
1595630125.7333708,199.4014795056323,0.02777844415292674,0
1595630125.7433686,201.20109155092038,0.02777844415292674,0
1595630125.7533777,203.00272061738767,0.02777844415292674,0
1595630125.7633667,204.80074479493894,0.02777844415292674,0
1595630125.7733629,206.60005643281735,0.02777844415292674,0
1595630125.783363,208.40009763154782,0.02777844415292674,0
1595630125.7933657,210.20056798372067,0.02777844415292674,0
1595630125.8033636,212.00018002900876,0.02777844415292674,0
1595630125.813369,213.80116536531247,0.02777844415292674,0
1595630125.823372,215.60167863282956,0.02777844415292674,0
1595630125.8333704,217.40141942415036,0.02777844415292674,0
1595630125.8433769,219.20257642183103,0.02777844415292674,0
1595630125.853368,221.00098683748044,0.02777844415292674,0
1595630125.8633664,222.800684713457,0.02777844415292674,0
1595630125.8733637,224.6002109280566,0.02777844415292674,0
1595630125.8833675,226.40089585695065,0.02777844415292674,0
1595630125.89337,228.20132329377927,0.02777844415292674,0
1595630125.9033785,230.00286652955808,0.02777844415292674,0
1595630125.9133704,231.8014056912402,0.02777844415292674,0
1595630125.9233766,233.60251977357663,0.02777844415292674,0
1595630125.9333625,235.3999860516528,0.02777844415292674,0
1595630125.9433777,237.20273091707028,0.02777844415292674,0
1595630125.9533648,239.00041177186765,0.02777844415292674,0
1595630125.9633713,240.8015687695483,0.02777844415292674,0
1595630125.973362,242.59989335450925,0.02777844415292674,0
1595630125.9833715,244.401608251665,0.02777844415292674,0
1595630125.993369,246.20117738160886,0.02777844415292674,0
1595630126.0033748,248.0022056332568,0.02777844415292674,0
1595630126.013372,249.80168893251218,0.02777844415292674,0
1595630126.023377,251.6025884381274,0.02777844415292674,0
1595630126.0333622,253.39992597017087,0.02777844415292674,0
1595630126.043371,255.20151212129392,0.02777844415292674,0
1595630126.0533638,257.00022294435297,0.02777844415292674,0
1595630126.0633633,258.8001353970507,0.02777844415292674,0
1595630126.0733647,260.6003911725024,0.02777844415292674,0
1595630126.0833766,262.40253522310053,0.02777844415292674,0
1595630126.0933743,264.2021043530444,0.02777844415292674,0
1595630126.103366,266.00060059938227,0.02777844415292674,0
1595630126.1133618,267.79986932191645,0.02777844415292674,0
1595630126.1233618,269.5998676053027,0.02777844415292674,0
1595630126.1333635,271.4001662960986,0.02777844415292674,0
1595630126.1433737,273.20200993928705,0.02777844415292674,0
1595630126.1533666,275.00072076234613,0.02777844415292674,0
1595630126.16338,276.8031223050097,0.02777844415292674,0
1595630126.1733694,278.60123231324945,0.02777844415292674,0
1595630126.1833744,280.4021318188647,0.02777844415292674,0
1595630126.193366,282.2006280652026,0.02777844415292674,0
1595630126.203379,284.0029437771777,0.02777844415292674,0
1595630126.2133694,285.8012254467944,0.02777844415292674,0
1595630126.2233672,287.60083749208246,0.02777844415292674,0
1595630126.2333758,289.40238072786127,0.02777844415292674,0
1595630126.2433689,291.2011344662646,0.02777844415292674,0
1595630126.2533803,293.00319268617426,0.02777844415292674,0
1595630126.263379,294.8029763928393,0.02777844415292674,0
1595630126.2733715,296.6016013852099,0.02777844415292674,0
1595630126.2833662,298.4006555310229,0.02777844415292674,0
1595630126.2933753,300.2022845974902,0.02777844415292674,0
1595630126.3033621,301.9999225369433,0.02777844415292674,0
1595630126.313373,303.8018949261645,0.02777844415292674,0
1595630126.3233662,305.6006486645678,0.02777844415292674,0
1595630126.3333743,307.40210606965815,0.02777844415292674,0
1595630126.3433628,309.20004441652094,0.02777844415292674,0
1595630126.3533716,311.001630567644,0.02777844415292674,0
1595630126.3633716,312.8016288510302,0.02777844415292674,0
1595630126.373373,314.6018846264819,0.02777844415292674,0
1595630126.383365,316.400423788164,0.02777844415292674,0
1595630126.3933737,318.20200993928705,0.02777844415292674,0
1595630126.403379,320.0029523602465,0.02777844415292674,0
1595630126.4133787,321.8029077282885,0.02777844415292674,0
1595630126.423368,323.600974821184,0.02777844415292674,0
1595630126.433367,325.4008014431933,0.02777844415292674,0
1595630126.4433715,327.20161511812006,0.02777844415292674,0
1595630126.453364,329.00024011049067,0.02777844415292674,0
1595630126.4633641,330.80028130922113,0.02777844415292674,0
1595630126.4733639,332.6002366772631,0.02777844415292674,0
1595630126.4833703,334.4013936749438,0.02777844415292674,0
1595630126.4933686,336.20109155092035,0.02777844415292674,0
1595630126.503374,338.00207688722406,0.02777844415292674,0
1595630126.5133803,339.8031909695605,0.02777844415292674,0
1595630126.523371,341.6015155545214,0.02777844415292674,0
1595630126.5333784,343.40284421357904,0.02777844415292674,0
1595630126.5433764,345.20249917421137,0.02777844415292674,0
1595630126.5533638,347.00022294435297,0.02777844415292674,0
1595630126.563366,348.80060746583734,0.02777844415292674,0
1595630126.573373,350.6018932095507,0.02777844415292674,0
1595630126.5833714,352.4015910855273,0.02777844415292674,0
1595630126.593378,354.2027909985522,0.02777844415292674,0
1595630126.6033797,356.0030896893481,0.02777844415292674,0
1595630126.6133804,357.80321671876703,0.02777844415292674,0
1595630126.6233797,359.60308625612055,0.02777844415292674,0
1595630126.6255918,360,0.02777844415292674,1
1595630126.6255918,0,0,0
1595630126.6356068,9.331677506685892,0.041827641981181385,0
1595630126.6455998,11.130431245089213,0.041827641981181385,0
1595630126.6555948,12.92952830624644,0.041827641981181385,0
1595630126.6656015,14.730728219271342,0.041827641981181385,0
1595630126.675593,16.529181550264994,0.041827641981181385,0
1595630126.6856039,18.331153939486185,0.041827641981181385,0
1595630126.6956058,20.131495545626322,0.041827641981181385,0
1595630126.705594,21.929390977144877,0.041827641981181385,0
1595630126.7156014,23.730719636202494,0.041827641981181385,0
1595630126.7255993,25.53033168149058,0.041827641981181385,0
1595630126.7355945,27.329471657992045,0.041827641981181385,0
1595630126.7455947,29.129512856722513,0.041827641981181385,0
1595630126.7556012,30.930669854403178,0.041827641981181385,0
1595630126.7655993,32.7303248150355,0.041827641981181385,0
1595630126.775606,34.531524728060404,0.041827641981181385,0
1595630126.785603,36.331008027315775,0.041827641981181385,0
1595630126.7955983,38.13014800381724,0.041827641981181385,0
1595630126.8055983,39.93014628720347,0.041827641981181385,0
1595630126.8155928,41.72915751767222,0.041827641981181385,0
1595630126.8256032,43.531044076204935,0.041827641981181385,0
1595630126.835601,45.33065612149302,0.041827641981181385,0
1595630126.8456085,47.13198478055064,0.041827641981181385,0
1595630126.8556068,48.9316826565272,0.041827641981181385,0
1595630126.8655937,50.729320595980326,0.041827641981181385,0
1595630126.8755915,52.52893264126841,0.041827641981181385,0
1595630126.8855999,54.33043296170298,0.041827641981181385,0
1595630126.8955953,56.129615853548685,0.041827641981181385,0
1595630126.9056072,57.93175990414683,0.041827641981181385,0
1595630126.915599,59.73029906582896,0.041827641981181385,0
1595630126.9256005,61.53055484128062,0.041827641981181385,0
1595630126.9356096,63.332183907747904,0.041827641981181385,0
1595630126.945608,65.13188178372447,0.041827641981181385,0
1595630126.955593,66.92921931576792,0.041827641981181385,0
1595630126.9656062,68.73157794308726,0.041827641981181385,0
1595630126.9756052,70.53140456509654,0.041827641981181385,0
1595630126.9856088,72.33204657864634,0.041827641981181385,0
1595630126.9956071,74.1317444546229,0.041827641981181385,0
1595630127.0055966,75.92985446286265,0.041827641981181385,0
1595630127.0155933,77.72925193142954,0.041827641981181385,0
1595630127.0256004,79.53053767514292,0.041827641981181385,0
1595630127.0355935,81.32929141354624,0.041827641981181385,0
1595630127.04561,83.13225085568492,0.041827641981181385,0
1595630127.0555942,84.92941672635142,0.041827641981181385,0
1595630127.0655954,86.72962958645884,0.041827641981181385,0
1595630127.0755968,88.5298853619105,0.041827641981181385,0
1595630127.085593,90.32919699978892,0.041827641981181385,0
1595630127.0955963,92.12979609799449,0.041827641981181385,0
1595630127.105592,93.92902190518443,0.041827641981181385,0
1595630127.1155925,95.72910601925913,0.041827641981181385,0
1595630127.1255977,97.53004844021861,0.041827641981181385,0
1595630127.1356032,99.33103377652232,0.041827641981181385,0
1595630127.1455915,101.12892920804087,0.041827641981181385,0
1595630127.1556005,102.93055827450816,0.041827641981181385,0
1595630127.1656048,104.73132903409068,0.041827641981181385,0
1595630127.1756022,106.53085524869029,0.041827641981181385,0
1595630127.1856074,108.33179766964976,0.041827641981181385,0
1595630127.195593,110.1292210323817,0.041827641981181385,0
1595630127.2056034,111.93106467557017,0.041827641981181385,0
1595630127.215604,113.73119170498912,0.041827641981181385,0
1595630127.2256098,115.53221995663706,0.041827641981181385,0
1595630127.2355936,117.32929999661509,0.041827641981181385,0
1595630127.2455978,119.13007075619761,0.041827641981181385,0
1595630127.255596,120.92972571682994,0.041827641981181385,0
1595630127.2655983,122.73015315365855,0.041827641981181385,0
1595630127.2673824,123.05128867459361,0.041827641981181385,0
1595630127.2673824,123.05128867459361,0.041827641981181385,0
1595630127.2756078,124.53186805081431,0.041827641981181385,0
1595630127.285608,126.33190924954478,0.041827641981181385,0
1595630127.2956054,128.13143546414437,0.041827641981181385,0
1595630127.3055968,129.92988879513803,0.041827641981181385,0
1595630127.3156047,131.73130328488412,0.041827641981181385,0
1595630127.3255956,133.5296707851893,0.041827641981181385,0
1595630127.3356056,135.33147151303353,0.041827641981181385,0
1595630127.345601,137.13065440487924,0.041827641981181385,0
1595630127.355598,138.93009478879037,0.041827641981181385,0
1595630127.365605,140.73138053250375,0.041827641981181385,0
1595630127.3755996,142.5303917629725,0.041827641981181385,0
1595630127.3855925,144.32910258603158,0.041827641981181385,0
1595630127.3956068,146.1316757900721,0.041827641981181385,0
1595630127.405594,147.9293995602137,0.041827641981181385,0
1595630127.4155986,149.73021323514047,0.041827641981181385,0
1595630127.4256065,151.53162772488656,0.041827641981181385,0
1595630127.4355974,153.32999522519174,0.041827641981181385,0
1595630127.4455943,155.12943560910287,0.041827641981181385,0
1595630127.4556074,156.9317942364222,0.041827641981181385,0
1595630127.4655917,158.7289601070887,0.041827641981181385,0
1595630127.475599,160.53028876614633,0.041827641981181385,0
1595630127.4855962,162.3297720654017,0.041827641981181385,0
1595630127.4955924,164.12908370328012,0.041827641981181385,0
1595630127.505603,165.93101317715707,0.041827641981181385,0
1595630127.5156002,167.73049647641244,0.041827641981181385,0
1595630127.5255928,169.52916438412728,0.041827641981181385,0
1595630127.5356095,171.3321667416102,0.041827641981181385,0
1595630127.545591,173.12886054349008,0.041827641981181385,0
1595630127.555604,174.93117625546518,0.041827641981181385,0
1595630127.5656042,176.73121745419564,0.041827641981181385,0
1595630127.5755944,178.5294562084681,0.041827641981181385,0
1595630127.5856075,180.33181483578744,0.041827641981181385,0
1595630127.5955951,182.12958152127328,0.041827641981181385,0
1595630127.6056073,183.93176848721566,0.041827641981181385,0
1595630127.6155953,185.72962100338998,0.041827641981181385,0
1595630127.6255934,187.5292759640223,0.041827641981181385,0
1595630127.635606,189.33154876065316,0.041827641981181385,0
1595630127.6455936,191.129315446139,0.041827641981181385,0
1595630127.6556034,192.931073258639,0.041827641981181385,0
1595630127.6656003,194.73051364255014,0.041827641981181385,0
1595630127.6756039,196.53115565609994,0.041827641981181385,0
1595630127.6855998,198.33042437863412,0.041827641981181385,0
1595630127.6956007,200.1305943233973,0.041827641981181385,0
1595630127.7056024,201.9308930141932,0.041827641981181385,0
1595630127.7155972,203.7299471600062,0.041827641981181385,0
1595630127.725606,205.53153331112924,0.041827641981181385,0
1595630127.735592,207.3289995892054,0.041827641981181385,0
1595630127.7455966,209.1298561794764,0.041827641981181385,0
1595630127.7555952,210.9295969707972,0.041827641981181385,0
1595630127.7656052,212.73139769864144,0.041827641981181385,0
1595630127.7755928,214.52916438412728,0.041827641981181385,0
1595630127.7856083,216.331952164889,0.041827641981181385,0
1595630127.7955973,218.12997634244027,0.041827641981181385,0
1595630127.8056002,219.93048960995736,0.041827641981181385,0
1595630127.8155963,221.72980124783578,0.041827641981181385,0
1595630127.8255906,223.5287695629603,0.041827641981181385,0
1595630127.835605,225.33134276700082,0.041827641981181385,0
1595630127.845603,227.13099772763314,0.041827641981181385,0
1595630127.855599,228.93026645016732,0.041827641981181385,0
1595630127.8656015,230.73073680234018,0.041827641981181385,0
1595630127.8756022,232.53086383175912,0.041827641981181385,0
1595630127.885608,234.33189208340707,0.041827641981181385,0
1595630127.8955958,236.12970168423715,0.041827641981181385,0
1595630127.9056025,237.93090159726205,0.041827641981181385,0
1595630127.9155927,239.7291403515345,0.041827641981181385,0
1595630127.925598,241.53008277249398,0.041827641981181385,0
1595630127.9356074,243.33179766964975,0.041827641981181385,0
1595630127.9455914,245.128920624972,0.041827641981181385,0
1595630127.9556055,246.9314509136683,0.041827641981181385,0
1595630127.965598,248.73011882138314,0.041827641981181385,0
1595630127.9756021,250.53084666562143,0.041827641981181385,0
1595630127.9855974,252.3299866421229,0.041827641981181385,0
1595630127.9955988,254.13024241757455,0.041827641981181385,0
1595630128.0056062,255.93157107663217,0.041827641981181385,0
1595630128.015598,257.7301102383143,0.041827641981181385,0
1595630128.0255952,259.52959353756967,0.041827641981181385,0
1595630128.0355966,261.3298493130213,0.041827641981181385,0
1595630128.0455961,263.1297617657191,0.041827641981181385,0
1595630128.055609,264.9320774776942,0.041827641981181385,0
1595630128.0656042,266.73121745419564,0.041827641981181385,0
1595630128.075592,268.5290270550257,0.041827641981181385,0
1595630128.0856006,270.33057029080453,0.041827641981181385,0
1595630128.0955942,272.1294098598963,0.041827641981181385,0
1595630128.1055994,273.9303522808558,0.041827641981181385,0
1595630128.1155984,275.7301789028651,0.041827641981181385,0
1595630128.1255944,277.52944762539926,0.041827641981181385,0
1595630128.1356046,279.33129126858773,0.041827641981181385,0
1595630128.1455991,281.1303024990565,0.041827641981181385,0
1595630128.1555998,282.93042952847543,0.041827641981181385,0
1595630128.1656039,284.7311573727137,0.041827641981181385,0
1595630128.1755943,286.5294390423304,0.041827641981181385,0
1595630128.1855903,288.3287077648646,0.041827641981181385,0
1595630128.1956043,290.1312380535609,0.041827641981181385,0
1595630128.205606,291.9315367443568,0.041827641981181385,0
1595630128.2155945,293.72947509121957,0.041827641981181385,0
1595630128.2255976,295.5300312740809,0.041827641981181385,0
1595630128.2355921,297.32904250454965,0.041827641981181385,0
1595630128.2456064,299.1316157085902,0.041827641981181385,0
1595630128.2556083,300.9319573147303,0.041827641981181385,0
1595630128.2656085,302.7319985134608,0.041827641981181385,0
1595630128.2755928,304.5291643841273,0.041827641981181385,0
1595630128.2855961,306.32976348233285,0.041827641981181385,0
1595630128.295604,308.13117797207894,0.041827641981181385,0
1595630128.3055925,309.92911631894174,0.041827641981181385,0
1595630128.3155978,311.7300587399012,0.041827641981181385,0
1595630128.3255956,313.5296707851893,0.041827641981181385,0
1595630128.335596,315.329754899264,0.041827641981181385,0
1595630128.345605,317.13134105038705,0.041827641981181385,0
1595630128.3555984,318.93018061947885,0.041827641981181385,0
1595630128.3656056,320.7314663631922,0.041827641981181385,0
1595630128.375597,322.5299196941859,0.041827641981181385,0
1595630128.385607,324.3317204220301,0.041827641981181385,0
1595630128.3955958,326.12970168423715,0.041827641981181385,0
1595630128.4055939,327.9293566448695,0.041827641981181385,0
1595630128.4155986,329.73021323514047,0.041827641981181385,0
1595630128.425593,331.529181550265,0.041827641981181385,0
1595630128.4356024,333.33089644742074,0.041827641981181385,0
1595630128.4455924,335.12909228634896,0.041827641981181385,0
1595630128.4555979,336.9300776226527,0.041827641981181385,0
1595630128.465601,338.730633805514,0.041827641981181385,0
1595630128.4756014,340.5307179195887,0.041827641981181385,0
1595630128.4855926,342.3291283352381,0.041827641981181385,0
1595630128.4956028,344.1309719784266,0.041827641981181385,0
1595630128.5056026,345.9309273464686,0.041827641981181385,0
1595630128.5156026,347.7309256298548,0.041827641981181385,0
1595630128.525595,349.52955062222543,0.041827641981181385,0
1595630128.5356042,351.33122260403695,0.041827641981181385,0
1595630128.5455945,353.1294613583094,0.041827641981181385,0
1595630128.5555947,354.9295025570399,0.041827641981181385,0
1595630128.5656073,356.73177535367074,0.041827641981181385,0
1595630128.5756063,358.53160197568,0.041827641981181385,0
1595630128.5837736,360,0.041827641981181385,1
1595630128.5837736,0,0,0
1595630128.5937881,11.817392599243373,0.055637647110325594,0
1595630128.6037827,13.616403829712123,0.055637647110325594,0
1595630128.6137838,15.416616689819545,0.055637647110325594,0
1595630128.6237788,17.21571375097677,0.055637647110325594,0
1595630128.633774,19.014853727478236,0.055637647110325594,0
1595630128.643778,20.815581571716518,0.055637647110325594,0
1595630128.653786,22.61699606146261,0.055637647110325594,0
1595630128.6637762,24.415234815735072,0.055637647110325594,0
1595630128.6737924,26.218151342529506,0.055637647110325594,0
1595630128.683786,28.016990911621303,0.055637647110325594,0
1595630128.6937795,29.8158304807131,0.055637647110325594,0
1595630128.7037826,31.616386663574428,0.055637647110325594,0
1595630128.7137764,33.41526914801046,0.055637647110325594,0
1595630128.7237754,35.21509577001974,0.055637647110325594,0
1595630128.73378,37.015909444946494,0.055637647110325594,0
1595630128.743784,38.816637289184776,0.055637647110325594,0
1595630128.7537763,40.61526228155538,0.055637647110325594,0
1595630128.7637806,42.4160330411379,0.055637647110325594,0
1595630128.7737787,44.215688001770225,0.055637647110325594,0
1595630128.7837887,46.01748872961446,0.055637647110325594,0
1595630128.7937741,47.81486917700216,0.055637647110325594,0
1595630128.8037896,49.61765695776388,0.055637647110325594,0
1595630128.8137872,51.417226087707725,0.055637647110325594,0
1595630128.8237777,53.215507757324424,0.055637647110325594,0
1595630128.8337855,55.01692224707052,0.055637647110325594,0
1595630128.843789,56.81756426062032,0.055637647110325594,0
1595630128.8537817,58.616232168335166,0.055637647110325594,0
1595630128.8637903,60.417775404113975,0.055637647110325594,0
1595630128.8737822,62.216314565796104,0.055637647110325594,0
1595630128.883788,64.0173857327883,0.055637647110325594,0
1595630128.8937826,65.81639696325705,0.055637647110325594,0
1595630128.903775,67.61502195562765,0.055637647110325594,0
1595630128.9137912,69.41793848242209,0.055637647110325594,0
1595630128.9237778,71.21553350653097,0.055637647110325594,0
1595630128.93379,73.01772047247336,0.055637647110325594,0
1595630128.9437876,74.8172896024172,0.055637647110325594,0
1595630128.95379,76.61771703924582,0.055637647110325594,0
1595630128.9637809,78.416084539551,0.055637647110325594,0
1595630128.9737897,80.21767069067404,0.055637647110325594,0
1595630128.983782,82.01629568304465,0.055637647110325594,0
1595630128.993782,83.81629396643088,0.055637647110325594,0
1595630129.0037825,85.61637808050558,0.055637647110325594,0
1595630129.0137894,87.41762090887472,0.055637647110325594,0
1595630129.0237887,89.21749044622824,0.055637647110325594,0
1595630129.0337791,91.01577211584494,0.055637647110325594,0
1595630129.0437827,92.81641412939474,0.055637647110325594,0
1595630129.0537841,94.6166699048464,0.055637647110325594,0
1595630129.0637903,96.41778398718283,0.055637647110325594,0
1595630129.0737789,98.21572233404562,0.055637647110325594,0
1595630129.0837903,100.01778055395529,0.055637647110325594,0
1595630129.0937774,101.81546140875265,0.055637647110325594,0
1595630129.1037748,103.61498762335226,0.055637647110325594,0
1595630129.1137865,105.41708875860617,0.055637647110325594,0
1595630129.1237912,107.21794534887717,0.055637647110325594,0
1595630129.133786,109.01699949469015,0.055637647110325594,0
1595630129.1437848,110.8167832013552,0.055637647110325594,0
1595630129.1537738,112.61480737890646,0.055637647110325594,0
1595630129.1637826,114.41639353002951,0.055637647110325594,0
1595630129.1737838,116.21660639013693,0.055637647110325594,0
1595630129.1837742,118.01488805975363,0.055637647110325594,0
1595630129.1850033,118.23611665930197,0.055637647110325594,0
1595630129.1850033,118.23611665930197,0.055637647110325594,0
1595630129.1937845,119.8167317029421,0.055637647110325594,0
1595630129.2037818,121.61625791754172,0.055637647110325594,0
1595630129.2137876,123.41728616918967,0.055637647110325594,0
1595630129.2237911,125.21792818273947,0.055637647110325594,0
1595630129.2337894,127.01762605871603,0.055637647110325594,0
1595630129.2437844,128.81672311987325,0.055637647110325594,0
1595630129.2537835,130.61654974188252,0.055637647110325594,0
1595630129.2637854,132.41689134802266,0.055637647110325594,0
1595630129.273791,134.2179195996706,0.055637647110325594,0
1595630129.2837837,136.01658750738545,0.055637647110325594,0
1595630129.2937844,137.8167145368044,0.055637647110325594,0
1595630129.3037772,139.61542535986348,0.055637647110325594,0
1595630129.3137887,141.41748357977315,0.055637647110325594,0
1595630129.3237793,143.21580816473409,0.055637647110325594,0
1595630129.3337893,145.01760889257832,0.055637647110325594,0
1595630129.3437903,146.8177788373415,0.055637647110325594,0
1595630129.353775,148.6150305386965,0.055637647110325594,0
1595630129.363775,150.41502882208272,0.055637647110325594,0
1595630129.3737776,152.21549917425557,0.055637647110325594,0
1595630129.3837771,154.01541162695332,0.055637647110325594,0
1595630129.3937895,155.81764150823994,0.055637647110325594,0
1595630129.4037793,157.61579443182393,0.055637647110325594,0
1595630129.4137864,159.4170801755373,0.055637647110325594,0
1595630129.423775,161.2150185224001,0.055637647110325594,0
1595630129.4337902,163.01776338781758,0.055637647110325594,0
1595630129.4437833,164.8165171262209,0.055637647110325594,0
1595630129.4537807,166.6160433408205,0.055637647110325594,0
1595630129.4637733,168.41471124853535,0.055637647110325594,0
1595630129.4737766,170.21531034674092,0.055637647110325594,0
1595630129.4837794,172.015823614258,0.055637647110325594,0
1595630129.493788,173.81736685003682,0.055637647110325594,0
1595630129.503784,175.616635572571,0.055637647110325594,0
1595630129.5137773,177.41543222631856,0.055637647110325594,0
1595630129.5237772,179.2154305097048,0.055637647110325594,0
1595630129.5337877,181.01731706823753,0.055637647110325594,0
1595630129.5437825,182.81637121405052,0.055637647110325594,0
1595630129.5537734,184.6147387143557,0.055637647110325594,0
1595630129.5637784,186.41563821997093,0.055637647110325594,0
1595630129.5737867,188.2171385404055,0.055637647110325594,0
1595630129.5837772,190.0154202100222,0.055637647110325594,0
1595630129.5937822,191.81631971563743,0.055637647110325594,0
1595630129.6037865,193.61709047521995,0.055637647110325594,0
1595630129.6137872,195.4172175046389,0.055637647110325594,0
1595630129.6237755,197.21511293615745,0.055637647110325594,0
1595630129.6337755,199.01511121954368,0.055637647110325594,0
1595630129.6437774,200.81545282568382,0.055637647110325594,0
1595630129.6537893,202.61759687628197,0.055637647110325594,0
1595630129.6637793,204.4157927152102,0.055637647110325594,0
1595630129.6737883,206.21742178167747,0.055637647110325594,0
1595630129.6837895,208.0176346417849,0.055637647110325594,0
1595630129.693786,209.81698919500755,0.055637647110325594,0
1595630129.7037754,211.6150992032473,0.055637647110325594,0
1595630129.7137904,213.41780115332054,0.055637647110325594,0
1595630129.7237747,215.21496702398704,0.055637647110325594,0
1595630129.7337909,217.01788355078148,0.055637647110325594,0
1595630129.743781,218.81612230505394,0.055637647110325594,0
1595630129.7537735,220.61474729742454,0.055637647110325594,0
1595630129.7637777,222.41551805700706,0.055637647110325594,0
1595630129.7737727,224.2146151181643,0.055637647110325594,0
1595630129.7837846,226.01675916876243,0.055637647110325594,0
1595630129.7937782,227.81559873785423,0.055637647110325594,0
1595630129.8037887,229.61748529638695,0.055637647110325594,0
1595630129.8137884,231.41744066442894,0.055637647110325594,0
1595630129.8237789,233.21572233404564,0.055637647110325594,0
1595630129.8337822,235.0163214322512,0.055637647110325594,0
1595630129.8437812,236.81614805426048,0.055637647110325594,0
1595630129.8537893,238.6176054593508,0.055637647110325594,0
1595630129.863781,240.4161017056887,0.055637647110325594,0
1595630129.8737814,242.2161858197634,0.055637647110325594,0
1595630129.8837843,244.0166990872805,0.055637647110325594,0
1595630129.8937898,245.8176844235842,0.055637647110325594,0
1595630129.9037747,247.61497904028343,0.055637647110325594,0
1595630129.9137745,249.41493440832542,0.055637647110325594,0
1595630129.9237792,251.21579099859642,0.055637647110325594,0
1595630129.933773,253.01467348303245,0.055637647110325594,0
1595630129.9437773,254.81544424261497,0.055637647110325594,0
1595630129.9537814,256.6161720868533,0.055637647110325594,0
1595630129.9637856,258.4169428464358,0.055637647110325594,0
1595630129.9737842,260.2166836377566,0.055637647110325594,0
1595630129.9837773,262.0154373761599,0.055637647110325594,0
1595630129.9937818,263.8162510510867,0.055637647110325594,0
1595630130.003773,265.6146614667361,0.055637647110325594,0
1595630130.0137787,267.41568971838404,0.055637647110325594,0
1595630130.0237844,269.216717970032,0.055637647110325594,0
1595630130.033776,271.0152142163699,0.055637647110325594,0
1595630130.043777,272.81538416113307,0.055637647110325594,0
1595630130.053788,274.61735655035426,0.055637647110325594,0
1595630130.06378,276.4159386273806,0.055637647110325594,0
1595630130.0737762,278.21525026525904,0.055637647110325594,0
1595630130.083775,280.0150339719241,0.055637647110325594,0
1595630130.0937781,281.8155901547854,0.055637647110325594,0
1595630130.1037772,283.6154167767947,0.055637647110325594,0
1595630130.1137762,285.41524339880397,0.055637647110325594,0
1595630130.1237745,287.21494127478053,0.055637647110325594,0
1595630130.133779,289.0157549497073,0.055637647110325594,0
1595630130.1437795,290.815839063782,0.055637647110325594,0
1595630130.1537843,292.616695654053,0.055637647110325594,0
1595630130.1637855,294.4169085141604,0.055637647110325594,0
1595630130.1737788,296.21570516790797,0.055637647110325594,0
1595630130.1837854,298.0169050809329,0.055637647110325594,0
1595630130.1937811,299.8161308881228,0.055637647110325594,0
1595630130.2037814,301.6161720868533,0.055637647110325594,0
1595630130.2137868,303.417157423157,0.055637647110325594,0
1595630130.2237833,305.21651197637965,0.055637647110325594,0
1595630130.2337728,307.0146219846194,0.055637647110325594,0
1595630130.2437806,308.8160364743655,0.055637647110325594,0
1595630130.253776,310.6152193662112,0.055637647110325594,0
1595630130.263788,312.41736341680934,0.055637647110325594,0
1595630130.2737806,314.2160313245242,0.055637647110325594,0
1595630130.2837899,316.0177033063357,0.055637647110325594,0
1595630130.2937746,317.8149550076907,0.055637647110325594,0
1595630130.3037734,319.6147387143557,0.055637647110325594,0
1595630130.3137896,321.41765524115016,0.055637647110325594,0
1595630130.3237762,323.21525026525904,0.055637647110325594,0
1595630130.3337748,325.01499105657985,0.055637647110325594,0
1595630130.3437898,326.8176930066531,0.055637647110325594,0
1595630130.3537745,328.61494470800807,0.055637647110325594,0
1595630130.363777,330.4153721448367,0.055637647110325594,0
1595630130.3737907,332.21785951818873,0.055637647110325594,0
1595630130.3837826,334.01639867987086,0.055637647110325594,0
1595630130.3937757,335.8151524182742,0.055637647110325594,0
1595630130.4037905,337.6178114530032,0.055637647110325594,0
1595630130.4137893,339.4175951596682,0.055637647110325594,0
1595630130.4237804,341.21600557531764,0.055637647110325594,0
1595630130.433776,343.01518846716334,0.055637647110325594,0
1595630130.4437897,344.8176758405154,0.055637647110325594,0
1595630130.453788,346.61737371649195,0.055637647110325594,0
1595630130.463784,348.41664243902613,0.055637647110325594,0
1595630130.4737818,350.2162544843142,0.055637647110325594,0
1595630130.48379,352.01771188940455,0.055637647110325594,0
1595630130.4937828,353.81642271246363,0.055637647110325594,0
1595630130.5037723,355.6145327207034,0.055637647110325594,0
1595630130.5137866,357.4171059247439,0.055637647110325594,0
1595630130.5237882,359.2174046155398,0.055637647110325594,0
1595630130.5281382,360,0.055637647110325594,1
1595630130.5281382,0,0,0
1595630130.538141,14.203817743453433,0.06890724708853524,0
1595630130.54814,16.003644365462712,0.06890724708853524,0
1595630130.5581458,17.80467261711066,0.06890724708853524,0
1595630130.5681527,19.605915445479802,0.06890724708853524,0
1595630130.578146,21.40471209922736,0.06890724708853524,0
1595630130.588144,23.204367059859685,0.06890724708853524,0
1595630130.598156,25.00651111045783,0.06890724708853524,0
1595630130.60814,26.803634065780095,0.06890724708853524,0
1595630130.6181479,28.60504855552619,0.06890724708853524,0
1595630130.6281533,30.4060338918299,0.06890724708853524,0
1595630130.638145,32.20453013816779,0.06890724708853524,0
1595630130.6481469,34.00487174430793,0.06890724708853524,0
1595630130.6581442,35.804397958907536,0.06890724708853524,0
1595630130.6681492,37.60529746452277,0.06890724708853524,0
1595630130.6781442,39.40439452568,0.06890724708853524,0
1595630130.6881466,41.20482196250861,0.06890724708853524,0
1595630130.698142,43.004004854354314,0.06890724708853524,0
1595630130.7081447,44.804475206527165,0.06890724708853524,0
1595630130.718156,46.60653342643683,0.06890724708853524,0
1595630130.7281492,48.40528716484015,0.06890724708853524,0
1595630130.7381527,50.20592917838996,0.06890724708853524,0
1595630130.7481515,52.005712885055,0.06890724708853524,0
1595630130.7581515,53.80571116844123,0.06890724708853524,0
1595630130.7681391,55.60347785392707,0.06890724708853524,0
1595630130.7781484,57.40514983573859,0.06890724708853524,0
1595630130.7881544,59.20622100273078,0.06890724708853524,0
1595630130.7981427,61.00411643424933,0.06890724708853524,0
1595630130.8081543,62.80621756950324,0.06890724708853524,0
1595630130.8181458,64.60467090049688,0.06890724708853524,0
1595630130.8281498,66.40539874473517,0.06890724708853524,0
1595630130.8381488,68.20522536674444,0.06890724708853524,0
1595630130.8481429,70.00415076652472,0.06890724708853524,0
1595630130.8581386,71.80337657371466,0.06890724708853524,0
1595630130.868154,73.60616435447638,0.06890724708853524,0
1595630130.8781433,75.40423144737188,0.06890724708853524,0
1595630130.8881502,77.20547427574103,0.06890724708853524,0
1595630130.8981392,79.0034984532923,0.06890724708853524,0
1595630130.908148,80.80508460441534,0.06890724708853524,0
1595630130.9181406,82.60375251213019,0.06890724708853524,0
1595630130.9281445,84.40443744102423,0.06890724708853524,0
1595630130.9381433,86.20422114768927,0.06890724708853524,0
1595630130.9481556,88.00645102897589,0.06890724708853524,0
1595630130.9581537,89.80610598960821,0.06890724708853524,0
1595630130.9681392,91.60348643699591,0.06890724708853524,0
1595630130.9781554,93.40640296379034,0.06890724708853524,0
1595630130.9881546,95.20627250114386,0.06890724708853524,0
1595630130.9981463,97.00476874748175,0.06890724708853524,0
1595630131.0081482,98.80511035362188,0.06890724708853524,0
1595630131.0181541,100.60618152061407,0.06890724708853524,0
1595630131.0281398,102.403604883346,0.06890724708853524,0
1595630131.0381494,104.20531978050177,0.06890724708853524,0
1595630131.048145,106.00454558769171,0.06890724708853524,0
1595630131.0581496,107.80535926261847,0.06890724708853524,0
1595630131.0681484,109.6051429692835,0.06890724708853524,0
1595630131.0738432,110.63021888175909,0.06890724708853524,0
1595630131.0738432,110.63021888175909,0.06890724708853524,0
1595630131.0781505,111.40552749076788,0.06890724708853524,0
1595630131.0881464,113.20479621330206,0.06890724708853524,0
1595630131.098142,115.00397910514776,0.06890724708853524,0
1595630131.1081464,116.80479278007452,0.06890724708853524,0
1595630131.1181538,118.60612143913214,0.06890724708853524,0
1595630131.1281407,120.40375937858526,0.06890724708853524,0
1595630131.138155,122.20633258262579,0.06890724708853524,0
1595630131.1481385,124.00336970725958,0.06890724708853524,0
1595630131.1581557,125.80645789543097,0.06890724708853524,0
1595630131.1681488,127.60521163383429,0.06890724708853524,0
1595630131.1781483,129.40512408653206,0.06890724708853524,0
1595630131.188146,131.20473613182014,0.06890724708853524,0
1595630131.1981425,133.0040906850428,0.06890724708853524,0
1595630131.2081516,134.80571975151008,0.06890724708853524,0
1595630131.2181516,136.6057180348963,0.06890724708853524,0
1595630131.2281516,138.40571631828254,0.06890724708853524,0
1595630131.2381492,140.2052854482264,0.06890724708853524,0
1595630131.2481446,142.0044683400721,0.06890724708853524,0
1595630131.258146,143.80472411552375,0.06890724708853524,0
1595630131.2681403,145.60369243064827,0.06890724708853524,0
1595630131.278155,147.40635146537727,0.06890724708853524,0
1595630131.2881513,149.2056631032557,0.06890724708853524,0
1595630131.2981522,151.00583304801887,0.06890724708853524,0
1595630131.308144,152.804372209701,0.06890724708853524,0
1595630131.318141,154.60381259361213,0.06890724708853524,0
1595630131.328148,156.40505542198127,0.06890724708853524,0
1595630131.3381557,158.20646991172737,0.06890724708853524,0
1595630131.3481536,160.00608195701545,0.06890724708853524,0
1595630131.3581445,161.80444945732063,0.06890724708853524,0
1595630131.3681383,163.60333194175666,0.06890724708853524,0
1595630131.3781505,165.40551890769905,0.06890724708853524,0
1595630131.3881469,167.2048734609217,0.06890724708853524,0
1595630131.398147,169.00491465965217,0.06890724708853524,0
1595630131.4081519,170.80577124992317,0.06890724708853524,0
1595630131.4181473,172.60495414176887,0.06890724708853524,0
1595630131.4281511,174.40563907066291,0.06890724708853524,0
1595630131.4381545,176.20623816886848,0.06890724708853524,0
1595630131.4481547,178.00627936759895,0.06890724708853524,0
1595630131.4581473,179.8049472753138,0.06890724708853524,0
1595630131.4681478,181.6050313893885,0.06890724708853524,0
1595630131.478153,183.40597381034797,0.06890724708853524,0
1595630131.4881473,185.20494212547248,0.06890724708853524,0
1595630131.4981468,187.00485457817024,0.06890724708853524,0
1595630131.5081534,188.80605449119514,0.06890724708853524,0
1595630131.5181532,190.60600985923713,0.06890724708853524,0
1595630131.5281522,192.4058364812464,0.06890724708853524,0
1595630131.538141,194.20381774345344,0.06890724708853524,0
1595630131.5481372,196.00312938133186,0.06890724708853524,0
1595630131.5581434,197.80424346366829,0.06890724708853524,0
1595630131.568153,199.60595836082405,0.06890724708853524,0
1595630131.578138,201.4032958928675,0.06890724708853524,0
1595630131.588144,203.2043670598597,0.06890724708853524,0
1595630131.5981479,205.00505198875373,0.06890724708853524,0
1595630131.6081505,206.8055223409266,0.06890724708853524,0
1595630131.6181426,208.60410441795295,0.06890724708853524,0
1595630131.6281526,210.4059051457972,0.06890724708853524,0
1595630131.6381388,212.2034143392176,0.06890724708853524,0
1595630131.648147,214.00491465965217,0.06890724708853524,0
1595630131.658146,215.8046983663172,0.06890724708853524,0
1595630131.6681454,217.60461081901497,0.06890724708853524,0
1595630131.6781518,219.40576781669563,0.06890724708853524,0
1595630131.6881466,221.20482196250862,0.06890724708853524,0
1595630131.6981544,223.0062364522547,0.06890724708853524,0
1595630131.708147,224.80490435996956,0.06890724708853524,0
1595630131.7181556,226.60644759574836,0.06890724708853524,0
1595630131.7281406,228.40374221244758,0.06890724708853524,0
1595630131.7381387,230.2033971730799,0.06890724708853524,0
1595630131.7481458,232.00468291679329,0.06890724708853524,0
1595630131.7581508,233.80558242240852,0.06890724708853524,0
1595630131.7681372,235.60313453117317,0.06890724708853524,0
1595630131.7781498,237.40540732780403,0.06890724708853524,0
1595630131.7881389,239.2034315053553,0.06890724708853524,0
1595630131.798155,241.00634803214973,0.06890724708853524,0
1595630131.8081393,242.80351390281623,0.06890724708853524,0
1595630131.8181531,244.60600127616829,0.06890724708853524,0
1595630131.8281507,246.40557040611213,0.06890724708853524,0
1595630131.838148,248.20509662071174,0.06890724708853524,0
1595630131.8481545,250.0062536183924,0.06890724708853524,0
1595630131.858145,251.8045352880091,0.06890724708853524,0
1595630131.8681433,253.60423316398567,0.06890724708853524,0
1595630131.8781524,255.40586223045295,0.06890724708853524,0
1595630131.8881369,257.2030710164637,0.06890724708853524,0
1595630131.8981469,259.00487174430793,0.06890724708853524,0
1595630131.9081461,260.80474128166145,0.06890724708853524,0
1595630131.918146,262.60469664970344,0.06890724708853524,0
1595630131.9281518,264.40576781669563,0.06890724708853524,0
1595630131.9381368,266.20306243339485,0.06890724708853524,0
1595630131.948137,268.0031036321253,0.06890724708853524,0
1595630131.9581468,269.8048614446253,0.06890724708853524,0
1595630131.9681392,271.6034864369959,0.06890724708853524,0
1595630131.9781415,273.40391387382454,0.06890724708853524,0
1595630131.9881492,275.2052854482264,0.06890724708853524,0
1595630131.9981537,277.00609912315315,0.06890724708853524,0
1595630132.0081418,278.80395163932747,0.06890724708853524,0
1595630132.0181458,280.60467948356575,0.06890724708853524,0
1595630132.0281415,282.4039052907557,0.06890724708853524,0
1595630132.0381513,284.2056631032557,0.06890724708853524,0
1595630132.0481427,286.00411643424934,0.06890724708853524,0
1595630132.0581453,287.8045867864222,0.06890724708853524,0
1595630132.0681508,289.6055721227259,0.06890724708853524,0
1595630132.0781496,291.40535582939094,0.06890724708853524,0
1595630132.0881398,293.2035945836634,0.06890724708853524,0
1595630132.0981452,295.0045799199671,0.06890724708853524,0
1595630132.108149,296.80526484886116,0.06890724708853524,0
1595630132.1181536,298.6060785237879,0.06890724708853524,0
1595630132.128138,300.40328730979866,0.06890724708853524,0
1595630132.1381547,302.20628966728157,0.06890724708853524,0
1595630132.1481488,304.00521506706184,0.06890724708853524,0
1595630132.1581378,305.8032392446131,0.06890724708853524,0
1595630132.1681497,307.60538329521125,0.06890724708853524,0
1595630132.1781368,309.4030641500086,0.06890724708853524,0
1595630132.1881528,311.2059377614588,0.06890724708853524,0
1595630132.1981518,313.0057643834681,0.06890724708853524,0
1595630132.2081447,314.8044752065272,0.06890724708853524,0
1595630132.2181368,316.60305728355354,0.06890724708853524,0
1595630132.228151,318.40563048759407,0.06890724708853524,0
1595630132.2381423,320.2040409032435,0.06890724708853524,0
1595630132.2481515,322.005712885055,0.06890724708853524,0
1595630132.2581432,323.8042091313929,0.06890724708853524,0
1595630132.2681463,325.6047653142542,0.06890724708853524,0
1595630132.2781408,327.403776544723,0.06890724708853524,0
1595630132.2881515,329.2057060185999,0.06890724708853524,0
1595630132.2981412,331.0038589421839,0.06890724708853524,0
1595630132.3081386,332.8033851567835,0.06890724708853524,0
1595630132.3181417,334.60394133964485,0.06890724708853524,0
1595630132.328148,336.4050554219813,0.06890724708853524,0
1595630132.3381531,338.20599784294075,0.06890724708853524,0
1595630132.3481371,340.003120798263,0.06890724708853524,0
1595630132.3581367,341.80303325096077,0.06890724708853524,0
1595630132.3681526,343.60590686241096,0.06890724708853524,0
1595630132.3781471,345.4049180928797,0.06890724708853524,0
1595630132.3881533,347.20603217521614,0.06890724708853524,0
1595630132.398151,349.00560130516,0.06890724708853524,0
1595630132.4081523,350.80585708061164,0.06890724708853524,0
1595630132.4181376,352.6031946126551,0.06890724708853524,0
1595630132.4281511,354.4056390706629,0.06890724708853524,0
1595630132.4381456,356.20465030113166,0.06890724708853524,0
1595630132.4481442,358.00439109245247,0.06890724708853524,0
1595630132.458154,359.80614890495247,0.06890724708853524,0
1595630132.459233,360,0.06890724708853524,1
1595630132.459233,0,0,0
1595630132.4692397,16.4393830578261,0.08132323969333999,0
1595630132.479245,18.24032547878557,0.08132323969333999,0
1595630132.489251,20.04139664577776,0.08132323969333999,0
1595630132.4992416,21.839721230738697,0.08132323969333999,0
1595630132.5092435,23.640062836878833,0.08132323969333999,0
1595630132.5192363,25.438773659937915,0.08132323969333999,0
1595630132.5292459,27.240488557093677,0.08132323969333999,0
1595630132.539248,29.040873078578052,0.08132323969333999,0
1595630132.5492368,30.838854340785083,0.08132323969333999,0
1595630132.55924,32.63945343899065,0.08132323969333999,0
1595630132.5692475,34.44078209804827,0.08132323969333999,0
1595630132.5792515,36.24150994228655,0.08132323969333999,0
1595630132.5892422,38.039834527247486,0.08132323969333999,0
1595630132.5992503,39.84129193233782,0.08132323969333999,0
1595630132.6092494,41.641118554347095,0.08132323969333999,0
1595630132.6192374,43.43897107052141,0.08132323969333999,0
1595630132.6292498,45.24120095180803,0.08132323969333999,0
1595630132.6392412,47.039654282801685,0.08132323969333999,0
1595630132.6492443,48.84021046566301,0.08132323969333999,0
1595630132.659239,50.639264611476,0.08132323969333999,0
1595630132.669242,52.43977787899309,0.08132323969333999,0
1595630132.6792371,54.238917855494556,0.08132323969333999,0
1595630132.6892352,56.03857281612688,0.08132323969333999,0
1595630132.699234,57.83835652279192,0.08132323969333999,0
1595630132.7092423,59.63985684322649,0.08132323969333999,0
1595630132.7192397,61.4393830578261,0.08132323969333999,0
1595630132.7292445,63.240239648097095,0.08132323969333999,0
1595630132.7392497,65.04118206905657,0.08132323969333999,0
1595630132.7492497,66.8411803524428,0.08132323969333999,0
1595630132.7592404,68.63950493740374,0.08132323969333999,0
1595630132.7692382,70.43911698269183,0.08132323969333999,0
1595630132.7792447,72.24027398037249,0.08132323969333999,0
1595630132.7892494,74.04113057064349,0.08132323969333999,0
1595630132.799238,75.83906891750628,0.08132323969333999,0
1595630132.8092475,77.64078381466204,0.08132323969333999,0
1595630132.8192503,79.44129708217913,0.08132323969333999,0
1595630132.8292499,81.24120953487689,0.08132323969333999,0
1595630132.8392334,83.03824665951068,0.08132323969333999,0
1595630132.8492448,84.84030487942034,0.08132323969333999,0
1595630132.8592358,86.63867237972552,0.08132323969333999,0
1595630132.8692396,88.43935730861956,0.08132323969333999,0
1595630132.879241,90.23961308407122,0.08132323969333999,0
1595630132.889244,92.04016926693255,0.08132323969333999,0
1595630132.899242,93.83978131222064,0.08132323969333999,0
1595630132.9092448,95.64029457973773,0.08132323969333999,0
1595630132.9192348,97.43849041866595,0.08132323969333999,0
1595630132.9292467,99.2406344692641,0.08132323969333999,0
1595630132.9339333,100.08422139095599,0.08132323969333999,0
1595630132.9339333,100.08422139095599,0.08132323969333999,0
1595630132.9392471,101.0407185833388,0.08132323969333999,0
1595630132.9492376,102.8390002529555,0.08132323969333999,0
1595630132.959236,104.63869812893206,0.08132323969333999,0
1595630132.9692485,106.44097092556292,0.08132323969333999,0
1595630132.979241,108.23959591793353,0.08132323969333999,0
1595630132.9892426,110.03989460872943,0.08132323969333999,0
1595630132.9992342,111.83839085506732,0.08132323969333999,0
1595630133.0092344,113.63843205379779,0.08132323969333999,0
1595630133.0192387,115.4392028133803,0.08132323969333999,0
1595630133.0292444,117.24023106502825,0.08132323969333999,0
1595630133.0392358,119.0386843960219,0.08132323969333999,0
1595630133.0492446,120.84027054714495,0.08132323969333999,0
1595630133.059238,122.63906720089251,0.08132323969333999,0
1595630133.0692465,124.44061043667132,0.08132323969333999,0
1595630133.079236,126.23872044491107,0.08132323969333999,0
1595630133.089233,128.03816082882219,0.08132323969333999,0
1595630133.0992463,129.84056237148576,0.08132323969333999,0
1595630133.109248,131.64086106228166,0.08132323969333999,0
1595630133.1192358,133.43867066311174,0.08132323969333999,0
1595630133.1292338,135.23832562374406,0.08132323969333999,0
1595630133.1392405,137.03952553676896,0.08132323969333999,0
1595630133.1492367,138.83883717464738,0.08132323969333999,0
1595630133.159251,140.6414103786879,0.08132323969333999,0
1595630133.1692417,142.43973496364885,0.08132323969333999,0
1595630133.1792452,144.24037697719865,0.08132323969333999,0
1595630133.1892488,146.04101899074846,0.08132323969333999,0
1595630133.1992364,147.8387856762343,0.08132323969333999,0
1595630133.2092488,149.64101555752092,0.08132323969333999,0
1595630133.2192326,151.43809559749894,0.08132323969333999,0
1595630133.2292395,153.23933842586808,0.08132323969333999,0
1595630133.2392406,155.0395512859755,0.08132323969333999,0
1595630133.2492478,156.84083702968888,0.08132323969333999,0
1595630133.259236,158.63873246120744,0.08132323969333999,0
1595630133.269251,160.44143441128068,0.08132323969333999,0
1595630133.279233,162.2381711285048,0.08132323969333999,0
1595630133.289233,164.03816941189103,0.08132323969333999,0
1595630133.299243,165.83997013973527,0.08132323969333999,0
1595630133.3092446,167.64026883053117,0.08132323969333999,0
1595630133.3192334,169.4382500927382,0.08132323969333999,0
1595630133.329247,171.240694550746,0.08132323969333999,0
1595630133.3392353,173.03858998226457,0.08132323969333999,0
1595630133.3492332,174.83820202755265,0.08132323969333999,0
1595630133.3592417,176.63974526333146,0.08132323969333999,0
1595630133.369243,178.43995812343888,0.08132323969333999,0
1595630133.3792462,180.24055722164448,0.08132323969333999,0
1595630133.3892355,182.03862431454,0.08132323969333999,0
1595630133.3992443,183.84021046566303,0.08132323969333999,0
1595630133.4092357,185.6386637966567,0.08132323969333999,0
1595630133.41924,187.4394345562392,0.08132323969333999,0
1595630133.429241,189.2396045010024,0.08132323969333999,0
1595630133.4392347,191.03848698543842,0.08132323969333999,0
1595630133.449246,192.84050229000385,0.08132323969333999,0
1595630133.459248,194.64088681148823,0.08132323969333999,0
1595630133.4692442,196.44019844936665,0.08132323969333999,0
1595630133.4792492,198.24109795498188,0.08132323969333999,0
1595630133.4892485,200.0409674923354,0.08132323969333999,0
1595630133.49925,201.84122326778706,0.08132323969333999,0
1595630133.5092502,203.64126446651753,0.08132323969333999,0
1595630133.5192356,205.43864491390522,0.08132323969333999,0
1595630133.529244,207.2401452343398,0.08132323969333999,0
1595630133.5392418,209.03975727962788,0.08132323969333999,0
1595630133.5492504,210.8413005154067,0.08132323969333999,0
1595630133.5592334,212.638251809352,0.08132323969333999,0
1595630133.5692399,214.43940880703266,0.08132323969333999,0
1595630133.57925,216.24125245022114,0.08132323969333999,0
1595630133.5892506,218.04133656429585,0.08132323969333999,0
1595630133.5992424,219.83987572597798,0.08132323969333999,0
1595630133.6092498,221.6412043850356,0.08132323969333999,0
1595630133.6192324,223.43806984829243,0.08132323969333999,0
1595630133.6292381,225.23909809994038,0.08132323969333999,0
1595630133.6392412,227.0396542828017,0.08132323969333999,0
1595630133.6492457,228.84046795772846,0.08132323969333999,0
1595630133.6592484,230.64093830990132,0.08132323969333999,0
1595630133.6692357,232.43866208004292,0.08132323969333999,0
1595630133.6792345,234.23844578670796,0.08132323969333999,0
1595630133.6892464,236.0405898373061,0.08132323969333999,0
1595630133.6992488,237.8410172741347,0.08132323969333999,0
1595630133.709246,239.64050057339009,0.08132323969333999,0
1595630133.7192342,241.43839600490864,0.08132323969333999,0
1595630133.7292356,243.2386517803603,0.08132323969333999,0
1595630133.7392368,245.03886464046772,0.08132323969333999,0
1595630133.7492464,246.84057953762348,0.08132323969333999,0
1595630133.7592442,248.64019158291157,0.08132323969333999,0
1595630133.7692363,250.43877365993794,0.08132323969333999,0
1595630133.779235,252.23851445125874,0.08132323969333999,0
1595630133.7892337,254.03829815792378,0.08132323969333999,0
1595630133.7992318,255.8379531185561,0.08132323969333999,0
1595630133.8092484,257.64095547603904,0.08132323969333999,0
1595630133.8192403,259.43949463772117,0.08132323969333999,0
1595630133.8292375,261.23897793697654,0.08132323969333999,0
1595630133.8392427,263.039920357936,0.08132323969333999,0
1595630133.8492506,264.8413348476821,0.08132323969333999,0
1595630133.8592327,266.63811448025047,0.08132323969333999,0
1595630133.869248,268.44085934566795,0.08132323969333999,0
1595630133.8792388,270.2392268459731,0.08132323969333999,0
1595630133.8892403,272.0394826214248,0.08132323969333999,0
1595630133.8992472,273.8407254497939,0.08132323969333999,0
1595630133.909237,275.6388783733779,0.08132323969333999,0
1595630133.9192498,277.441194085353,0.08132323969333999,0
1595630133.929249,279.2410636227065,0.08132323969333999,0
1595630133.9392455,281.0404181759292,0.08132323969333999,0
1595630133.949246,282.8405022900039,0.08132323969333999,0
1595630133.9592478,284.640843896144,0.08132323969333999,0
1595630133.969233,286.4381814281875,0.08132323969333999,0
1595630133.9792461,288.2405400555068,0.08132323969333999,0
1595630133.9892414,290.0396800320083,0.08132323969333999,0
1595630133.999232,291.8380046169692,0.08132323969333999,0
1595630134.0092356,293.638646630519,0.08132323969333999,0
1595630134.0192327,295.4381299297744,0.08132323969333999,0
1595630134.0292494,297.2411322872573,0.08132323969333999,0
1595630134.0392406,299.0395427029067,0.08132323969333999,0
1595630134.0492435,300.8400559704238,0.08132323969333999,0
1595630134.059241,302.63962510036765,0.08132323969333999,0
1595630134.0692434,304.44005253719627,0.08132323969333999,0
1595630134.0792356,306.23863461422263,0.08132323969333999,0
1595630134.089238,308.03906205105125,0.08132323969333999,0
1595630134.099233,309.8381591122085,0.08132323969333999,0
1595630134.10924,311.63944485592185,0.08132323969333999,0
1595630134.119245,313.4403443615371,0.08132323969333999,0
1595630134.1292372,315.23892643856345,0.08132323969333999,0
1595630134.139232,317.03798058437644,0.08132323969333999,0
1595630134.1492455,318.84042504238425,0.08132323969333999,0
1595630134.1592407,320.6395650188857,0.08132323969333999,0
1595630134.1692379,322.4390483181411,0.08132323969333999,0
1595630134.1792345,324.238445786708,0.08132323969333999,0
1595630134.1892502,326.04127648281394,0.08132323969333999,0
1595630134.1992326,327.83809903072654,0.08132323969333999,0
1595630134.2092319,329.63796856808005,0.08132323969333999,0
1595630134.2192447,331.44028428005515,0.08132323969333999,0
1595630134.2292461,333.2405400555068,0.08132323969333999,0
1595630134.2392437,335.04010918545066,0.08132323969333999,0
1595630134.2492473,336.84075119900047,0.08132323969333999,0
1595630134.2592428,338.63993409084617,0.08132323969333999,0
1595630134.269233,340.43817284511863,0.08132323969333999,0
1595630134.279239,342.2392440121108,0.08132323969333999,0
1595630134.2892475,344.0407872478896,0.08132323969333999,0
1595630134.2992437,345.84009888576804,0.08132323969333999,0
1595630134.3092434,347.64005425381004,0.08132323969333999,0
1595630134.319239,349.43923714565574,0.08132323969333999,0
1595630134.3292375,351.23897793697654,0.08132323969333999,0
1595630134.3392377,353.039019135707,0.08132323969333999,0
1595630134.349245,354.8403477947646,0.08132323969333999,0
1595630134.3592422,356.63983109402,0.08132323969333999,0
1595630134.3692458,358.4404731075698,0.08132323969333999,0
1595630134.3779256,360,0.08132323969333999,1
1595630134.3779256,0,0,0
1595630134.3879435,18.46323546663712,0.09255565851351677,0
1595630134.3979266,20.26018676058243,0.09255565851351677,0
1595630134.4079256,22.06001338259171,0.09255565851351677,0
1595630134.417941,23.862801163353428,0.09255565851351677,0
1595630134.4279318,25.661125748314365,0.09255565851351677,0
1595630134.4379284,27.46052321688126,0.09255565851351677,0
1595630134.447944,29.26331099764298,0.09255565851351677,0
1595630134.4579356,31.06180724398087,0.09255565851351677,0
1595630134.46793,32.86081847444962,0.09255565851351677,0
1595630134.4779356,34.661803810753334,0.09255565851351677,0
1595630134.4879324,36.46124419466447,0.09255565851351677,0
1595630134.4979386,38.26235827700089,0.09255565851351677,0
1595630134.507932,40.06115493074845,0.09255565851351677,0
1595630134.517927,41.86025199190568,0.09255565851351677,0
1595630134.5279417,43.66291102663468,0.09255565851351677,0
1595630134.5379412,45.462823479332435,0.09255565851351677,0
1595630134.547939,47.26243552462052,0.09255565851351677,0
1595630134.5579438,49.06329211489152,0.09255565851351677,0
1595630134.5679421,50.86298999086808,0.09255565851351677,0
1595630134.577944,52.66333159700822,0.09255565851351677,0
1595630134.5879295,54.46071204439591,0.09255565851351677,0
1595630134.5979369,56.26204070345353,0.09255565851351677,0
1595630134.607933,58.06135234133195,0.09255565851351677,0
1595630134.617935,59.861693947472084,0.09255565851351677,0
1595630134.6279314,61.66104850069474,0.09255565851351677,0
1595630134.6379416,63.46289214388322,0.09255565851351677,0
1595630134.6479406,65.26271876589249,0.09255565851351677,0
1595630134.6579278,67.06039962068985,0.09255565851351677,0
1595630134.6679292,68.86065539614151,0.09255565851351677,0
1595630134.6779325,70.66125449434708,0.09255565851351677,0
1595630134.687941,72.46279773012589,0.09255565851351677,0
1595630134.6979373,74.2621093680043,0.09255565851351677,0
1595630134.7079322,76.06120642916153,0.09255565851351677,0
1595630134.717935,77.86171969667862,0.09255565851351677,0
1595630134.7279267,79.66021594301651,0.09255565851351677,0
1595630134.7379308,81.46094378725479,0.09255565851351677,0
1595630134.7479427,83.26308783785294,0.09255565851351677,0
1595630134.757941,85.0627857138295,0.09255565851351677,0
1595630134.7627845,85.93461093203018,0.09255565851351677,0
1595630134.7627845,85.93461093203018,0.09255565851351677,0
1595630134.7679303,86.860852806725,0.09255565851351677,0
1595630134.777942,88.66295394197891,0.09255565851351677,0
1595630134.7879438,90.46329554811905,0.09255565851351677,0
1595630134.7979345,92.26162013307999,0.09255565851351677,0
1595630134.8079293,94.06067427889298,0.09255565851351677,0
1595630134.8179336,95.8614450384755,0.09255565851351677,0
1595630134.8279374,97.66212996736954,0.09255565851351677,0
1595630134.837932,99.46118411318253,0.09255565851351677,0
1595630134.8479428,101.26311358705948,0.09255565851351677,0
1595630134.8579273,103.06032237307022,0.09255565851351677,0
1595630134.867932,104.86117896334122,0.09255565851351677,0
1595630134.877942,106.66297969118546,0.09255565851351677,0
1595630134.8879344,108.46160468355606,0.09255565851351677,0
1595630134.8979437,110.26327666536758,0.09255565851351677,0
1595630134.9079282,112.06048545137833,0.09255565851351677,0
1595630134.9179292,113.86065539614151,0.09255565851351677,0
1595630134.9279342,115.66155490175674,0.09255565851351677,0
1595630134.9379401,117.46262606874893,0.09255565851351677,0
1595630134.9479256,119.26000651613663,0.09255565851351677,0
1595630134.9579303,121.06086310640762,0.09255565851351677,0
1595630134.9679425,122.86305007235,0.09255565851351677,0
1595630134.9779274,124.66034468904923,0.09255565851351677,0
1595630134.9879386,126.46235999361465,0.09255565851351677,0
1595630134.9979436,128.2632594992299,0.09255565851351677,0
1595630135.0079355,130.06179866091202,0.09255565851351677,0
1595630135.0179293,131.86068114534805,0.09255565851351677,0
1595630135.0279307,133.6609369207997,0.09255565851351677,0
1595630135.0379298,135.460763542809,0.09255565851351677,0
1595630135.0479298,137.26076182619522,0.09255565851351677,0
1595630135.0579255,139.05998763338516,0.09255565851351677,0
1595630135.0679286,140.8605438162465,0.09255565851351677,0
1595630135.0779364,142.66195830599258,0.09255565851351677,0
1595630135.0879319,144.4611411978383,0.09255565851351677,0
1595630135.0979426,146.26307067171524,0.09255565851351677,0
1595630135.1079354,148.06178149477432,0.09255565851351677,0
1595630135.1179252,149.8599344183583,0.09255565851351677,0
1595630135.1279373,151.6621213843007,0.09255565851351677,0
1595630135.1379392,153.46246299044083,0.09255565851351677,0
1595630135.147942,155.26297625795792,0.09255565851351677,0
1595630135.1579428,157.06310328737686,0.09255565851351677,0
1595630135.167931,158.86099871889542,0.09255565851351677,0
1595630135.1779318,160.66112574831436,0.09255565851351677,0
1595630135.1879396,162.46254023806046,0.09255565851351677,0
1595630135.1979384,164.2623239447255,0.09255565851351677,0
1595630135.207934,166.0615068365712,0.09255565851351677,0
1595630135.2179306,167.8609043051381,0.09255565851351677,0
1595630135.227927,169.66025885836075,0.09255565851351677,0
1595630135.2379344,171.46158751741837,0.09255565851351677,0
1595630135.2479255,173.25999793306778,0.09255565851351677,0
1595630135.2579265,175.06016787783096,0.09255565851351677,0
1595630135.2679355,176.86179694429825,0.09255565851351677,0
1595630135.2779346,178.66162356630753,0.09255565851351677,0
1595630135.2879272,180.46029147402237,0.09255565851351677,0
1595630135.2979412,182.26282176271866,0.09255565851351677,0
1595630135.3079305,184.06088885561417,0.09255565851351677,0
1595630135.317939,185.86243209139298,0.09255565851351677,0
1595630135.3279397,187.66255912081192,0.09255565851351677,0
1595630135.3379288,189.4605832983632,0.09255565851351677,0
1595630135.3479426,191.26307067171524,0.09255565851351677,0
1595630135.357939,193.0624252249379,0.09255565851351677,0
1595630135.3679252,194.8599344183583,0.09255565851351677,0
1595630135.3779435,196.66323718325089,0.09255565851351677,0
1595630135.387931,198.46100386873673,0.09255565851351677,0
1595630135.397931,200.26100215212296,0.09255565851351677,0
1595630135.407926,202.06009921328018,0.09255565851351677,0
1595630135.417932,203.86117038027237,0.09255565851351677,0
1595630135.4279432,205.6631856848378,0.09255565851351677,0
1595630135.4379349,207.4616819311757,0.09255565851351677,0
1595630135.447938,209.26223811403702,0.09255565851351677,0
1595630135.4579375,211.06215056673477,0.09255565851351677,0
1595630135.4679365,212.86197718874405,0.09255565851351677,0
1595630135.4779375,214.66214713350723,0.09255565851351677,0
1595630135.4879284,216.4605146338124,0.09255565851351677,0
1595630135.497933,218.26132830873917,0.09255565851351677,0
1595630135.5079312,220.06102618471573,0.09255565851351677,0
1595630135.517933,221.86132487551163,0.09255565851351677,0
1595630135.5279343,223.6615806509633,0.09255565851351677,0
1595630135.537925,225.45990523592423,0.09255565851351677,0
1595630135.547926,227.2600751806874,0.09255565851351677,0
1595630135.5579326,229.0612750937123,0.09255565851351677,0
1595630135.5679274,230.8603292395253,0.09255565851351677,0
1595630135.5779388,232.66238745943497,0.09255565851351677,0
1595630135.5879276,234.460368721642,0.09255565851351677,0
1595630135.5979297,236.26075324312637,0.09255565851351677,0
1595630135.6079266,238.0601936270375,0.09255565851351677,0
1595630135.6179273,239.86032065645645,0.09255565851351677,0
1595630135.6279328,241.66130599276016,0.09255565851351677,0
1595630135.637937,243.46207675234268,0.09255565851351677,0
1595630135.647942,245.26297625795792,0.09255565851351677,0
1595630135.6579387,247.0623737265248,0.09255565851351677,0
1595630135.6679265,248.8601833273549,0.09255565851351677,0
1595630135.6779332,250.6613832403798,0.09255565851351677,0
1595630135.6879292,252.46065196291397,0.09255565851351677,0
1595630135.697936,254.2618947912831,0.09255565851351677,0
1595630135.7079284,256.0605197836537,0.09255565851351677,0
1595630135.7179415,257.86287841097305,0.09255565851351677,0
1595630135.727925,259.65991553560684,0.09255565851351677,0
1595630135.7379391,261.46244582430313,0.09255565851351677,0
1595630135.7479324,263.2612424780507,0.09255565851351677,0
1595630135.7579305,265.060897438683,0.09255565851351677,0
1595630135.76793,266.86080989138077,0.09255565851351677,0
1595630135.777942,268.6629539419789,0.09255565851351677,0
1595630135.787937,270.46205100313614,0.09255565851351677,0
1595630135.7979364,272.2619634558339,0.09255565851351677,0
1595630135.8079247,274.05985888735245,0.09255565851351677,0
1595630135.8179286,275.8605438162465,0.09255565851351677,0
1595630135.8279316,277.6610999991078,0.09255565851351677,0
1595630135.8379393,279.4624715735097,0.09255565851351677,0
1595630135.8479283,281.26049575106094,0.09255565851351677,0
1595630135.8579292,283.0606656958241,0.09255565851351677,0
1595630135.8679266,284.86019191042374,0.09255565851351677,0
1595630135.8779244,286.6598039557118,0.09255565851351677,0
1595630135.8879426,288.46306380526016,0.09255565851351677,0
1595630135.8979418,290.2629333426137,0.09255565851351677,0
1595630135.9079344,292.0616012503285,0.09255565851351677,0
1595630135.9179392,293.8624578405995,0.09255565851351677,0
1595630135.9279363,295.6619411398549,0.09255565851351677,0
1595630135.9379268,297.4602228094716,0.09255565851351677,0
1595630135.947932,299.26116523043106,0.09255565851351677,0
1595630135.9579365,301.0619789053578,0.09255565851351677,0
1595630135.9679406,302.8627067495961,0.09255565851351677,0
1595630135.9779408,304.66274794832657,0.09255565851351677,0
1595630135.9879396,306.4625316549916,0.09255565851351677,0
1595630135.9979274,308.2603412558217,0.09255565851351677,0
1595630136.007927,310.06025370851944,0.09255565851351677,0
1595630136.0179334,311.8614107062001,0.09255565851351677,0
1595630136.0279424,313.6630397726674,0.09255565851351677,0
1595630136.0379336,315.4614501883168,0.09255565851351677,0
1595630136.0479405,317.26269301668594,0.09255565851351677,0
1595630136.057938,319.0622621466298,0.09255565851351677,0
1595630136.0679348,320.8616596151967,0.09255565851351677,0
1595630136.077936,322.6618724753041,0.09255565851351677,0
1595630136.0879278,324.46041163698624,0.09255565851351677,0
1595630136.0979354,326.2617832113881,0.09255565851351677,0
1595630136.1079276,328.06036528841446,0.09255565851351677,0
1595630136.1179402,329.8626380850453,0.09255565851351677,0
1595630136.1279387,331.6623788763661,0.09255565851351677,0
1595630136.1379383,333.4622913290639,0.09255565851351677,0
1595630136.1479301,335.260830490746,0.09255565851351677,0
1595630136.1579425,337.0630603720326,0.09255565851351677,0
1595630136.1679337,338.86147078768204,0.09255565851351677,0
1595630136.1779373,340.66211280123184,0.09255565851351677,0
1595630136.1879306,342.4609094549794,0.09255565851351677,0
1595630136.1979308,344.26095065370987,0.09255565851351677,0
1595630136.2079406,346.06270846620987,0.09255565851351677,0
1595630136.217935,347.8617196966786,0.09255565851351677,0
1595630136.227934,349.66150340334366,0.09255565851351677,0
1595630136.2379324,351.46124419466446,0.09255565851351677,0
1595630136.2479243,353.2597833563466,0.09255565851351677,0
1595630136.257935,355.06171283022354,0.09255565851351677,0
1595630136.2679305,356.86089572206924,0.09255565851351677,0
1595630136.2779312,358.6610227514882,0.09255565851351677,0
1595630136.2853765,360,0.09255565851351677,1
1595630136.2853765,0,0,0
1595630136.2953935,20.199058100765082,0.10220007126632186,0
1595630136.305381,21.996824786250922,0.10220007126632186,0
1595630136.3153908,23.798582598750922,0.10220007126632186,0
1595630136.3253946,25.599267527644965,0.10220007126632186,0
1595630136.3353884,27.398150012081,0.10220007126632186,0
1595630136.345394,29.19913534838471,0.10220007126632186,0
1595630136.3553798,30.996601626460883,0.10220007126632186,0
1595630136.365392,32.79878859240327,0.10220007126632186,0
1595630136.3753796,34.59655527788911,0.10220007126632186,0
1595630136.3853877,36.39801268297944,0.10220007126632186,0
1595630136.395384,38.1973672362021,0.10220007126632186,0
1595630136.4053812,39.99685053545747,0.10220007126632186,0
1595630136.4153867,41.79783587176118,0.10220007126632186,0
1595630136.4253893,43.59830622393403,0.10220007126632186,0
1595630136.4353878,45.39804701525483,0.10220007126632186,0
1595630136.4453952,47.19937567431245,0.10220007126632186,0
1595630136.4553769,48.99606947619233,0.10220007126632186,0
1595630136.465387,50.79791311938081,0.10220007126632186,0
1595630136.475388,52.59808306414399,0.10220007126632186,0
1595630136.4853828,54.39713720995698,0.10220007126632186,0
1595630136.4953802,56.19666342455659,0.10220007126632186,0
1595630136.5053833,57.99721960741792,0.10220007126632186,0
1595630136.515393,59.79897741991792,0.10220007126632186,0
1595630136.5253763,61.59597162920747,0.10220007126632186,0
1595630136.5353854,63.397600695674754,0.10220007126632186,0
1595630136.5453928,65.19892935473237,0.10220007126632186,0
1595630136.5553832,66.99721102434907,0.10220007126632186,0
1595630136.559124,67.6705527754477,0.10220007126632186,0
1595630136.559124,67.6705527754477,0.10220007126632186,0
1595630136.5653775,68.79617933947358,0.10220007126632186,0
1595630136.5753882,70.59810881335054,0.10220007126632186,0
1595630136.5853772,72.3961329909018,0.10220007126632186,0
1595630136.5953772,74.19613127428804,0.10220007126632186,0
1595630136.6053946,75.99926237780366,0.10220007126632186,0
1595630136.6153808,77.79677157122407,0.10220007126632186,0
1595630136.625378,79.59625487047944,0.10220007126632186,0
1595630136.635387,81.39788393694673,0.10220007126632186,0
1595630136.6453831,83.19719557482514,0.10220007126632186,0
1595630136.655393,84.99895338732514,0.10220007126632186,0
1595630136.665388,86.79809336382661,0.10220007126632186,0
1595630136.6753845,88.59744791704927,0.10220007126632186,0
1595630136.685392,90.39877657610687,0.10220007126632186,0
1595630136.695391,92.19860319811615,0.10220007126632186,0
1595630136.7053857,93.99765734392913,0.10220007126632186,0
1595630136.715388,95.79808478075775,0.10220007126632186,0
1595630136.7253783,97.59632353503021,0.10220007126632186,0
1595630136.735379,99.39645056444915,0.10220007126632186,0
1595630136.7453842,101.19739298540863,0.10220007126632186,0
1595630136.7553833,102.9972196074179,0.10220007126632186,0
1595630136.7653906,104.79854826647552,0.10220007126632186,0
1595630136.7753804,106.5967011900595,0.10220007126632186,0
1595630136.7853765,108.39601282793792,0.10220007126632186,0
1595630136.795387,110.19789938647064,0.10220007126632186,0
1595630136.805377,111.99609522539886,0.10220007126632186,0
1595630136.8153796,113.79656557757171,0.10220007126632186,0
1595630136.8253865,115.59780840594085,0.10220007126632186,0
1595630136.8353803,117.39669089037689,0.10220007126632186,0
1595630136.845387,119.19789080340179,0.10220007126632186,0
1595630136.8553925,120.9988761397055,0.10220007126632186,0
1595630136.8653917,122.79874567705902,0.10220007126632186,0
1595630136.8753936,124.59908728319915,0.10220007126632186,0
1595630136.8853827,126.39711146075042,0.10220007126632186,0
1595630136.8953838,128.19732432085786,0.10220007126632186,0
1595630136.9053879,129.99805216509614,0.10220007126632186,0
1595630136.915379,131.79646258074555,0.10220007126632186,0
1595630136.9253898,133.5983920546225,0.10220007126632186,0
1595630136.9353771,135.3961158247641,0.10220007126632186,0
1595630136.9453797,137.19658617693696,0.10220007126632186,0
1595630136.9553795,138.99654154497895,0.10220007126632186,0
1595630136.965377,140.7961106749228,0.10220007126632186,0
1595630136.9753897,142.59838347155366,0.10220007126632186,0
1595630136.9853778,144.39623598772798,0.10220007126632186,0
1595630136.9953818,146.19696383196626,0.10220007126632186,0
1595630137.005384,147.99734835345063,0.10220007126632186,0
1595630137.0153873,149.7979474516562,0.10220007126632186,0
1595630137.0253797,151.5965724440268,0.10220007126632186,0
1595630137.0353942,153.39918856341157,0.10220007126632186,0
1595630137.0453863,155.19777064043794,0.10220007126632186,0
1595630137.055382,156.99699644762788,0.10220007126632186,0
1595630137.0653932,158.7990117521933,0.10220007126632186,0
1595630137.0753927,160.59892420489106,0.10220007126632186,0
1595630137.0853772,162.3961329909018,0.10220007126632186,0
1595630137.0953927,164.19892077166352,0.10220007126632186,0
1595630137.1053827,165.99711661059175,0.10220007126632186,0
1595630137.115389,167.7982736082724,0.10220007126632186,0
1595630137.1253808,169.5967698546103,0.10220007126632186,0
1595630137.1353931,171.39899973589692,0.10220007126632186,0
1595630137.1453795,173.19655184466157,0.10220007126632186,0
1595630137.1553884,174.99813799578462,0.10220007126632186,0
1595630137.1653771,176.79611925799165,0.10220007126632186,0
1595630137.1753778,178.5962462874106,0.10220007126632186,0
1595630137.1853886,180.39817576128755,0.10220007126632186,0
1595630137.1953807,182.1967578383139,0.10220007126632186,0
1595630137.2053835,183.997271105831,0.10220007126632186,0
1595630137.2153778,185.79623942095552,0.10220007126632186,0
1595630137.225389,187.59825472552095,0.10220007126632186,0
1595630137.2353783,189.39632181841645,0.10220007126632186,0
1595630137.2453868,191.19786505419526,0.10220007126632186,0
1595630137.2553828,192.99713377672944,0.10220007126632186,0
1595630137.2653806,194.79674582201753,0.10220007126632186,0
1595630137.275383,196.59717325884614,0.10220007126632186,0
1595630137.2853909,198.39858774859223,0.10220007126632186,0
1595630137.2953901,200.19845728594575,0.10220007126632186,0
1595630137.3053837,201.99729685503755,0.10220007126632186,0
1595630137.315379,203.796436831539,0.10220007126632186,0
1595630137.3253837,205.59729342181,0.10220007126632186,0
1595630137.3353865,207.3978066893271,0.10220007126632186,0
1595630137.3453784,209.19634585100923,0.10220007126632186,0
1595630137.355379,210.99647288042817,0.10220007126632186,0
1595630137.3653932,212.79900316912446,0.10220007126632186,0
1595630137.3753815,214.59689860064302,0.10220007126632186,0
1595630137.3853924,216.3988709898642,0.10220007126632186,0
1595630137.3953905,218.19852595049653,0.10220007126632186,0
1595630137.4053779,219.99624972063813,0.10220007126632186,0
1595630137.4153862,221.7977500410727,0.10220007126632186,0
1595630137.425392,223.59877829272065,0.10220007126632186,0
1595630137.4353857,225.3976607771567,0.10220007126632186,0
1595630137.4453824,227.19705824572358,0.10220007126632186,0
1595630137.455382,228.99701361376557,0.10220007126632186,0
1595630137.4653895,230.7983422728232,0.10220007126632186,0
1595630137.4753852,232.59756808001313,0.10220007126632186,0
1595630137.485378,234.39627890307221,0.10220007126632186,0
1595630137.4953783,236.19632010180268,0.10220007126632186,0
1595630137.50538,237.99661879259858,0.10220007126632186,0
1595630137.5153935,239.7990632506064,0.10220007126632186,0
1595630137.5253758,241.595885798519,0.10220007126632186,0
1595630137.5353928,243.39893107134614,0.10220007126632186,0
1595630137.5453923,245.1988435240439,0.10220007126632186,0
1595630137.5553784,246.9963527174643,0.10220007126632186,0
1595630137.5653875,248.7979817839316,0.10220007126632186,0
1595630137.5753894,250.59832339007173,0.10220007126632186,0
1595630137.585389,252.39823584276948,0.10220007126632186,0
1595630137.5953896,254.19836287218843,0.10220007126632186,0
1595630137.6053925,255.99887613970552,0.10220007126632186,0
1595630137.61538,257.7966428251913,0.10220007126632186,0
1595630137.6253848,259.5974994154623,0.10220007126632186,0
1595630137.6353872,261.39792685229094,0.10220007126632186,0
1595630137.6453805,263.1967235060385,0.10220007126632186,0
1595630137.6553938,264.99912504870207,0.10220007126632186,0
1595630137.6653817,266.79693464953215,0.10220007126632186,0
