Timestamp,Phase,Offset,Ping?
1595628350.0000982,59.940000000000005,0,0
1595628350.0101187,61.74145740509034,0.333,0
1595628350.0201106,63.539996566772466,0.333,0
1595628350.03013,65.34347099304199,0.333,0
1595628350.0401154,67.14085144042969,0.333,0
1595628350.0501237,68.94235176086426,0.333,0
1595628350.060111,70.74007553100586,0.333,0
1595628350.0701168,72.5411037826538,0.333,0
1595628350.0801294,74.34337657928467,0.333,0
1595628350.0901248,76.14255947113037,0.333,0
1595628350.1001246,77.94251483917236,0.333,0
1595628350.1101139,79.74058193206787,0.333,0
1595628350.1201155,81.54088062286377,0.333,0
1595628350.1301157,83.34092182159424,0.333,0
1595628350.1401196,85.14160675048828,0.333,0
1595628350.1501176,86.9412617111206,0.333,0
1595628350.160116,88.74095958709717,0.333,0
1595628350.1701272,90.5429748916626,0.333,0
1595628350.18012,92.34168571472168,0.333,0
1595628350.1901264,94.14284271240234,0.333,0
1595628350.2001288,95.94327014923095,0.333,0
1595628350.2101219,97.74202388763428,0.333,0
1595628350.220117,99.54116386413574,0.333,0
1595628350.230127,101.34296459197998,0.333,0
1595628350.2401106,103.14000171661377,0.333,0
1595628350.2501128,104.94038623809814,0.333,0
1595628350.2601292,106.74334568023681,0.333,0
1595628350.2701252,108.542614402771,0.333,0
1595628350.2801206,110.3417972946167,0.333,0
1595628350.2901125,112.14033645629883,0.333,0
1595628350.3001232,113.94226593017578,0.333,0
1595628350.3101177,115.74127716064453,0.333,0
1595628350.3201156,117.54088920593261,0.333,0
1595628350.3301213,119.34191745758056,0.333,0
1595628350.3401227,121.14217323303222,0.333,0
1595628350.3482752,122.60962051391601,0.333,0
1595628350.3482752,135.7614264254569,0.4060655883974495,0
1595628350.3501225,136.09393451261514,0.4060655883974495,0
1595628350.360124,137.89423320341103,0.4060655883974495,0
1595628350.3701162,139.6928152804374,0.4060655883974495,0
1595628350.3801253,141.4944443469047,0.4060655883974495,0
1595628350.3901107,143.29182479429238,0.4060655883974495,0
1595628350.400122,145.0938400988578,0.4060655883974495,0
1595628350.41012,146.89349505949014,0.4060655883974495,0
1595628350.4201117,148.69199130582803,0.4060655883974495,0
1595628350.4301238,150.4941782717704,0.4060655883974495,0
1595628350.44012,152.29348990964883,0.4060655883974495,0
1595628350.4501195,154.09340236234658,0.4060655883974495,0
1595628350.4601116,155.89198443937295,0.4060655883974495,0
1595628350.470114,157.69241187620156,0.4060655883974495,0
1595628350.4801214,159.49374053525918,0.4060655883974495,0
1595628350.4901145,161.2924942736625,0.4060655883974495,0
1595628350.5001242,163.0942520861625,0.4060655883974495,0
1595628350.5101185,164.893220401287,0.4060655883974495,0
1595628350.5201163,166.6928324465751,0.4060655883974495,0
1595628350.5301282,168.49497649717324,0.4060655883974495,0
1595628350.5401206,170.29360148954385,0.4060655883974495,0
1595628350.550124,172.0942005877494,0.4060655883974495,0
1595628350.5601199,173.8934693102836,0.4060655883974495,0
1595628350.5701156,175.69269511747353,0.4060655883974495,0
1595628350.5801175,177.49303672361367,0.4060655883974495,0
1595628350.590116,179.29277751493447,0.4060655883974495,0
1595628350.6001105,181.09178874540322,0.4060655883974495,0
1595628350.6101272,182.89479110288613,0.4060655883974495,0
1595628350.6201167,184.69290111112588,0.4060655883974495,0
1595628350.6301274,186.49483058500283,0.4060655883974495,0
1595628350.6401217,188.29379890012734,0.4060655883974495,0
1595628350.6501195,190.09341094541543,0.4060655883974495,0
1595628350.6601155,191.8926796679496,0.4060655883974495,0
1595628350.6701193,193.69336459684365,0.4060655883974495,0
1595628350.68012,195.4934916262626,0.4060655883974495,0
1595628350.6901238,197.29417655515664,0.4060655883974495,0
1595628350.7001228,199.09400317716592,0.4060655883974495,0
1595628350.7101128,200.89219901609414,0.4060655883974495,0
1595628350.72011,202.6916823153495,0.4060655883974495,0
1595628350.730124,204.4942126040458,0.4060655883974495,0
1595628350.7401175,206.2930521731376,0.4060655883974495,0
1595628350.7501261,208.0945954089164,0.4060655883974495,0
1595628350.7601242,209.89425036954873,0.4060655883974495,0
1595628350.7701159,211.69274661588662,0.4060655883974495,0
1595628350.7801218,213.4938177828788,0.4060655883974495,0
1595628350.7901287,215.29506061124795,0.4060655883974495,0
1595628350.8001182,217.0931706194877,0.4060655883974495,0
1595628350.8101122,218.89209601926797,0.4060655883974495,0
1595628350.8201125,220.69213721799844,0.4060655883974495,0
1595628350.8301234,222.49410960721963,0.4060655883974495,0
1595628350.8401263,224.29462287473672,0.4060655883974495,0
1595628350.8501265,226.0946640734672,0.4060655883974495,0
1595628350.8601277,227.8948769335746,0.4060655883974495,0
1595628350.8701205,229.6935877566337,0.4060655883974495,0
1595628350.8801098,231.4916548495292,0.4060655883974495,0
1595628350.8901253,233.29444263029092,0.4060655883974495,0
1595628350.9001272,235.09478423643105,0.4060655883974495,0
1595628350.9101105,236.8917784457206,0.4060655883974495,0
1595628350.9201128,238.69220588254922,0.4060655883974495,0
1595628350.9301233,240.49409244108193,0.4060655883974495,0
1595628350.9401147,242.29254577207558,0.4060655883974495,0
1595628350.9501107,244.09181449460976,0.4060655883974495,0
1595628350.9601102,245.89172694730752,0.4060655883974495,0
1595628350.9701226,247.69395682859414,0.4060655883974495,0
1595628350.9801202,249.493525958538,0.4060655883974495,0
1595628350.9901125,251.2921509509086,0.4060655883974495,0
1595628351.0001256,253.09450957822793,0.4060655883974495,0
1595628351.010128,254.89493701505654,0.4060655883974495,0
1595628351.0201187,256.6932616000175,0.4060655883974495,0
1595628351.0301218,258.4938177828788,0.4060655883974495,0
1595628351.0401127,260.292185283184,0.4060655883974495,0
1595628351.0501096,262.0916256670951,0.4060655883974495,0
1595628351.0601277,263.89488551664346,0.4060655883974495,0
1595628351.0701199,265.6934675936698,0.4060655883974495,0
1595628351.0801263,267.4946245913505,0.4060655883974495,0
1595628351.0901258,269.29453704404824,0.4060655883974495,0
1595628351.1001153,271.092647052288,0.4060655883974495,0
1595628351.110115,272.89260242033,0.4060655883974495,0
1595628351.120119,274.69333026456826,0.4060655883974495,0
1595628351.13012,276.49350020933144,0.4060655883974495,0
1595628351.140112,278.2920393710136,0.4060655883974495,0
1595628351.150113,280.092252231121,0.4060655883974495,0
1595628351.1601117,281.8919930224418,0.4060655883974495,0
1595628351.1701179,283.6931071047782,0.4060655883974495,0
1595628351.1801162,285.4928049807548,0.4060655883974495,0
1595628351.1901135,287.2923311953544,0.4060655883974495,0
1595628351.2001212,289.09370276975625,0.4060655883974495,0
1595628351.2101204,290.89357230710976,0.4060655883974495,0
1595628351.2201223,292.6939139132499,0.4060655883974495,0
1595628351.2301102,294.49172351408,0.4060655883974495,0
1595628351.2401154,296.29266593503945,0.4060655883974495,0
1595628351.250121,298.0936941866874,0.4060655883974495,0
1595628351.2601097,299.8916325335502,0.4060655883974495,0
1595628351.270112,301.6920599703788,0.4060655883974495,0
1595628351.2801106,303.4918007616996,0.4060655883974495,0
1595628351.2901108,305.2918419604301,0.4060655883974495,0
1595628351.3001113,307.0919260745048,0.4060655883974495,0
1595628351.3101244,308.8942847018241,0.4060655883974495,0
1595628351.3201165,310.6928667788505,0.4060655883974495,0
1595628351.3301249,312.49436709928506,0.4060655883974495,0
1595628351.3401105,314.291790462017,0.4060655883974495,0
1595628351.3501117,316.0920033221244,0.4060655883974495,0
1595628351.360128,317.89491984891885,0.4060655883974495,0
1595628351.3701124,319.6921286349296,0.4060655883974495,0
1595628351.3801157,321.49272773313515,0.4060655883974495,0
1595628351.390112,323.2920393710136,0.4060655883974495,0
1595628351.4001114,325.0919518237113,0.4060655883974495,0
1595628351.4101264,326.89465377378457,0.4060655883974495,0
1595628351.420128,328.69495246458047,0.4060655883974495,0
1595628351.4301276,330.4948649172782,0.4060655883974495,0
1595628351.4401252,332.29443404722207,0.4060655883974495,0
1595628351.4501255,334.09447524595254,0.4060655883974495,0
1595628351.4601128,335.89219901609414,0.4060655883974495,0
1595628351.4701126,337.69215438413613,0.4060655883974495,0
1595628351.4801106,339.49180934476846,0.4060655883974495,0
1595628351.4901204,341.29356715726846,0.4060655883974495,0
1595628351.5001147,343.09253547239297,0.4060655883974495,0
1595628351.5101228,344.8939928774833,0.4060655883974495,0
1595628351.5201132,346.6922745471,0.4060655883974495,0
1595628351.530114,348.49240157651894,0.4060655883974495,0
1595628351.5401108,350.2918419604301,0.4060655883974495,0
1595628351.550126,352.09458682584756,0.4060655883974495,0
1595628351.5601141,353.8924393420219,0.4060655883974495,0
1595628351.5701215,355.6937680010795,0.4060655883974495,0
1595628351.5801244,357.4942812685966,0.4060655883974495,0
1595628351.5901113,359.2919192080497,0.4060655883974495,0
1595628351.594055,360,0.4060655883974495,1
1595628351.594055,0,0,0
1595628351.6040595,1.8008136749267578,0,0
1595628351.6140554,3.6000823974609375,0,0
1595628351.6240654,5.401883125305176,0,0
1595628351.634065,7.20179557800293,0,0
1595628351.6440604,9.000978469848633,0,0
1595628351.6540613,10.801148414611816,0,0
1595628351.6640635,12.601532936096191,0,0
1595628351.674061,14.401102066040039,0,0
1595628351.6840699,16.202688217163086,0,0
1595628351.6940718,18.003029823303223,0,0
1595628351.7040596,19.8008394241333,0,0
1595628351.7140698,21.602683067321777,0,0
1595628351.7240622,23.401308059692383,0,0
1595628351.7340662,25.202035903930664,0,0
1595628351.7440681,27.0023775100708,0,0
1595628351.754069,28.802547454833984,0,0
1595628351.7640579,30.600528717041016,0,0
1595628351.7740738,32.40340232849121,0,0
1595628351.7840738,34.20340061187744,0,0
1595628351.794058,36.000566482543945,0,0
1595628351.804071,37.80288219451904,0,0
1595628351.8140616,39.60120677947998,0,0
1595628351.824061,41.401076316833496,0,0
1595628351.8340652,43.201847076416016,0,0
1595628351.8440561,45.00021457672119,0,0
1595628351.8540678,46.8023157119751,0,0
1595628351.8640604,48.60098361968994,0,0
1595628351.874058,50.40055274963379,0,0
1595628351.8840592,52.20076560974121,0,0
1595628351.8940551,54.00003433227539,0,0
1595628351.9040735,55.80333709716797,0,0
1595628351.9140685,57.602434158325195,0,0
1595628351.924062,59.40127372741699,0,0
1595628351.934067,61.20217323303223,0,0
1595628351.944062,63.00127029418945,0,0
1595628351.9540567,64.80032444000244,0,0
1595628351.964064,66.60161018371582,0,0
1595628351.9740596,68.40083599090576,0,0
1595628351.984058,70.20053386688232,0,0
1595628351.994065,72.0018196105957,0,0
1595628352.0040703,73.80276203155518,0,0
1595628352.0140643,75.60168743133545,0,0
1595628352.024067,77.4021577835083,0,0
1595628352.0340636,79.2015552520752,0,0
1595628352.044072,81.00305557250977,0,0
1595628352.05407,82.80271053314209,0,0
1595628352.0640724,84.6031379699707,0,0
1595628352.0740697,86.40266418457031,0,0
1595628352.084064,88.20163249969482,0,0
1595628352.0940704,90.00278949737549,0,0
1595628352.1040645,91.80171489715576,0,0
1595628352.1140583,93.6005973815918,0,0
1595628352.1240575,95.40046691894531,0,0
1595628352.1340673,97.20222473144531,0,0
1595628352.1440582,99.00059223175049,0,0
1595628352.1540716,100.80299377441406,0,0
1595628352.1640704,102.6027774810791,0,0
1595628352.1740725,104.40316200256348,0,0
1595628352.1840682,106.20238780975342,0,0
1595628352.194063,108.0014419555664,0,0
1595628352.204056,109.80019569396973,0,0
1595628352.2140548,111.59997940063477,0,0
1595628352.2146301,111.70353412628174,0,0
1595628352.2146301,123.70833691982283,0.06669334885300604,0
1595628352.2240586,125.4054671230699,0.06669334885300604,0
1595628352.234066,127.20679578212751,0.06669334885300604,0
1595628352.2440693,129.00739488033307,0.06669334885300604,0
1595628352.254067,130.80696401027691,0.06669334885300604,0
1595628352.2640586,132.6054602566148,0.06669334885300604,0
1595628352.2740612,134.40593060878766,0.06669334885300604,0
1595628352.2840629,136.20622929958355,0.06669334885300604,0
1595628352.2940724,138.00794419673932,0.06669334885300604,0
1595628352.3040702,139.8075562420274,0.06669334885300604,0
1595628352.3140597,141.60566625026715,0.06669334885300604,0
1595628352.3240643,143.4064799251939,0.06669334885300604,0
1595628352.334056,145.2049761715318,0.06669334885300604,0
1595628352.3440554,147.00488862422955,0.06669334885300604,0
1595628352.3540716,148.80780515102398,0.06669334885300604,0
1595628352.3640625,150.60617265132916,0.06669334885300604,0
1595628352.3740683,152.4072009029771,0.06669334885300604,0
1595628352.3840697,154.20745667842877,0.06669334885300604,0
1595628352.394061,156.00591000942242,0.06669334885300604,0
1595628352.4040596,157.80565080074322,0.06669334885300604,0
1595628352.4140637,159.6063786449815,0.06669334885300604,0
1595628352.4240649,161.40659150508893,0.06669334885300604,0
1595628352.4340734,163.20813474086773,0.06669334885300604,0
1595628352.444063,165.00624474910748,0.06669334885300604,0
1595628352.4540617,166.80602845577252,0.06669334885300604,0
1595628352.4640698,168.60748586086285,0.06669334885300604,0
1595628352.4740689,170.40731248287213,0.06669334885300604,0
1595628352.4840653,172.20666703609479,0.06669334885300604,0
1595628352.4940636,174.00636491207135,0.06669334885300604,0
1595628352.5040712,175.8077364864732,0.06669334885300604,0
1595628352.5140727,177.60799226192486,0.06669334885300604,0
1595628352.5240672,179.4070034923936,0.06669334885300604,0
1595628352.5340667,181.20691594509137,0.06669334885300604,0
1595628352.5440624,183.0061417522813,0.06669334885300604,0
1595628352.5540671,184.8069983425523,0.06669334885300604,0
1595628352.5640702,186.60755452541363,0.06669334885300604,0
1595628352.5740674,188.407037824669,0.06669334885300604,0
1595628352.58407,190.20750817684186,0.06669334885300604,0
1595628352.5940616,192.00600442317975,0.06669334885300604,0
1595628352.604067,193.80698975948346,0.06669334885300604,0
1595628352.6140692,195.60737428096783,0.06669334885300604,0
1595628352.6240585,197.40544137386334,0.06669334885300604,0
1595628352.6340578,199.20531091121686,0.06669334885300604,0
1595628352.6440701,201.00754079250348,0.06669334885300604,0
1595628352.6540544,202.80470666316998,0.06669334885300604,0
1595628352.6640644,204.60650739101422,0.06669334885300604,0
1595628352.6740646,206.4065485897447,0.06669334885300604,0
1595628352.6840596,208.20564565090191,0.06669334885300604,0
1595628352.6940649,210.0065880718614,0.06669334885300604,0
1595628352.7040615,211.80598554042828,0.06669334885300604,0
1595628352.7140732,213.6080866756822,0.06669334885300604,0
1595628352.7240567,215.40512380031598,0.06669334885300604,0
1595628352.7340577,217.20529374507916,0.06669334885300604,0
1595628352.7440715,219.0077811184312,0.06669334885300604,0
1595628352.754055,220.804818243065,0.06669334885300604,0
1595628352.764069,222.6073485317613,0.06669334885300604,0
1595628352.7740564,224.4050723019029,0.06669334885300604,0
1595628352.7840543,226.20468434719098,0.06669334885300604,0
1595628352.7940707,228.00764378932965,0.06669334885300604,0
1595628352.8040562,229.80502423671734,0.06669334885300604,0
1595628352.8140583,231.60540875820172,0.06669334885300604,0
1595628352.8240716,233.4078103008653,0.06669334885300604,0
1595628352.8340545,235.20471867946637,0.06669334885300604,0
1595628352.8440642,237.00647649196637,0.06669334885300604,0
1595628352.8540611,238.8059168758775,0.06669334885300604,0
1595628352.8640614,240.60595807460797,0.06669334885300604,0
1595628352.8740685,242.40724381832135,0.06669334885300604,0
1595628352.8840537,244.2045813503648,0.06669334885300604,0
1595628352.894066,246.00681123165143,0.06669334885300604,0
1595628352.9040573,247.80522164730084,0.06669334885300604,0
1595628352.914068,249.6071511211778,0.06669334885300604,0
1595628352.9240682,251.40719231990826,0.06669334885300604,0
1595628352.9340568,253.20513066677105,0.06669334885300604,0
1595628352.944068,255.00714597133648,0.06669334885300604,0
1595628352.9540603,256.80577096370706,0.06669334885300604,0
1595628352.9640574,258.60525426296243,0.06669334885300604,0
1595628352.9740713,260.4077416363145,0.06669334885300604,0
1595628352.9840677,262.20709618953714,0.06669334885300604,0
1595628352.9940677,264.00709447292337,0.06669334885300604,0
1595628353.0040689,265.8073073330308,0.06669334885300604,0
1595628353.0140624,267.6061469021226,0.06669334885300604,0
1595628353.0240624,269.4061451855088,0.06669334885300604,0
1595628353.034064,271.2064438763047,0.06669334885300604,0
1595628353.0440593,273.0055838528062,0.06669334885300604,0
1595628353.0540695,274.80742749599466,0.06669334885300604,0
1595628353.064054,276.6046362820054,0.06669334885300604,0
1595628353.0740619,278.4060507717515,0.06669334885300604,0
1595628353.0840626,280.20617780117044,0.06669334885300604,0
1595628353.094065,282.00660523799905,0.06669334885300604,0
1595628353.1040606,283.805831045189,0.06669334885300604,0
1595628353.1140673,285.6070309582139,0.06669334885300604,0
1595628353.1240692,287.40737256435403,0.06669334885300604,0
1595628353.1340683,289.2071991863633,0.06669334885300604,0
1595628353.1440551,291.00483712581644,0.06669334885300604,0
1595628353.1540723,292.8079253139878,0.06669334885300604,0
1595628353.1640642,294.60646447566995,0.06669334885300604,0
1595628353.174072,296.40787896541605,0.06669334885300604,0
1595628353.18407,298.20753392604837,0.06669334885300604,0
1595628353.1940563,300.0050431194688,0.06669334885300604,0
1595628353.2040634,301.80632886318216,0.06669334885300604,0
1595628353.214062,303.60606965450296,0.06669334885300604,0
1595628353.2240546,305.4047375622178,0.06669334885300604,0
1595628353.2340646,307.20653829006204,0.06669334885300604,0
1595628353.244061,309.0058928432847,0.06669334885300604,0
1595628353.2540717,310.80782231716165,0.06669334885300604,0
1595628353.2640557,312.6049452724839,0.06669334885300604,0
1595628353.27407,314.40751847652444,0.06669334885300604,0
1595628353.2840717,316.20781716732034,0.06669334885300604,0
1595628353.2940578,318.00532636074075,0.06669334885300604,0
1595628353.3040674,319.8070412578965,0.06669334885300604,0
1595628353.3140562,321.60502252010355,0.06669334885300604,0
1595628353.3240573,323.40523538021097,0.06669334885300604,0
1595628353.3340533,325.20450410274515,0.06669334885300604,0
1595628353.3440664,327.0068627300645,0.06669334885300604,0
1595628353.3540614,328.8059597912217,0.06669334885300604,0
1595628353.3640647,330.6065588894273,0.06669334885300604,0
1595628353.374066,332.40681466487894,0.06669334885300604,0
1595628353.3840716,334.20780000118265,0.06669334885300604,0
1595628353.3940692,336.0073691311265,0.06669334885300604,0
1595628353.4040549,337.80479249385843,0.06669334885300604,0
1595628353.4140677,339.6071082058335,0.06669334885300604,0
1595628353.424054,341.40461739925394,0.06669334885300604,0
1595628353.434061,343.2059031429673,0.06669334885300604,0
1595628353.4440691,345.00736054805765,0.06669334885300604,0
1595628353.4540613,346.805942625084,0.06669334885300604,0
1595628353.4640553,348.6048680248643,0.06669334885300604,0
1595628353.474056,350.40499505428323,0.06669334885300604,0
1595628353.484056,352.20499333766946,0.06669334885300604,0
1595628353.4940681,354.00718030361185,0.06669334885300604,0
1595628353.5040684,355.8072215023423,0.06669334885300604,0
1595628353.5140665,357.60687646297464,0.06669334885300604,0
1595628353.524065,359.40661725429544,0.06669334885300604,0
1595628353.5273745,360,0.06669334885300604,1
1595628353.5273745,0,0,0
1595628353.5373793,1.800856590270996,0,0
1595628353.5473876,3.6023569107055664,0,0
1595628353.5573876,5.402355194091797,0,0
1595628353.5673842,7.201752662658691,0,0
1595628353.577386,9.00205135345459,0,0
1595628353.587375,10.80007553100586,0,0
1595628353.597386,12.60204792022705,0,0
1595628353.6073859,14.402046203613281,0,0
1595628353.6173851,16.201915740966797,0,0
1595628353.6273882,18.002471923828125,0,0
1595628353.6373808,19.80113983154297,0,0
1595628353.647376,21.600279808044434,0,0
1595628353.657379,23.400793075561523,0,0
1595628353.6673853,25.201950073242188,0,0
1595628353.67739,27.002806663513184,0,0
1595628353.6873872,28.802289962768555,0,0
1595628353.6973906,30.60288906097412,0,0
1595628353.707378,32.40061283111572,0,0
1595628353.7173908,34.20292854309082,0,0
1595628353.7273889,36.002583503723145,0,0
1595628353.7373745,37.80000686645508,0,0
1595628353.7473826,39.60146427154541,0,0
1595628353.7573776,41.40056133270264,0,0
1595628353.767392,43.203134536743164,0,0
1595628353.7773817,45.00128746032715,0,0
1595628353.7873807,46.801114082336426,0,0
1595628353.797378,48.600640296936035,0,0
1595628353.807381,50.401153564453125,0,0
1595628353.8173785,52.20072269439697,0,0
1595628353.827389,54.00260925292969,0,0
1595628353.837384,55.801706314086914,0,0
1595628353.8473787,57.6007604598999,0,0
1595628353.8573833,59.40157413482666,0,0
1595628353.8673806,61.20110034942627,0,0
1595628353.877375,63.00006866455078,0,0
1595628353.8873818,64.80131149291992,0,0
1595628353.897388,66.60242557525635,0,0
1595628353.9073918,68.40311050415039,0,0
1595628353.917376,70.2002763748169,0,0
1595628353.9273865,72.00216293334961,0,0
1595628353.9373813,73.8012170791626,0,0
1595628353.947379,75.60082912445068,0,0
1595628353.9573855,77.40198612213135,0,0
1595628353.9673789,79.2007827758789,0,0
1595628353.9773905,81.00288391113281,0,0
1595628353.9873767,82.80039310455322,0,0
1595628353.997381,84.60116386413574,0,0
1595628354.0073822,86.40137672424316,0,0
1595628354.0173872,88.2022762298584,0,0
1595628354.0273755,90.00017166137695,0,0
1595628354.037374,91.79991245269775,0,0
1595628354.0473762,93.60029697418213,0,0
1595628354.0573783,95.4006814956665,0,0
1595628354.067377,97.20046520233154,0,0
1595628354.072241,98.07598114013672,0,0
1595628354.072241,108.64756167500045,0.05873100297146516,0
1595628354.0773876,109.57393229572799,0.05873100297146516,0
1595628354.0873775,111.37212813465621,0.05873100297146516,0
1595628354.097383,113.17311347095992,0.05873100297146516,0
1595628354.1073859,114.97362673847701,0.05873100297146516,0
1595628354.1173933,116.77495539753463,0.05873100297146516,0
1595628354.127377,118.57203543751265,0.05873100297146516,0
1595628354.137377,120.37203372089888,0.05873100297146516,0
1595628354.1473925,122.1748215016606,0.05873100297146516,0
1595628354.1573894,123.97426188557174,0.05873100297146516,0
1595628354.167375,125.77168524830367,0.05873100297146516,0
1595628354.177389,127.57417262165572,0.05873100297146516,0
1595628354.1873825,129.37301219074752,0.05873100297146516,0
1595628354.1973932,131.17494166462447,0.05873100297146516,0
1595628354.2073812,132.9727941807988,0.05873100297146516,0
1595628354.217383,134.77309287159468,0.05873100297146516,0
1595628354.2273834,136.5731769856694,0.05873100297146516,0
1595628354.2373922,138.37476313679244,0.05873100297146516,0
1595628354.2473798,140.17252982227828,0.05873100297146516,0
1595628354.2573872,141.9738584813359,0.05873100297146516,0
1595628354.2673888,143.7741571721318,0.05873100297146516,0
1595628354.2773921,145.57475627033736,0.05873100297146516,0
1595628354.2873902,147.37441123096968,0.05873100297146516,0
1595628354.297382,149.1729503926518,0.05873100297146516,0
1595628354.307383,150.973120337415,0.05873100297146516,0
1595628354.317374,152.77148783772017,0.05873100297146516,0
1595628354.3273737,154.57144320576217,0.05873100297146516,0
1595628354.3373883,156.37405932514693,0.05873100297146516,0
1595628354.3473887,158.17414343922164,0.05873100297146516,0
1595628354.357376,159.97186720936324,0.05873100297146516,0
1595628354.3673918,161.7746979054692,0.05873100297146516,0
1595628354.377381,163.5727649983647,0.05873100297146516,0
1595628354.3873925,165.37482321827437,0.05873100297146516,0
1595628354.3973904,167.17443526356246,0.05873100297146516,0
1595628354.4073892,168.9742189702275,0.05873100297146516,0
1595628354.4173794,170.77245772449996,0.05873100297146516,0
1595628354.427377,172.5720268544438,0.05873100297146516,0
1595628354.4373763,174.37189639179732,0.05873100297146516,0
1595628354.4473743,176.17155135242965,0.05873100297146516,0
1595628354.4573855,177.97356665699508,0.05873100297146516,0
1595628354.4673812,179.77279246418502,0.05873100297146516,0
1595628354.477391,181.57455027668502,0.05873100297146516,0
1595628354.4873862,183.37369025318648,0.05873100297146516,0
1595628354.497386,185.17364562122847,0.05873100297146516,0
1595628354.5073743,186.97154105274703,0.05873100297146516,0
1595628354.517384,188.77329886524703,0.05873100297146516,0
1595628354.527374,190.57149470417525,0.05873100297146516,0
1595628354.537384,192.3732954320195,0.05873100297146516,0
1595628354.547391,194.17453826038863,0.05873100297146516,0
1595628354.5573843,195.9733349141362,0.05873100297146516,0
1595628354.567384,197.77329028217818,0.05873100297146516,0
1595628354.5773873,199.57388938038375,0.05873100297146516,0
1595628354.5873785,201.37229979603316,0.05873100297146516,0
1595628354.5973847,203.1734138783696,0.05873100297146516,0
1595628354.6073773,204.97208178608443,0.05873100297146516,0
1595628354.6173856,206.773582106519,0.05873100297146516,0
1595628354.6273756,208.57177794544722,0.05873100297146516,0
1595628354.6373863,210.37370741932418,0.05873100297146516,0
1595628354.6473844,212.1733623799565,0.05873100297146516,0
1595628354.6573758,213.97181571095015,0.05873100297146516,0
1595628354.667375,215.77168524830367,0.05873100297146516,0
1595628354.6773922,217.57477343647506,0.05873100297146516,0
1595628354.6873837,219.3732267674687,0.05873100297146516,0
1595628354.697374,221.1715084370854,0.05873100297146516,0
1595628354.7073774,222.97210753529097,0.05873100297146516,0
1595628354.7173824,224.7730070409062,0.05873100297146516,0
1595628354.7273762,226.57188952534224,0.05873100297146516,0
1595628354.737391,228.37454856007125,0.05873100297146516,0
1595628354.7473903,230.17441809742476,0.05873100297146516,0
1595628354.7573843,231.97334349720504,0.05873100297146516,0
1595628354.7673879,233.77398551075484,0.05873100297146516,0
1595628354.7773912,235.5745846089604,0.05873100297146516,0
1595628354.7873802,237.37260878651168,0.05873100297146516,0
1595628354.797388,239.17402327625777,0.05873100297146516,0
1595628354.807379,240.97239077656295,0.05873100297146516,0
1595628354.8173742,242.7715307530644,0.05873100297146516,0
1595628354.827386,244.57363188831832,0.05873100297146516,0
1595628354.8373783,246.37225688068892,0.05873100297146516,0
1595628354.8473732,248.17135394184615,0.05873100297146516,0
1595628354.8573804,249.97263968555953,0.05873100297146516,0
1595628354.8673778,251.77216590015914,0.05873100297146516,0
1595628354.877392,253.57473910419967,0.05873100297146516,0
1595628354.88739,255.37435114948775,0.05873100297146516,0
1595628354.897379,257.17237532703905,0.05873100297146516,0
1595628354.9073741,258.9715153035405,0.05873100297146516,0
1595628354.9173756,260.7717710789922,0.05873100297146516,0
1595628354.9273894,262.5742584523442,0.05873100297146516,0
1595628354.937375,264.37168181507616,0.05873100297146516,0
1595628354.9473891,266.17421210377245,0.05873100297146516,0
1595628354.9573746,267.97159255116014,0.05873100297146516,0
1595628354.967386,269.7736507710698,0.05873100297146516,0
1595628354.9773767,271.57197535603075,0.05873100297146516,0
1595628354.9873831,273.3731323537114,0.05873100297146516,0
1595628354.9973764,275.17192900745897,0.05873100297146516,0
1595628355.0073912,276.974588042188,0.05873100297146516,0
1595628355.0173855,278.7735563573125,0.05873100297146516,0
1595628355.0273788,280.57235301106004,0.05873100297146516,0
1595628355.0373814,282.3728233632329,0.05873100297146516,0
1595628355.0473838,284.1732508000615,0.05873100297146516,0
1595628355.057373,285.971317892957,0.05873100297146516,0
1595628355.0673811,287.77277529804735,0.05873100297146516,0
1595628355.077391,289.57453311054735,0.05873100297146516,0
1595628355.0873735,291.3713985738042,0.05873100297146516,0
1595628355.0973876,293.1739288625005,0.05873100297146516,0
1595628355.1073859,294.97362673847704,0.05873100297146516,0
1595628355.117373,296.7713075932744,0.05873100297146516,0
1595628355.127389,298.5741812047246,0.05873100297146516,0
1595628355.1373916,300.37465155689745,0.05873100297146516,0
1595628355.1473832,302.17314780323534,0.05873100297146516,0
1595628355.1573803,303.9726311024907,0.05873100297146516,0
1595628355.1673737,305.77142775623827,0.05873100297146516,0
1595628355.1773832,307.57314265339403,0.05873100297146516,0
1595628355.1873813,309.37279761402635,0.05873100297146516,0
1595628355.1973903,311.17442668049364,0.05873100297146516,0
1595628355.2073872,312.97386706440477,0.05873100297146516,0
1595628355.2173893,314.77425158588915,0.05873100297146516,0
1595628355.2273886,316.57412112324266,0.05873100297146516,0
1595628355.2373786,318.3723169621709,0.05873100297146516,0
1595628355.2473745,320.17158568470506,0.05873100297146516,0
1595628355.2573879,321.97398722736864,0.05873100297146516,0
1595628355.2673883,323.77407134144335,0.05873100297146516,0
1595628355.277378,325.57222426502733,0.05873100297146516,0
1595628355.2873857,327.3735958394292,0.05873100297146516,0
1595628355.2973797,329.17252123920946,0.05873100297146516,0
1595628355.3073907,330.97449362843065,0.05873100297146516,0
1595628355.3173752,332.7717024144414,0.05873100297146516,0
1595628355.3273902,334.57440436451463,0.05873100297146516,0
1595628355.337391,336.3745313939336,0.05873100297146516,0
1595628355.347383,338.17311347095995,0.05873100297146516,0
1595628355.357385,339.9734550771001,0.05873100297146516,0
1595628355.3673763,341.77190840809374,0.05873100297146516,0
1595628355.3773842,343.57332289783983,0.05873100297146516,0
1595628355.387385,345.3734499272588,0.05873100297146516,0
1595628355.3973727,347.17125952808885,0.05873100297146516,0
1595628355.407373,348.9713007268193,0.05873100297146516,0
1595628355.4173796,350.7725006398442,0.05873100297146516,0
1595628355.4273777,352.57215560047655,0.05873100297146516,0
1595628355.4373798,354.3725401219609,0.05873100297146516,0
1595628355.4473848,356.17343962757616,0.05873100297146516,0
1595628355.4573793,357.9724508580449,0.05873100297146516,0
1595628355.4673903,359.7744232472661,0.05873100297146516,0
1595628355.4686582,360,0.05873100297146516,1
1595628355.4686582,0,0,0
1595628355.4786608,1.8004703521728516,0,0
1595628355.4886737,3.602786064147949,0,0
1595628355.4986646,5.401153564453125,0,0
1595628355.5086715,7.202396392822266,0,0
1595628355.51866,9.000334739685059,0,0
1595628355.5286603,10.800375938415527,0,0
1595628355.5386586,12.60007381439209,0,0
1595628355.5486674,14.401659965515137,0,0
1595628355.5586646,16.201143264770508,0,0
1595628355.5686712,18.00234317779541,0,0
1595628355.578677,19.80337142944336,0,0
1595628355.5886655,21.601309776306152,0,0
1595628355.5986624,23.400750160217285,0,0
1595628355.608659,25.20014762878418,0,0
1595628355.6186597,27.000274658203125,0,0
1595628355.6286647,28.80117416381836,0,0
1595628355.6386645,30.60112953186035,0,0
1595628355.648671,32.402286529541016,0,0
1595628355.6586623,34.20073986053467,0,0
1595628355.6686764,36.00327014923096,0,0
1595628355.678664,37.8010368347168,0,0
1595628355.6886706,39.6022367477417,0,0
1595628355.6986725,41.402578353881836,0,0
1595628355.7086678,43.2017183303833,0,0
1595628355.7186713,45.002360343933105,0,0
1595628355.728676,46.8032169342041,0,0
1595628355.7386732,48.60270023345947,0,0
1595628355.7486677,50.40171146392822,0,0
1595628355.7586718,52.202439308166504,0,0
1595628355.768667,54.00157928466797,0,0
1595628355.7786586,55.80007553100586,0,0
1595628355.7886615,57.60058879852295,0,0
1595628355.798672,59.402475357055664,0,0
1595628355.8086689,61.2019157409668,0,0
1595628355.818664,63.00105571746826,0,0
1595628355.8286688,64.80191230773926,0,0
1595628355.838669,66.60195350646973,0,0
1595628355.8486617,68.40062141418457,0,0
1595628355.8586655,70.20130634307861,0,0
1595628355.868672,72.00246334075928,0,0
1595628355.878663,73.80087375640869,0,0
1595628355.8886642,75.60108661651611,0,0
1595628355.8986645,77.40112781524658,0,0
1595628355.9086707,79.20224189758301,0,0
1595628355.918675,81.00301265716553,0,0
1595628355.9235868,81.8871545791626,0,0
1595628355.9235868,90.75614136204116,0.04927214879376984,0
1595628355.9286659,91.67036694034927,0.04927214879376984,0
1595628355.9386601,93.46933525547378,0.04927214879376984,0
1595628355.9486732,95.27169388279312,0.04927214879376984,0
1595628355.9586585,97.06903141483657,0.04927214879376984,0
1595628355.9686694,98.87100380405776,0.04927214879376984,0
1595628355.9786692,100.67095917209976,0.04927214879376984,0
1595628355.988673,102.4716441009938,0.04927214879376984,0
1595628355.9986727,104.27159946903579,0.04927214879376984,0
1595628356.008671,106.07129734501235,0.04927214879376984,0
1595628356.018663,107.86983650669448,0.04927214879376984,0
1595628356.0286622,109.669706044048,0.04927214879376984,0
1595628356.0386674,111.47064846500747,0.04927214879376984,0
1595628356.048663,113.26983135685317,0.04927214879376984,0
1595628356.0586655,115.07030170902603,0.04927214879376984,0
1595628356.0686684,116.87081497654312,0.04927214879376984,0
1595628356.0786607,118.66943996891372,0.04927214879376984,0
1595628356.0886605,120.46939533695571,0.04927214879376984,0
1595628356.0986667,122.27050941929214,0.04927214879376984,0
1595628356.1086671,124.07059353336685,0.04927214879376984,0
1595628356.1186619,125.86964767917983,0.04927214879376984,0
1595628356.1286664,127.67046135410659,0.04927214879376984,0
1595628356.138677,129.47234791263932,0.04927214879376984,0
1595628356.148673,131.27165955051774,0.04927214879376984,0
1595628356.1586742,133.07187241062516,0.04927214879376984,0
1595628356.168663,134.8698536728322,0.04927214879376984,0
1595628356.1786602,136.66933697208756,0.04927214879376984,0
1595628356.1886752,138.4720389221608,0.04927214879376984,0
1595628356.1986654,140.27027767643327,0.04927214879376984,0
1595628356.2086608,142.06946056827897,0.04927214879376984,0
1595628356.2186759,143.8721625183522,0.04927214879376984,0
1595628356.2286754,145.67207497104997,0.04927214879376984,0
1595628356.2386682,147.47078579410905,0.04927214879376984,0
1595628356.24867,149.27112740024918,0.04927214879376984,0
1595628356.2586656,151.0703102920949,0.04927214879376984,0
1595628356.268669,152.87090939030045,0.04927214879376984,0
1595628356.2786658,154.6703497742116,0.04927214879376984,0
1595628356.2886755,156.4721075867116,0.04927214879376984,0
1595628356.298662,158.26965969547624,0.04927214879376984,0
1595628356.3086612,160.06952923282975,0.04927214879376984,0
1595628356.318665,161.8702141617238,0.04927214879376984,0
1595628356.3286717,163.6714140747487,0.04927214879376984,0
1595628356.3386714,165.4713694427907,0.04927214879376984,0
1595628356.348667,167.2705523346364,0.04927214879376984,0
1595628356.3586757,169.07213848575944,0.04927214879376984,0
1595628356.3686678,170.8707205627858,0.04927214879376984,0
1595628356.3786578,172.66891640171403,0.04927214879376984,0
1595628356.3886628,174.46981590732926,0.04927214879376984,0
1595628356.398661,176.2694708679616,0.04927214879376984,0
1595628356.408674,178.07182949528092,0.04927214879376984,0
1595628356.4186652,179.87023991093034,0.04927214879376984,0
1595628356.4286697,181.6710535858571,0.04927214879376984,0
1595628356.4386704,183.47118061527604,0.04927214879376984,0
1595628356.4486578,185.26890438541764,0.04927214879376984,0
1595628356.4586718,187.07143467411393,0.04927214879376984,0
1595628356.4686642,188.87005966648454,0.04927214879376984,0
1595628356.478676,190.67220371708268,0.04927214879376984,0
1595628356.488662,192.46966999515885,0.04927214879376984,0
1595628356.4986675,194.27065533146256,0.04927214879376984,0
1595628356.5086758,196.07215565189713,0.04927214879376984,0
1595628356.5186725,197.87155312046403,0.04927214879376984,0
1595628356.5286674,199.67065018162126,0.04927214879376984,0
1595628356.5386634,201.46991890415543,0.04927214879376984,0
1595628356.548658,203.26893013462418,0.04927214879376984,0
1595628356.5586693,205.07098835453385,0.04927214879376984,0
1595628356.5686574,206.86884087070817,0.04927214879376984,0
1595628356.5786736,208.6717573975026,0.04927214879376984,0
1595628356.5886607,210.46943825229997,0.04927214879376984,0
1595628356.5986736,212.27175396427506,0.04927214879376984,0
1595628356.608676,214.07218140110368,0.04927214879376984,0
1595628356.6186676,215.87067764744157,0.04927214879376984,0
1595628356.628664,217.67003220066422,0.04927214879376984,0
1595628356.6386757,219.47213333591813,0.04927214879376984,0
1595628356.6486712,221.27131622776383,0.04927214879376984,0
1595628356.658661,223.06946915134782,0.04927214879376984,0
1595628356.668669,224.87092655643815,0.04927214879376984,0
1595628356.67866,226.66929405674333,0.04927214879376984,0
1595628356.6886578,228.4689061020314,0.04927214879376984,0
1595628356.6986678,230.27070682987565,0.04927214879376984,0
1595628356.708658,232.0689455841481,0.04927214879376984,0
1595628356.7186716,233.87139004215592,0.04927214879376984,0
1595628356.7286677,235.67070168003434,0.04927214879376984,0
1595628356.738671,237.4713007782399,0.04927214879376984,0
1595628356.748671,239.27129906162614,0.04927214879376984,0
1595628356.758669,241.07091110691422,0.04927214879376984,0
1595628356.7686682,242.87078064426774,0.04927214879376984,0
1595628356.778671,244.67129391178483,0.04927214879376984,0
1595628356.7886615,246.46957558140153,0.04927214879376984,0
1595628356.7986755,248.27210587009782,0.04927214879376984,0
1595628356.8086581,250.06897133335465,0.04927214879376984,0
1595628356.8186636,251.86995666965836,0.04927214879376984,0
1595628356.8286583,253.66901081547135,0.04927214879376984,0
1595628356.8386748,255.47197025761002,0.04927214879376984,0
1595628356.848661,257.26947945103046,0.04927214879376984,0
1595628356.8586714,259.0713660095632,0.04927214879376984,0
1595628356.8686676,260.8706776474416,0.04927214879376984,0
1595628356.8786652,262.67024677738544,0.04927214879376984,0
1595628356.8886733,264.4717041824758,0.04927214879376984,0
1595628356.8986685,266.27084415897724,0.04927214879376984,0
1595628356.9086668,268.0705420349538,0.04927214879376984,0
1595628356.918657,269.86878078922626,0.04927214879376984,0
1595628356.9286616,271.669594464153,0.04927214879376984,0
1595628356.938658,273.4689490173757,0.04927214879376984,0
1595628356.9486735,275.2717367981374,0.04927214879376984,0
1595628356.9586592,277.06916016086933,0.04927214879376984,0
1595628356.968667,278.8705746506154,0.04927214879376984,0
1595628356.9786682,280.67078751072285,0.04927214879376984,0
1595628356.9886572,282.4688116882741,0.04927214879376984,0
1595628356.9986632,284.2698828552663,0.04927214879376984,0
1595628357.0086646,286.07013863071796,0.04927214879376984,0
1595628357.0186663,287.87043732151386,0.04927214879376984,0
1595628357.0286627,289.6697918747365,0.04927214879376984,0
1595628357.0386631,291.4698759888112,0.04927214879376984,0
1595628357.048673,293.2716338013112,0.04927214879376984,0
1595628357.058665,295.0702158783376,0.04927214879376984,0
1595628357.0686731,296.8716732834279,0.04927214879376984,0
1595628357.0786715,298.6713711594045,0.04927214879376984,0
1595628357.0886712,300.4713265274465,0.04927214879376984,0
1595628357.09867,302.2711102341115,0.04927214879376984,0
1595628357.1086571,304.0687910889089,0.04927214879376984,0
1595628357.118675,305.872008023113,0.04927214879376984,0
1595628357.128674,307.67183464512226,0.04927214879376984,0
1595628357.1386707,309.47123211368915,0.04927214879376984,0
1595628357.1486566,311.2686983917653,0.04927214879376984,0
1595628357.1586654,313.0702845428884,0.04927214879376984,0
1595628357.168659,314.86912411198017,0.04927214879376984,0
1595628357.1786618,316.66963737949726,0.04927214879376984,0
1595628357.1886663,318.470451054424,0.04927214879376984,0
1595628357.1986635,320.2699343536794,0.04927214879376984,0
1595628357.2086658,322.070361790508,0.04927214879376984,0
1595628357.2186704,323.87117546543476,0.04927214879376984,0
1595628357.228674,325.67181747898456,0.04927214879376984,0
1595628357.2386703,327.4711720322072,0.04927214879376984,0
1595628357.2486625,329.2697541092336,0.04927214879376984,0
1595628357.2586718,331.0714260910451,0.04927214879376984,0
1595628357.2686741,332.8718535278737,0.04927214879376984,0
1595628357.2786725,334.6715514038503,0.04927214879376984,0
1595628357.2886589,336.46910351261494,0.04927214879376984,0
1595628357.2986674,338.27064674839374,0.04927214879376984,0
1595628357.3086624,340.06974380955097,0.04927214879376984,0
1595628357.3186574,341.8688408707082,0.04927214879376984,0
1595628357.3286593,343.66918247684833,0.04927214879376984,0
1595628357.3386726,345.4715840195119,0.04927214879376984,0
1595628357.3486588,347.2690932129323,0.04927214879376984,0
1595628357.3586586,349.0690485809743,0.04927214879376984,0
1595628357.3686626,350.8697764252126,0.04927214879376984,0
1595628357.3786752,352.67204922184345,0.04927214879376984,0
1595628357.3886616,354.4696013306081,0.04927214879376984,0
1595628357.398659,356.2691275452077,0.04927214879376984,0
1595628357.4086678,358.07071369633076,0.04927214879376984,0
1595628357.418671,359.8712698791921,0.04927214879376984,0
1595628357.4193912,360,0.04927214879376984,1
1595628357.4193912,0,0,0
1595628357.4293942,1.8005561828613281,0,0
1595628357.4393973,3.6011123657226562,0,0
1595628357.4494028,5.402097702026367,0,0
1595628357.4594018,7.2019243240356445,0,0
1595628357.4693968,9.001021385192871,0,0
1595628357.4794059,10.802650451660156,0,0
1595628357.4894059,12.602648735046387,0,0
1595628357.4993985,14.40131664276123,0,0
1595628357.509394,16.200499534606934,0,0
1595628357.5194094,18.003287315368652,0,0
1595628357.5293941,19.800539016723633,0,0
1595628357.5394056,21.6025972366333,0,0
1595628357.5493958,23.40083599090576,0,0
1595628357.5593965,25.200963020324707,0,0
1595628357.5693967,27.001004219055176,0,0
1595628357.5793993,28.801474571228027,0,0
1595628357.5894084,30.603103637695312,0,0
1595628357.5993917,32.40009784698486,0,0
1595628357.6093974,34.20112609863281,0,0
1595628357.61941,36.00339889526367,0,0
1595628357.6293993,37.80146598815918,0,0
1595628357.63941,39.60339546203613,0,0
1595628357.6493952,41.40073299407959,0,0
1595628357.6594048,43.20244789123535,0,0
1595628357.6694098,45.003347396850586,0,0
1595628357.6793964,46.80094242095947,0,0
1595628357.6893992,48.60145568847656,0,0
1595628357.6994064,50.40274143218994,0,0
1595628357.7094057,52.20261096954346,0,0
1595628357.7193935,54.000420570373535,0,0
1595628357.729408,55.8030366897583,0,0
1595628357.739404,57.60230541229248,0,0
1595628357.7494073,59.40290451049805,0,0
1595628357.7594054,61.20255947113037,0,0
1595628357.7636817,61.972289085388184,0,0
1595628357.7636817,68.74681118093349,0.03763623386414061,0
1595628357.769394,69.77501991353847,0.03763623386414061,0
1595628357.7793992,71.57596233449794,0.03763623386414061,0
1595628357.789406,73.37720516286709,0.03763623386414061,0
1595628357.7994053,75.1770747002206,0.03763623386414061,0
1595628357.8094046,76.97694423757412,0.03763623386414061,0
1595628357.8194094,78.77780082784511,0.03763623386414061,0
1595628357.8294067,80.57732704244472,0.03763623386414061,0
1595628357.839399,82.37595203481533,0.03763623386414061,0
1595628357.8493922,84.17470577321865,0.03763623386414061,0
1595628357.859407,85.97736480794765,0.03763623386414061,0
1595628357.8693922,87.77470233999111,0.03763623386414061,0
1595628357.8793986,89.57585933767177,0.03763623386414061,0
1595628357.889393,91.37487056814052,0.03763623386414061,0
1595628357.8993914,93.17456844411709,0.03763623386414061,0
1595628357.9093978,94.97572544179775,0.03763623386414061,0
1595628357.9193926,96.77477958761074,0.03763623386414061,0
1595628357.9294035,98.57675197683193,0.03763623386414061,0
1595628357.9393973,100.37563446126796,0.03763623386414061,0
1595628357.9493985,102.17584732137539,0.03763623386414061,0
1595628357.959393,103.97485855184414,0.03763623386414061,0
1595628357.9694076,105.7774746712289,0.03763623386414061,0
1595628357.979393,107.5748551186166,0.03763623386414061,0
1595628357.989391,109.37451007924892,0.03763623386414061,0
1595628357.9993954,111.17528083883144,0.03763623386414061,0
1595628358.0093951,112.97523620687343,0.03763623386414061,0
1595628358.0194063,114.77725151143886,0.03763623386414061,0
1595628358.0293922,116.57471778951503,0.03763623386414061,0
1595628358.0393999,118.37608936391689,0.03763623386414061,0
1595628358.049409,120.17771843038418,0.03763623386414061,0
1595628358.0593941,121.97505596242763,0.03763623386414061,0
1595628358.069406,123.77720001302578,0.03763623386414061,0
1595628358.079404,125.5768549736581,0.03763623386414061,0
1595628358.0894036,127.37676742635585,0.03763623386414061,0
1595628358.0993965,129.17547824941494,0.03763623386414061,0
1595628358.1094017,130.9764206703744,0.03763623386414061,0
1595628358.1194067,132.77732017598964,0.03763623386414061,0
1595628358.1293986,134.57585933767177,0.03763623386414061,0
1595628358.1393926,136.37478473745205,0.03763623386414061,0
1595628358.1494021,138.1764996346078,0.03763623386414061,0
1595628358.1593926,139.9747813042245,0.03763623386414061,0
1595628358.1693997,141.7760670479379,0.03763623386414061,0
1595628358.1794002,143.5761511620126,0.03763623386414061,0
1595628358.189397,145.37559154592373,0.03763623386414061,0
1595628358.199405,147.17700603566982,0.03763623386414061,0
1595628358.2093935,148.9749443825326,0.03763623386414061,0
1595628358.2193937,150.77498558126308,0.03763623386414061,0
1595628358.2293954,152.57528427205898,0.03763623386414061,0
1595628358.239401,154.37631252370693,0.03763623386414061,0
1595628358.2494032,156.1766970451913,0.03763623386414061,0
1595628358.2593918,157.9746353920541,0.03763623386414061,0
1595628358.2694068,159.77733734212734,0.03763623386414061,0
1595628358.2794068,161.57733562551357,0.03763623386414061,0
1595628358.2894025,163.3765614327035,0.03763623386414061,0
1595628358.299402,165.17647388540126,0.03763623386414061,0
1595628358.3094075,166.97745922170498,0.03763623386414061,0
1595628358.3193915,168.77458217702724,0.03763623386414061,0
1595628358.3294022,170.5765116509042,0.03763623386414061,0
1595628358.3394017,172.37642410360195,0.03763623386414061,0
1595628358.3494053,174.17706611715175,0.03763623386414061,0
1595628358.3594015,175.97637775503017,0.03763623386414061,0
1595628358.3694003,177.7761614616952,0.03763623386414061,0
1595628358.379402,179.5764601524911,0.03763623386414061,0
1595628358.3893917,181.37461307607506,0.03763623386414061,0
1595628358.3993948,183.1751692589364,0.03763623386414061,0
1595628358.4093997,184.97606876455163,0.03763623386414061,0
1595628358.4193954,186.77529457174157,0.03763623386414061,0
1595628358.4293914,188.57456329427575,0.03763623386414061,0
1595628358.4393938,190.37499073110436,0.03763623386414061,0
1595628358.4493928,192.17481735311364,0.03763623386414061,0
1595628358.459393,193.9748585518441,0.03763623386414061,0
1595628358.4693975,195.77567222677087,0.03763623386414061,0
1595628358.4794052,197.57704380117272,0.03763623386414061,0
1595628358.4894056,199.37712791524743,0.03763623386414061,0
1595628358.4993954,201.1752808388314,0.03763623386414061,0
1595628358.5093908,202.97446373067712,0.03763623386414061,0
1595628358.5193942,204.77506282888268,0.03763623386414061,0
1595628358.5294006,206.57621982656335,0.03763623386414061,0
1595628358.5394065,208.37729099355553,0.03763623386414061,0
1595628358.549398,210.17574432454919,0.03763623386414061,0
1595628358.5593932,211.97488430105065,0.03763623386414061,0
1595628358.5693972,213.77561214528893,0.03763623386414061,0
1595628358.579398,215.57573917470788,0.03763623386414061,0
1595628358.589406,217.3771965797982,0.03763623386414061,0
1595628358.5993946,219.175134926661,0.03763623386414061,0
1595628358.6093917,220.97461822591637,0.03763623386414061,0
1595628358.619405,222.77701976857995,0.03763623386414061,0
1595628358.629404,224.57684639058922,0.03763623386414061,0
1595628358.6393943,226.37508514486169,0.03763623386414061,0
1595628358.6493957,228.17534092031335,0.03763623386414061,0
1595628358.6594033,229.9767124947152,0.03763623386414061,0
1595628358.669391,231.77447918020104,0.03763623386414061,0
1595628358.6793919,233.57464912496422,0.03763623386414061,0
1595628358.689405,235.37700775228356,0.03763623386414061,0
1595628358.6994023,237.17653396688317,0.03763623386414061,0
1595628358.7094078,238.97751930318688,0.03763623386414061,0
1595628358.719393,240.77485683523034,0.03763623386414061,0
1595628358.729394,242.57502677999352,0.03763623386414061,0
1595628358.7393982,244.37579753957604,0.03763623386414061,0
1595628358.7494042,246.17686870656823,0.03763623386414061,0
1595628358.7593973,247.97562244497155,0.03763623386414061,0
1595628358.7694054,249.77707985006188,0.03763623386414061,0
1595628358.7794025,251.57656314931725,0.03763623386414061,0
1595628358.7893999,253.37608936391686,0.03763623386414061,0
1595628358.7993968,255.175529747828,0.03763623386414061,0
1595628358.809393,256.97484138570644,0.03763623386414061,0
1595628358.8193982,258.7757838066659,0.03763623386414061,0
1595628358.8294003,260.5761683281503,0.03763623386414061,0
1595628358.8394058,262.377153664454,0.03763623386414061,0
1595628358.8493996,264.17603614889003,0.03763623386414061,0
1595628358.8593981,265.97577694021084,0.03763623386414061,0
1595628358.8694067,267.77732017598964,0.03763623386414061,0
1595628358.8793898,269.57427146993496,0.03763623386414061,0
1595628358.8893938,271.37499931417324,0.03763623386414061,0
1595628358.899397,273.17555549703457,0.03763623386414061,0
1595628358.9093926,274.9747813042245,0.03763623386414061,0
1595628358.9193962,276.7754233177743,0.03763623386414061,0
1595628358.929399,278.5759365852914,0.03763623386414061,0
1595628358.9394062,280.3772223290048,0.03763623386414061,0
1595628358.9494061,282.177220612391,0.03763623386414061,0
1595628358.959393,283.97485855184414,0.03763623386414061,0
1595628358.9694054,285.77708843313076,0.03763623386414061,0
1595628358.9793901,287.57434013448574,0.03763623386414061,0
1595628358.9893975,289.37566879354335,0.03763623386414061,0
1595628358.9994068,291.1773407753549,0.03763623386414061,0
1595628359.0094056,292.9771244820199,0.03763623386414061,0
1595628359.0193992,294.7759640511117,0.03763623386414061,0
1595628359.029397,296.5755760963998,0.03763623386414061,0
1595628359.0393944,298.3751023109994,0.03763623386414061,0
1595628359.0494075,300.17746093831875,0.03763623386414061,0
1595628359.059397,301.9755709465585,0.03763623386414061,0
1595628359.0693977,303.77569797597744,0.03763623386414061,0
1595628359.0793955,305.5753100212655,0.03763623386414061,0
1595628359.0893955,307.37530830465175,0.03763623386414061,0
1595628359.099399,309.17595031820156,0.03763623386414061,0
1595628359.1094067,310.9773218926034,0.03763623386414061,0
1595628359.1193895,312.7742302712045,0.03763623386414061,0
1595628359.1293967,314.57551601491787,0.03763623386414061,0
1595628359.1393948,316.3751709755502,0.03763623386414061,0
1595628359.149405,318.17701461873867,0.03763623386414061,0
1595628359.159396,319.97538211904384,0.03763623386414061,0
1595628359.1693928,321.774822502955,0.03763623386414061,0
1595628359.1793993,323.57597950063564,0.03763623386414061,0
1595628359.1894,325.3761065300546,0.03763623386414061,0
1595628359.199393,327.1748602684579,0.03763623386414061,0
1595628359.2093945,328.97511604390957,0.03763623386414061,0
1595628359.2194068,330.7773459251962,0.03763623386414061,0
1595628359.2293985,332.5758421715341,0.03763623386414061,0
1595628359.2393925,334.37476757131435,0.03763623386414061,0
1595628359.2494051,336.1770403679452,0.03763623386414061,0
1595628359.2593899,337.9742920693002,0.03763623386414061,0
1595628359.2693965,339.7754919823251,0.03763623386414061,0
1595628359.279391,341.57450321279384,0.03763623386414061,0
1595628359.2893958,343.37535980306484,0.03763623386414061,0
1595628359.2993915,345.1745856102548,0.03763623386414061,0
1595628359.3093894,346.97419765554287,0.03763623386414061,0
1595628359.3193963,348.775440483912,0.03763623386414061,0
1595628359.329398,350.5757391747079,0.03763623386414061,0
1595628359.3394048,352.37698200307705,0.03763623386414061,0
1595628359.349403,354.17663696370937,0.03763623386414061,0
1595628359.3594036,355.9767639931283,0.03763623386414061,0
1595628359.3693979,357.7757323082528,0.03763623386414061,0
1595628359.3793917,359.57461479268886,0.03763623386414061,0
1595628359.3817668,360,0.03763623386414061,1
1595628359.3817668,0,0,0
1595628359.3917782,1.802058219909668,0,0
1595628359.401771,3.60076904296875,0,0
1595628359.4117808,5.40252685546875,0,0
1595628359.421773,7.201108932495117,0,0
1595628359.431785,9.0032958984375,0,0
1595628359.4417686,10.800333023071289,0,0
1595628359.451782,12.602734565734863,0,0
1595628359.4617808,14.402518272399902,0,0
1595628359.4717734,16.201186180114746,0,0
1595628359.481781,18.0025577545166,0,0
1595628359.491775,19.801483154296875,0,0
1595628359.501771,21.600751876831055,0,0
1595628359.5117784,23.402080535888672,0,0
1595628359.521767,25.200018882751465,0,0
1595628359.531783,27.0029354095459,0,0
1595628359.5417824,28.802804946899414,0,0
1595628359.5517685,30.600314140319824,0,0
1595628359.561774,32.401299476623535,0,0
1595628359.571777,34.20185565948486,0,0
1595628359.58178,36.00236892700195,0,0
1595628359.5900385,37.48891353607178,0,0
1595628359.5900385,41.688496547504606,0.02333101673018237,0
1595628359.5917711,42.000362354084196,0.02333101673018237,0
1595628359.601771,43.800360637470426,0.02333101673018237,0
1595628359.611783,45.602504688068564,0.02333101673018237,0
1595628359.621771,47.40035720424288,0.02333101673018237,0
1595628359.631784,49.20267291621798,0.02333101673018237,0
1595628359.6417763,51.00129790858858,0.02333101673018237,0
1595628359.6517744,52.80095286922091,0.02333101673018237,0
1595628359.661776,54.601251560016806,0.02333101673018237,0
1595628359.6717725,56.40060611323946,0.02333101673018237,0
1595628359.6817744,58.2009477193796,0.02333101673018237,0
1595628359.6917856,60.00296302394503,0.02333101673018237,0
1595628359.701767,61.79961391048067,0.02333101673018237,0
1595628359.7117827,63.60244460658663,0.02333101673018237,0
1595628359.7217774,65.40149875239962,0.02333101673018237,0
1595628359.731779,67.20179744319552,0.02333101673018237,0
1595628359.7417684,68.99986453609102,0.02333101673018237,0
1595628359.7517738,70.80084987239474,0.02333101673018237,0
1595628359.7617757,72.60119147853487,0.02333101673018237,0
1595628359.7717814,74.40221973018282,0.02333101673018237,0
1595628359.7817748,76.20101638393038,0.02333101673018237,0
1595628359.7917795,78.00187297420138,0.02333101673018237,0
1595628359.8017683,79.79985423640841,0.02333101673018237,0
1595628359.8117704,81.60023875789278,0.02333101673018237,0
1595628359.8217673,83.39967914180392,0.02333101673018237,0
1595628359.8317711,85.20036407069796,0.02333101673018237,0
1595628359.8417857,87.00298019008272,0.02333101673018237,0
1595628359.851777,88.80143352107638,0.02333101673018237,0
1595628359.8617802,90.6019897039377,0.02333101673018237,0
1595628359.8717766,92.40134425716036,0.02333101673018237,0
1595628359.8817682,94.19984050349825,0.02333101673018237,0
1595628359.8917701,96.00018210963839,0.02333101673018237,0
1595628359.901785,97.80284114436739,0.02333101673018237,0
1595628359.9117775,99.60150905208224,0.02333101673018237,0
1595628359.9217687,101.39991946773165,0.02333101673018237,0
1595628359.931771,103.20034690456026,0.02333101673018237,0
1595628359.9417794,105.00184722499483,0.02333101673018237,0
1595628359.9517722,106.80055804805392,0.02333101673018237,0
1595628359.961774,108.60089965419405,0.02333101673018237,0
1595628359.9717846,110.40278621272677,0.02333101673018237,0
1595628359.981779,112.20179744319552,0.02333101673018237,0
1595628359.991779,114.00179572658175,0.02333101673018237,0
1595628360.0017664,115.79951949672335,0.02333101673018237,0
1595628360.0117743,117.60093398646944,0.02333101673018237,0
1595628360.0217698,119.40011687831515,0.02333101673018237,0
1595628360.0317686,121.19990058498018,0.02333101673018237,0
1595628360.0417783,123.00165839748018,0.02333101673018237,0
1595628360.0517788,124.80174251155489,0.02333101673018237,0
1595628360.0617747,126.60101123408907,0.02333101673018237,0
1595628360.0717711,128.40036578731173,0.02333101673018237,0
1595628360.0817719,130.20049281673067,0.02333101673018237,0
1595628360.0917814,132.00220771388643,0.02333101673018237,0
1595628360.101777,133.80143352107638,0.02333101673018237,0
1595628360.1117802,135.6019897039377,0.02333101673018237,0
1595628360.1217692,137.40001388148897,0.02333101673018237,0
1595628360.1317813,139.20220084743136,0.02333101673018237,0
1595628360.1417778,141.001555400654,0.02333101673018237,0
1595628360.1517756,142.8011674459421,0.02333101673018237,0
1595628360.1617694,144.60004993037813,0.02333101673018237,0
1595628360.171783,146.40249438838595,0.02333101673018237,0
1595628360.1817799,148.20193477229708,0.02333101673018237,0
1595628360.1917665,149.99952979640597,0.02333101673018237,0
1595628360.2017732,151.80072970943087,0.02333101673018237,0
1595628360.2117748,153.60102840022677,0.02333101673018237,0
1595628360.2217674,155.3996963079416,0.02333101673018237,0
1595628360.231785,157.20287032680147,0.02333101673018237,0
1595628360.2417798,159.00192447261446,0.02333101673018237,0
1595628360.251768,160.79981990413302,0.02333101673018237,0
1595628360.2617774,162.60149188594454,0.02333101673018237,0
1595628360.2717838,164.4026488836252,0.02333101673018237,0
1595628360.2817726,166.20063014583224,0.02333101673018237,0
1595628360.291769,167.9999846990549,0.02333101673018237,0
1595628360.3017802,169.80200000362032,0.02333101673018237,0
1595628360.3117816,171.60225577907198,0.02333101673018237,0
1595628360.3217766,173.4013528402292,0.02333101673018237,0
1595628360.3317714,175.2004069860422,0.02333101673018237,0
1595628360.3417673,176.99967570857638,0.02333101673018237,0
1595628360.351781,178.8021201665842,0.02333101673018237,0
1595628360.3617797,180.60190387324923,0.02333101673018237,0
1595628360.371776,182.40125842647188,0.02333101673018237,0
1595628360.3817778,184.20155711726778,0.02333101673018237,0
1595628360.3917816,186.00224204616183,0.02333101673018237,0
1595628360.401769,187.79996581630343,0.02333101673018237,0
1595628360.411771,189.6003503377878,0.02333101673018237,0
1595628360.4217668,191.39957614497774,0.02333101673018237,0
1595628360.4317703,193.20021815852755,0.02333101673018237,0
1595628360.4417772,195.0014609868967,0.02333101673018237,0
1595628360.45178,196.80197425441378,0.02333101673018237,0
1595628360.4617822,198.60235877589815,0.02333101673018237,0
1595628360.471775,200.40106959895724,0.02333101673018237,0
1595628360.4817767,202.20136828975313,0.02333101673018237,0
1595628360.4917762,204.0012807424509,0.02333101673018237,0
1595628360.5017748,205.8010215337717,0.02333101673018237,0
1595628360.511766,207.5994319494211,0.02333101673018237,0
1595628360.521783,209.4025201375925,0.02333101673018237,0
1595628360.5317733,211.20075889186495,0.02333101673018237,0
1595628360.5417724,213.00058551387423,0.02333101673018237,0
1595628360.5517695,214.8000688131296,0.02333101673018237,0
1595628360.561777,216.60144038753145,0.02333101673018237,0
1595628360.5717804,218.40203948573702,0.02333101673018237,0
1595628360.5817668,220.19959159450167,0.02333101673018237,0
1595628360.591784,222.00267978267306,0.02333101673018237,0
1595628360.6017678,223.79975982265108,0.02333101673018237,0
1595628360.6117702,225.6001872594797,0.02333101673018237,0
1595628360.6217723,227.40057178096407,0.02333101673018237,0
1595628360.6317806,229.20207210139864,0.02333101673018237,0
1595628360.6417742,231.00091167049044,0.02333101673018237,0
1595628360.651783,232.80249782161349,0.02333101673018237,0
1595628360.661785,234.60283942775362,0.02333101673018237,0
1595628360.6717756,236.40116401271456,0.02333101673018237,0
1595628360.6817791,238.20180602626436,0.02333101673018237,0
1595628360.6917658,239.99940105037325,0.02333101673018237,0
1595628360.701779,241.8017596776926,0.02333101673018237,0
1595628360.7117734,243.60077090816134,0.02333101673018237,0
1595628360.7217665,245.39952464656466,0.02333101673018237,0
1595628360.731773,247.20068164424532,0.02333101673018237,0
1595628360.741769,248.99999328212374,0.02333101673018237,0
1595628360.7517824,250.8023948247873,0.02333101673018237,0
1595628360.7617774,252.60149188594454,0.02333101673018237,0
1595628360.7717836,254.40260596828097,0.02333101673018237,0
1595628360.7817764,256.20131679134005,0.02333101673018237,0
1595628360.79178,258.00195880488985,0.02333101673018237,0
1595628360.8017838,259.8026437337839,0.02333101673018237,0
1595628360.8117838,261.6026420171701,0.02333101673018237,0
1595628360.8217802,263.4019965703928,0.02333101673018237,0
1595628360.8317685,265.19989200191134,0.02333101673018237,0
1595628360.8417757,267.0011777456247,0.02333101673018237,0
1595628360.8517683,268.79984565333956,0.02333101673018237,0
1595628360.8617842,270.60271926478976,0.02333101673018237,0
1595628360.8717756,272.4011725957834,0.02333101673018237,0
1595628360.8817735,274.2007846410715,0.02333101673018237,0
1595628360.891775,276.00104041652315,0.02333101673018237,0
1595628360.9017727,277.80065246181124,0.02333101673018237,0
1595628360.911779,279.60176654414767,0.02333101673018237,0
1595628360.9217687,281.39991946773165,0.02333101673018237,0
1595628360.9317772,283.20146270351046,0.02333101673018237,0
1595628360.9417813,285.00219054774874,0.02333101673018237,0
1595628360.9517834,286.8025750692331,0.02333101673018237,0
1595628360.9617817,288.6022729452097,0.02333101673018237,0
1595628360.9717672,290.3996533925974,0.02333101673018237,0
1595628360.9817774,292.20149703578585,0.02333101673018237,0
1595628360.9917657,293.9993924673044,0.02333101673018237,0
1595628361.001778,295.8015794332468,0.02333101673018237,0
1595628361.0117714,297.6004190023386,0.02333101673018237,0
1595628361.0217724,299.40058894710177,0.02333101673018237,0
1595628361.0317788,301.20174594478243,0.02333101673018237,0
1595628361.0417738,303.00084300593966,0.02333101673018237,0
1595628361.0517795,304.8018712575876,0.02333101673018237,0
1595628361.0617683,306.59985251979464,0.02333101673018237,0
1595628361.0717754,308.401138263508,0.02333101673018237,0
1595628361.0817776,310.2015227849924,0.02333101673018237,0
1595628361.091776,312.00122066096895,0.02333101673018237,0
1595628361.1017833,313.80254932002657,0.02333101673018237,0
1595628361.1117802,315.6019897039377,0.02333101673018237,0
1595628361.1217713,317.4004001195871,0.02333101673018237,0
1595628361.1317751,319.20108504848116,0.02333101673018237,0
1595628361.141784,321.0026711996042,0.02333101673018237,0
1595628361.1517787,322.8017253454172,0.02333101673018237,0
1595628361.1617672,324.59966369228,0.02333101673018237,0
1595628361.1717706,326.40026279048556,0.02333101673018237,0
1595628361.1817794,328.2018489416086,0.02333101673018237,0
1595628361.191771,330.0003451879465,0.02333101673018237,0
1595628361.2017665,331.7995280797922,0.02333101673018237,0
1595628361.2117767,333.6013717229807,0.02333101673018237,0
1595628361.2217708,335.40029712276095,0.02333101673018237,0
1595628361.23178,337.20196910457247,0.02333101673018237,0
1595628361.2417772,339.00145240382784,0.02333101673018237,0
1595628361.2517679,340.7997769887888,0.02333101673018237,0
1595628361.261782,342.60230727748507,0.02333101673018237,0
1595628361.2717724,344.40058894710177,0.02333101673018237,0
1595628361.2817805,346.2020463521921,0.02333101673018237,0
1595628361.291773,348.00071425990694,0.02333101673018237,0
1595628361.3017821,349.8023433263742,0.02333101673018237,0
1595628361.311784,351.60268493251436,0.02333101673018237,0
1595628361.321775,353.40105243281954,0.02333101673018237,0
1595628361.331776,355.2012223775827,0.02333101673018237,0
1595628361.3417692,357.0000190313303,0.02333101673018237,0
1595628361.3517823,358.8023776586496,0.02333101673018237,0
1595628361.358451,360,0.02333101673018237,1
1595628361.358451,0,0,0
1595628361.3684645,1.8024444580078125,0,0
1595628361.3784595,3.601541519165039,0,0
1595628361.3884664,5.40278434753418,0,0
1595628361.3984659,7.202696800231934,0,0
1595628361.4084637,9.00230884552002,0,0
1595628361.418462,10.802006721496582,0,0
1595628361.4284554,12.60080337524414,0,0
1595628361.4384692,14.403290748596191,0,0
1595628361.448461,16.20182991027832,0,0
1595628361.4584692,18.003287315368652,0,0
1595628361.468461,19.80182647705078,0,0
1595628361.4784653,21.6025972366333,0,0
1595628361.4884655,23.40263843536377,0,0
1595628361.498459,25.201478004455566,0,0
1595628361.508459,27.001476287841797,0,0
1595628361.5184665,28.802804946899414,0,0
1595628361.5284536,30.600485801696777,0,0
1595628361.538461,32.401814460754395,0,0
1595628361.5484676,34.2030143737793,0,0
1595628361.5584514,36.000094413757324,0,0
1595628361.5684638,37.802324295043945,0,0
1595628361.5784614,39.60189342498779,0,0
1595628361.5884511,41.40004634857178,0,0
1595628361.5984566,43.20103168487549,0,0
1595628361.6084516,45.000128746032715,0,0
1595628361.6184506,46.79995536804199,0,0
1595628361.6284516,48.600125312805176,0,0
1595628361.6384506,50.39995193481445,0,0
1595628361.6484618,52.20196723937988,0,0
1595628361.6584587,54.001407623291016,0,0
1595628361.668465,55.80252170562744,0,0
1595628361.678452,57.600202560424805,0,0
1595628361.6884515,59.40011501312256,0,0
1595628361.6984518,61.20015621185303,0,0
1595628361.7084506,62.999939918518066,0,0
1595628361.7184591,64.80148315429688,0,0
1595628361.7284691,66.60328388214111,0,0
1595628361.7384615,68.40190887451172,0,0
1595628361.7484658,70.20267963409424,0,0
1595628361.7584634,72.00224876403809,0,0
1595628361.768457,73.80108833312988,0,0
1595628361.7784648,75.60250282287598,0,0
1595628361.7884548,77.4006986618042,0,0
1595628361.7984583,79.201340675354,0,0
1595628361.8084633,81.00224018096924,0,0
1595628361.818455,82.80073642730713,0,0
1595628361.8284543,84.60060596466064,0,0
1595628361.8384676,86.40300750732422,0,0
1595628361.848457,88.20111751556396,0,0
1595628361.858468,90.00308990478516,0,0
1595628361.8684628,91.80214405059814,0,0
1595628361.8784523,93.60025405883789,0,0
1595628361.8884559,95.4008960723877,0,0
1595628361.8984654,97.20261096954346,0,0
1595628361.9084647,99.00248050689697,0,0
1595628361.9184625,100.80209255218506,0,0
1595628361.9284682,102.60312080383301,0,0
1595628361.9384532,104.40041542053223,0,0
1595628361.9484618,106.20195865631104,0,0
1595628361.9584658,108.00268650054932,0,0
1595628361.9684684,109.80315685272217,0,0
1595628361.9784696,111.60336971282959,0,0
1595628361.9884572,113.40113639831543,0,0
1595628361.9984572,115.20113468170166,0,0
1595628362.0084586,117.00139045715332,0,0
1595628362.018464,118.80237579345703,0,0
1595628362.0284579,120.60125827789307,0,0
1595628362.0384505,122.39992618560791,0,0
1595628362.048464,124.20237064361572,0,0
1595628362.0584662,126.0027551651001,0,0
1595628362.0684588,127.80142307281494,0,0
1595628362.0784614,129.6018934249878,0,0
1595628362.088453,131.40038967132568,0,0
1595628362.0984526,133.20030212402344,0,0
1595628362.1084573,135.00115871429443,0,0
1595628362.1184697,136.80338859558105,0,0
1595628362.1284552,138.60076904296875,0,0
1595628362.1384594,140.40153980255127,0,0
1595628362.1484623,142.20205307006836,0,0
1595628362.1584632,144.00222301483154,0,0
1595628362.1684594,145.80153465270996,0,0
1595628362.1784546,147.60067462921143,0,0
1595628362.1884544,149.40062999725342,0,0
1595628362.198452,151.20019912719727,0,0
1595628362.2084532,153.0004119873047,0,0
1595628362.2184556,154.8008394241333,0,0
1595628362.2284596,156.60156726837158,0,0
1595628362.238452,158.4001922607422,0,0
1595628362.2484684,160.20315170288086,0,0
1595628362.2584524,162.00027465820312,0,0
1595628362.2684586,163.80138874053955,0,0
1595628362.2784595,165.60155868530273,0,0
1595628362.2884538,167.40052700042725,0,0
1595628362.2984502,169.1998815536499,0,0
1595628362.308464,171.00236892700195,0,0
1595628362.3184555,172.8008222579956,0,0
1595628362.328456,174.6009063720703,0,0
1595628362.3384516,176.40013217926025,0,0
1595628362.3484693,178.20330619812012,0,0
1595628362.3584666,180.00283241271973,0,0
1595628362.3684616,181.80192947387695,0,0
1595628362.3784518,183.6001682281494,0,0
1595628362.3884523,185.40025234222412,0,0
1595628362.398453,187.20037937164307,0,0
1595628362.4084628,189.00213718414307,0,0
1595628362.4184525,190.80029010772705,0,0
1595628362.4284627,192.60213375091553,0,0
1595628362.4384573,194.40114498138428,0,0
1595628362.4484596,196.2015724182129,0,0
1595628362.4584637,198.00230026245117,0,0
1595628362.4684563,199.80096817016602,0,0
1595628362.478457,201.60109519958496,0,0
1595628362.4884617,203.40195178985596,0,0
1595628362.4984665,205.20280838012695,0,0
1595628362.5084593,207.00151920318604,0,0
1595628362.5184574,208.80117416381836,0,0
1595628362.5284534,210.60044288635254,0,0
1595628362.5384607,212.40177154541016,0,0
1595628362.5484653,214.2025852203369,0,0
1595628362.5584683,216.00314140319824,0,0
1595628362.5684557,217.80086517333984,0,0
1595628362.5784655,219.60262298583984,0,0
1595628362.5884597,221.40159130096436,0,0
1595628362.5984588,223.20141792297363,0,0
1595628362.6084538,225.00051498413086,0,0
1595628362.6184652,226.80257320404053,0,0
1595628362.6284602,228.60167026519775,0,0
1595628362.638469,230.4032564163208,0,0
1595628362.6484628,232.20213890075684,0,0
1595628362.658463,234.0021800994873,0,0
1595628362.668462,235.80200672149658,0,0
1595628362.6784623,237.60204792022705,0,0
1595628362.6884646,239.40247535705566,0,0
1595628362.698459,241.20144367218018,0,0
1595628362.7084503,242.99989700317383,0,0
1595628362.7184625,244.8020839691162,0,0
1595628362.7284575,246.60118103027344,0,0
1595628362.7384496,248.3997631072998,0,0
1595628362.748461,250.20182132720947,0,0
1595628362.7584586,252.00139045715332,0,0
1595628362.768463,253.80216121673584,0,0
1595628362.7784545,255.60065746307373,0,0
1595628362.788462,257.40198612213135,0,0
1595628362.7984512,259.20005321502686,0,0
1595628362.8084533,261.00043773651123,0,0
1595628362.8184545,262.80065059661865,0,0
1595628362.8284533,264.6004343032837,0,0
1595628362.838467,266.4028787612915,0,0
1595628362.8484674,268.2029628753662,0,0
1595628362.8584664,270.0027894973755,0,0
1595628362.8684602,271.8016719818115,0,0
1595628362.878457,273.60111236572266,0,0
1595628362.8884661,275.40274143218994,0,0
1595628362.8984585,277.20136642456055,0,0
1595628362.9084604,279.0017080307007,0,0
1595628362.918469,280.8032512664795,0,0
1595628362.9284623,282.60204792022705,0,0
1595628362.9384677,284.40303325653076,0,0
1595628362.9484625,286.20208740234375,0,0
1595628362.958466,288.00272941589355,0,0
1595628362.9684656,289.8026418685913,0,0
1595628362.9784636,291.60229682922363,0,0
1595628362.9884524,293.40027809143066,0,0
1595628362.9984627,295.20212173461914,0,0
1595628363.0084531,297.00040340423584,0,0
1595628363.018461,298.80181789398193,0,0
1595628363.0284598,300.601601600647,0,0
1595628363.0384502,302.3998832702637,0,0
1595628363.0484498,304.1997957229614,0,0
1595628363.0584683,306.00314140319824,0,0
1595628363.0684643,307.8024101257324,0,0
1595628363.0784674,309.60296630859375,0,0
1595628363.088462,311.40202045440674,0,0
1595628363.0984683,313.20313453674316,0,0
1595628363.108458,315.00128746032715,0,0
1595628363.1184592,316.80150032043457,0,0
1595628363.1284623,318.6020565032959,0,0
1595628363.1384602,320.401668548584,0,0
1595628363.1484544,322.2006368637085,0,0
1595628363.1584513,324.00007724761963,0,0
1595628363.1684506,325.79994678497314,0,0
1595628363.1784515,327.6001167297363,0,0
1595628363.1884592,329.4014883041382,0,0
1595628363.1984556,331.20084285736084,0,0
1595628363.2084668,333.00285816192627,0,0
1595628363.2184634,334.80225563049316,0,0
1595628363.2284558,336.60088062286377,0,0
1595628363.2384648,338.40250968933105,0,0
1595628363.2484496,340.19976139068604,0,0
1595628363.2584646,342.0024633407593,0,0
1595628363.2684672,343.80293369293213,0,0
1595628363.278468,345.6030607223511,0,0
1595628363.2884648,347.4025011062622,0,0
1595628363.2984507,349.1999673843384,0,0
1595628363.3084598,351.00159645080566,0,0
1595628363.3184557,352.80086517333984,0,0
1595628363.3284585,354.60137844085693,0,0
1595628363.3384576,356.4012050628662,0,0
1595628363.3484616,358.2019329071045,0,0
1595628363.3584511,360,0,1
1595628363.3584511,0,0,0
1595628363.3684661,1.8027019500732422,0,0
1595628363.378459,3.601412773132324,0,0
1595628363.3884618,5.401926040649414,0,0
1595628363.398456,7.200894355773926,0,0
1595628363.4084618,9.001922607421875,0,0
1595628363.4184558,10.800848007202148,0,0
1595628363.4284592,12.601447105407715,0,0
1595628363.4384553,14.400758743286133,0,0
1595628363.4484694,16.203289031982422,0,0
1595628363.4584699,18.00337314605713,0,0
1595628363.4684553,19.800753593444824,0,0
1595628363.47846,21.60161018371582,0,0
1595628363.4884675,23.402938842773438,0,0
1595628363.4984646,25.20242214202881,0,0
1595628363.5084534,27.00040340423584,0,0
1595628363.5184593,28.801474571228027,0,0
1595628363.528456,30.600872039794922,0,0
1595628363.5384593,32.40147113800049,0,0
1595628363.5484674,34.20292854309082,0,0
1595628363.558459,36.00142478942871,0,0
1595628363.5684538,37.8004789352417,0,0
1595628363.5784657,39.602622985839844,0,0
1595628363.5884635,41.40223503112793,0,0
1595628363.5984545,43.200602531433105,0,0
1595628363.6084566,45.00098705291748,0,0
1595628363.6184618,46.80192947387695,0,0
1595628363.628456,48.600897789001465,0,0
1595628363.6384568,50.40102481842041,0,0
1595628363.6484628,52.2020959854126,0,0
1595628363.6584613,54.0018367767334,0,0
1595628363.6684704,55.803465843200684,0,0
1595628363.6784596,57.60153293609619,0,0
1595628363.688455,59.400715827941895,0,0
1595628363.6984515,61.20007038116455,0,0
1595628363.7084663,63.002729415893555,0,0
1595628363.7184618,64.80191230773926,0,0
1595628363.7284522,66.60019397735596,0,0
1595628363.7384682,68.40306758880615,0,0
1595628363.7484677,70.2029800415039,0,0
1595628363.7584686,72.00314998626709,0,0
1595628363.7684577,73.80117416381836,0,0
1595628363.7784512,75.60001373291016,0,0
1595628363.7884562,77.40091323852539,0,0
1595628363.7984648,79.2024564743042,0,0
1595628363.8084621,81.00198268890381,0,0
1595628363.8184614,82.80185222625732,0,0
1595628363.828458,84.60124969482422,0,0
1595628363.838451,86.3999605178833,0,0
1595628363.8484697,88.20334911346436,0,0
1595628363.8584604,90.0016736984253,0,0
1595628363.8684561,91.80089950561523,0,0
1595628363.878452,93.60016822814941,0,0
1595628363.8884683,95.40308475494385,0,0
1595628363.8984554,97.20076560974121,0,0
1595628363.9084618,99.00192260742188,0,0
1595628363.9184644,100.80239295959473,0,0
1595628363.9284585,102.601318359375,0,0
1595628363.9384558,104.40084457397461,0,0
1595628363.9484608,106.20174407958984,0,0
1595628363.958453,108.00032615661621,0,0
1595628363.9684517,109.80010986328125,0,0
1595628363.9784615,111.60186767578125,0,0
1595628363.988467,113.40285301208496,0,0
1595628363.9984567,115.20100593566895,0,0
1595628364.008457,117.00104713439941,0,0
1595628364.0184658,118.80263328552246,0,0
1595628364.0284584,120.6013011932373,0,0
1595628364.0384567,122.40099906921387,0,0
1595628364.0484557,124.20082569122314,0,0
1595628364.0584612,126.00181102752686,0,0
1595628364.0684628,127.80210971832275,0,0
1595628364.0784686,129.6031379699707,0,0
1595628364.0884507,131.39991760253906,0,0
1595628364.0984635,133.20223331451416,0,0
1595628364.1084666,135.0027894973755,0,0
1595628364.1184528,136.8002986907959,0,0
1595628364.1284587,138.6013698577881,0,0
1595628364.1384661,140.4026985168457,0,0
1595628364.1484685,142.20312595367432,0,0
1595628364.1584682,144.0030813217163,0,0
1595628364.1684654,145.80256462097168,0,0
1595628364.1784668,147.60282039642334,0,0
1595628364.1884649,149.40247535705566,0,0
1595628364.1984553,151.20075702667236,0,0
1595628364.2084618,153.00191402435303,0,0
1595628364.2184596,154.8015260696411,0,0
1595628364.2284627,156.60208225250244,0,0
1595628364.2384577,158.40117931365967,0,0
1595628364.2484677,160.2029800415039,0,0
1595628364.2584505,161.99988842010498,0,0
1595628364.268459,163.8014316558838,0,0
1595628364.2784595,165.6015157699585,0,0
1595628364.2884696,167.40331649780273,0,0
1595628364.2984579,169.2012119293213,0,0
1595628364.308469,171.00322723388672,0,0
1595628364.3184514,172.80004978179932,0,0
1595628364.3284519,174.60013389587402,0,0
1595628364.3384686,176.40313625335693,0,0
1595628364.3484597,178.20154666900635,0,0
1595628364.3584616,180.00188827514648,0,0
1595628364.3684583,181.80128574371338,0,0
1595628364.3784692,183.60325813293457,0,0
1595628364.3884668,185.40282726287842,0,0
1595628364.3984678,187.2029972076416,0,0
1595628364.4084651,189.0025234222412,0,0
1595628364.4184554,190.80076217651367,0,0
1595628364.4284592,192.60144710540771,0,0
1595628364.4384677,194.40299034118652,0,0
1595628364.4484582,196.20127201080322,0,0
1595628364.4584568,198.00101280212402,0,0
1595628364.4684641,199.80234146118164,0,0
1595628364.4784527,201.60027980804443,0,0
1595628364.4884694,203.40328216552734,0,0
1595628364.4984574,205.20113468170166,0,0
1595628364.5084617,207.00190544128418,0,0
1595628364.518468,208.8030195236206,0,0
1595628364.528463,210.60211658477783,0,0
1595628364.538452,212.4001407623291,0,0
1595628364.548469,214.2032289505005,0,0
1595628364.558464,216.00232601165771,0,0
1595628364.568457,217.8010368347168,0,0
1595628364.5784671,219.60288047790527,0,0
1595628364.5884511,221.40000343322754,0,0
1595628364.598451,223.19995880126953,0,0
1595628364.6084504,224.99987125396729,0,0
1595628364.6184556,226.80081367492676,0,0
1595628364.628454,228.60051155090332,0,0
1595628364.6384664,230.40274143218994,0,0
1595628364.6484666,232.2027826309204,0,0
1595628364.6584544,234.0005922317505,0,0
1595628364.6684518,235.8001184463501,0,0
1595628364.6784608,237.60174751281738,0,0
1595628364.6884656,239.40260410308838,0,0
1595628364.6984537,241.2004566192627,0,0
1595628364.7084563,243.00092697143555,0,0
1595628364.7184522,244.80019569396973,0,0
1595628364.7284524,246.6002368927002,0,0
1595628364.738453,248.4003210067749,0,0
1595628364.7484536,250.20044803619385,0,0
1595628364.7584615,252.00186252593994,0,0
1595628364.7684634,253.80220413208008,0,0
1595628364.7784643,255.60237407684326,0,0
1595628364.7884562,257.4009132385254,0,0
1595628364.7984533,259.20039653778076,0,0
1595628364.8084693,261.00327014923096,0,0
1595628364.8184516,262.80009269714355,0,0
1595628364.8284554,264.6007776260376,0,0
1595628364.8384602,266.4016342163086,0,0
1595628364.84846,268.2015895843506,0,0
1595628364.8584566,270.0009870529175,0,0
1595628364.8684587,271.80137157440186,0,0
1595628364.8784566,273.60098361968994,0,0
1595628364.8884523,275.4002094268799,0,0
1595628364.898466,277.20269680023193,0,0
1595628364.9084687,279.0031671524048,0,0
1595628364.9184673,280.8029079437256,0,0
1595628364.9284632,282.60217666625977,0,0
1595628364.9384658,284.4026470184326,0,0
1595628364.948456,286.2008857727051,0,0
1595628364.9584672,288.0029010772705,0,0
1595628364.9684672,289.80289936065674,0,0
1595628364.978456,291.60088062286377,0,0
1595628364.9884565,293.4009647369385,0,0
1595628364.9984608,295.201735496521,0,0
1595628365.0084517,297.0001029968262,0,0
1595628365.0184681,298.80306243896484,0,0
1595628365.0284579,300.6012153625488,0,0
1595628365.038457,302.4010419845581,0,0
1595628365.048462,304.20194149017334,0,0
1595628365.0584576,306.0011672973633,0,0
1595628365.0684626,307.8020668029785,0,0
1595628365.0784554,309.6007776260376,0,0
1595628365.0884523,311.40021800994873,0,0
1595628365.098464,313.20231914520264,0,0
1595628365.108458,315.0012445449829,0,0
1595628365.1184673,316.80291652679443,0,0
1595628365.1284685,318.60312938690186,0,0
1595628365.1384647,320.4024410247803,0,0
1595628365.148452,322.2001647949219,0,0
1595628365.1584501,323.9998197555542,0,0
1595628365.1684618,325.8019208908081,0,0
1595628365.1784582,327.60127544403076,0,0
1595628365.1884606,329.4017028808594,0,0
1595628365.1984673,331.2029027938843,0,0
1595628365.208462,333.00195693969727,0,0
1595628365.2184658,334.8026418685913,0,0
1595628365.228468,336.6030263900757,0,0
1595628365.2384655,338.40259552001953,0,0
1595628365.2484615,340.2018642425537,0,0
1595628365.2584627,342.00207710266113,0,0
1595628365.2684565,343.80095958709717,0,0
1595628365.2784595,345.6015157699585,0,0
1595628365.2884605,347.4016857147217,0,0
1595628365.298451,349.1999673843384,0,0
1595628365.3084538,351.00048065185547,0,0
1595628365.3184624,352.8020238876343,0,0
1595628365.3284535,354.6004343032837,0,0
1595628365.3384616,356.401891708374,0,0
1595628365.3484662,358.2027053833008,0,0
1595628365.3584535,360,0,1
1595628365.3584535,0,0,0
1595628365.3684587,1.8009424209594727,0,0
1595628365.378458,3.6008119583129883,0,0
1595628365.3884664,5.402312278747559,0,0
1595628365.3984685,7.202696800231934,0,0
1595628365.4084573,9.000678062438965,0,0
1595628365.4184673,10.802478790283203,0,0
1595628365.4284637,12.60183334350586,0,0
1595628365.438458,14.400801658630371,0,0
1595628365.448469,16.202774047851562,0,0
1595628365.458473,18.003501892089844,0,0
1595628365.4684691,19.80281352996826,0,0
1595628365.4784687,21.602725982666016,0,0
1595628365.4884572,23.40066432952881,0,0
1595628365.4984636,25.201821327209473,0,0
1595628365.5084612,27.00139045715332,0,0
1595628365.5184615,28.80143165588379,0,0
1595628365.528466,30.602245330810547,0,0
1595628365.5384617,32.40147113800049,0,0
1595628365.548456,34.200439453125,0,0
1595628365.5584571,36.00065231323242,0,0
1595628365.568467,37.80241012573242,0,0
1595628365.5784645,39.60197925567627,0,0
1595628365.5884638,41.401848793029785,0,0
1595628365.5984697,43.20291996002197,0,0
1595628365.608467,45.00244617462158,0,0
1595628365.618468,46.802616119384766,0,0
1595628365.6284583,48.60085487365723,0,0
1595628365.6384592,50.40102481842041,0,0
1595628365.648459,52.2009801864624,0,0
1595628365.6584592,54.00102138519287,0,0
1595628365.6684673,55.8024787902832,0,0
1595628365.6784725,57.603421211242676,0,0
1595628365.688455,59.40028667449951,0,0
1595628365.698467,61.202430725097656,0,0
1595628365.7084546,63.000197410583496,0,0
1595628365.7184632,64.8017406463623,0,0
1595628365.7284648,66.6020393371582,0,0
1595628365.7384655,68.40216636657715,0,0
1595628365.748458,70.20079135894775,0,0
1595628365.7584562,72.00048923492432,0,0
1595628365.7684648,73.80203247070312,0,0
1595628365.7784662,75.60228824615479,0,0
1595628365.788456,77.40044116973877,0,0
1595628365.7984624,79.20159816741943,0,0
1595628365.808465,81.00206851959229,0,0
1595628365.818472,82.80331134796143,0,0
1595628365.828458,84.60082054138184,0,0
1595628365.8384614,86.4014196395874,0,0
1595628365.8484714,88.20322036743164,0,0
1595628365.858467,90.00244617462158,0,0
1595628365.8684626,91.80162906646729,0,0
1595628365.8784533,93.59995365142822,0,0
1595628365.888457,95.40063858032227,0,0
1595628365.898464,97.2018814086914,0,0
1595628365.9084637,99.0018367767334,0,0
1595628365.9184542,100.8001184463501,0,0
1595628365.9284606,102.60127544403076,0,0
1595628365.9384534,104.39998626708984,0,0
1595628365.94847,106.20298862457275,0,0
1595628365.9584677,108.0025577545166,0,0
1595628365.9684713,109.8031997680664,0,0
1595628365.9784539,111.60006523132324,0,0
1595628365.9884708,113.40311050415039,0,0
1595628365.998465,115.2020788192749,0,0
1595628366.0084546,117.00018882751465,0,0
1595628366.0184662,118.80228996276855,0,0
1595628366.028466,120.60224533081055,0,0
1595628366.0384717,122.4032735824585,0,0
1595628366.0484586,124.20091152191162,0,0
1595628366.0584698,126.00292682647705,0,0
1595628366.0684578,127.80077934265137,0,0
1595628366.0784702,129.603009223938,0,0
1595628366.08847,131.40296459197998,0,0
1595628366.098472,133.20334911346436,0,0
1595628366.108454,135.00008583068848,0,0
1595628366.1184685,136.80270195007324,0,0
1595628366.128471,138.60312938690186,0,0
1595628366.1384604,140.4012393951416,0,0
1595628366.1484687,142.20273971557617,0,0
1595628366.158458,144.00080680847168,0,0
1595628366.1684687,145.80273628234863,0,0
1595628366.1784554,147.60033130645752,0,0
1595628366.1884658,149.40221786499023,0,0
1595628366.198465,151.20208740234375,0,0
1595628366.2084668,153.00238609313965,0,0
1595628366.2184556,154.80036735534668,0,0
1595628366.2284687,156.60272598266602,0,0
1595628366.2384665,158.4023380279541,0,0
1595628366.2484543,160.20014762878418,0,0
1595628366.2584596,162.00109004974365,0,0
1595628366.2684588,163.80095958709717,0,0
1595628366.2784626,165.6016445159912,0,0
1595628366.2884676,167.40254402160645,0,0
1595628366.2984626,169.20164108276367,0,0
1595628366.3084571,171.00065231323242,0,0
1595628366.3184717,172.8032684326172,0,0
1595628366.3284705,174.60305213928223,0,0
1595628366.3384545,176.4001750946045,0,0
1595628366.3484662,178.2022762298584,0,0
1595628366.3584592,180.00102996826172,0,0
1595628366.368469,181.80278778076172,0,0
1595628366.3784618,183.6014986038208,0,0
1595628366.3884692,185.40282726287842,0,0
1595628366.3984547,187.2002077102661,0,0
1595628366.408465,189.0020513534546,0,0
1595628366.4184537,190.80003261566162,0,0
1595628366.4284534,192.5999879837036,0,0
1595628366.4384625,194.4016170501709,0,0
1595628366.4484644,196.20195865631104,0,0
1595628366.4584663,198.00230026245117,0,0
1595628366.468467,199.80242729187012,0,0
1595628366.4784696,201.60289764404297,0,0
1595628366.488454,203.4001064300537,0,0
1595628366.4984632,205.201735496521,0,0
1595628366.5084639,207.00186252593994,0,0
1595628366.5184565,208.80053043365479,0,0
1595628366.5284643,210.60194492340088,0,0
1595628366.5384576,212.40074157714844,0,0
1595628366.5484662,214.20228481292725,0,0
1595628366.558461,216.00133895874023,0,0
1595628366.56847,217.80296802520752,0,0
1595628366.5784569,219.60060596466064,0,0
1595628366.5884576,221.4007329940796,0,0
1595628366.5984612,223.2013750076294,0,0
1595628366.6084569,225.00060081481934,0,0
1595628366.6184578,226.80077075958252,0,0
1595628366.628467,228.60244274139404,0,0
1595628366.6384635,230.4017972946167,0,0
1595628366.6484585,232.20089435577393,0,0
1595628366.658463,234.00170803070068,0,0
1595628366.668469,235.80277919769287,0,0
1595628366.6784697,237.60290622711182,0,0
1595628366.6884627,239.40165996551514,0,0
1595628366.6984692,241.2028169631958,0,0
1595628366.7084665,243.0023431777954,0,0
1595628366.718469,244.80277061462402,0,0
1595628366.728465,246.60208225250244,0,0
1595628366.7384653,248.4021234512329,0,0
1595628366.7484627,250.20164966583252,0,0
1595628366.75846,252.00117588043213,0,0
1595628366.7684586,253.80091667175293,0,0
1595628366.7784605,255.60125827789307,0,0
1595628366.788462,257.4015140533447,0,0
1595628366.7984533,259.1999673843384,0,0
1595628366.8084705,261.00305557250977,0,0
1595628366.8184638,262.8018522262573,0,0
1595628366.82847,264.60296630859375,0,0
1595628366.8384645,266.4019775390625,0,0
1595628366.848453,268.1999158859253,0,0
1595628366.8584635,270.001802444458,0,0
1595628366.868463,271.80171489715576,0,0
1595628366.8784547,273.60021114349365,0,0
1595628366.888459,275.4009819030762,0,0
1595628366.898469,277.2027826309204,0,0
1595628366.9084585,279.00089263916016,0,0
1595628366.9184709,280.8031225204468,0,0
1595628366.9284668,282.60239124298096,0,0
1595628366.93846,284.4011878967285,0,0
1595628366.9484656,286.2021732330322,0,0
1595628366.9584534,287.9999828338623,0,0
1595628366.9684713,289.8031997680664,0,0
1595628366.9784703,291.6030263900757,0,0
1595628366.988466,293.4022521972656,0,0
1595628366.9984667,295.20237922668457,0,0
1595628367.008458,297.000789642334,0,0
1595628367.0184524,298.79980087280273,0,0
1595628367.0284698,300.60293197631836,0,0
1595628367.0384603,302.40121364593506,0,0
1595628367.0484705,304.20305728912354,0,0
1595628367.0584662,306.0022830963135,0,0
1595628367.0684564,307.80052185058594,0,0
1595628367.0784519,309.59970474243164,0,0
1595628367.0884526,311.3998317718506,0,0
1595628367.0984664,313.20231914520264,0,0
1595628367.1084638,315.00184535980225,0,0
1595628367.1184642,316.80192947387695,0,0
1595628367.1284704,318.6030435562134,0,0
1595628367.138452,320.39973735809326,0,0
1595628367.148468,322.20261096954346,0,0
1595628367.1584558,324.00042057037354,0,0
1595628367.1684537,325.8000326156616,0,0
1595628367.1784627,327.6016616821289,0,0
1595628367.1884599,329.4011449813843,0,0
1595628367.1984708,331.20311737060547,0,0
1595628367.208452,332.9997253417969,0,0
1595628367.2184703,334.80302810668945,0,0
1595628367.22847,336.60298347473145,0,0
1595628367.2384593,338.40105056762695,0,0
1595628367.2484531,340.199933052063,0,0
1595628367.2584622,342.0015621185303,0,0
1595628367.26847,343.80297660827637,0,0
1595628367.278454,345.60009956359863,0,0
1595628367.2884672,347.40245819091797,0,0
1595628367.2984674,349.20249938964844,0,0
1595628367.3084538,351.0000514984131,0,0
1595628367.3184564,352.80052185058594,0,0
1595628367.3284543,354.600133895874,0,0
1595628367.3384638,356.4018487930298,0,0
1595628367.3484623,358.2015895843506,0,0
1595628367.3584626,360,0,1
1595628367.3584626,0,0,0
1595628367.3684766,1.802530288696289,0,0
1595628367.3784666,3.6007261276245117,0,0
1595628367.38848,5.403127670288086,0,0
1595628367.3984814,7.203383445739746,0,0
1595628367.4084818,9.003467559814453,0,0
1595628367.4184737,10.802006721496582,0,0
1595628367.4284673,12.600846290588379,0,0
1595628367.43847,14.40131664276123,0,0
1595628367.4484813,16.2033748626709,0,0
1595628367.458481,18.00333023071289,0,0
1595628367.4684744,19.80212688446045,0,0
1595628367.4784718,21.60165309906006,0,0
1595628367.4884632,23.40010643005371,0,0
1595628367.498468,25.200963020324707,0,0
1595628367.5084772,27.00263500213623,0,0
1595628367.5184634,28.80014419555664,0,0
1595628367.5284674,30.600872039794922,0,0
1595628367.5384665,32.4006986618042,0,0
1595628367.5484712,34.201555252075195,0,0
1595628367.5584784,36.002840995788574,0,0
1595628367.568469,37.80116558074951,0,0
1595628367.5784795,39.60305213928223,0,0
1595628367.5884776,41.40270709991455,0,0
1595628367.59848,43.203134536743164,0,0
1595628367.6084726,45.00180244445801,0,0
1595628367.6184635,46.800169944763184,0,0
1595628367.6284764,48.60248565673828,0,0
1595628367.6384735,50.40196895599365,0,0
1595628367.6484654,52.20050811767578,0,0
1595628367.6584694,54.00123596191406,0,0
1595628367.6684818,55.803465843200684,0,0
1595628367.6784675,57.60088920593262,0,0
1595628367.6884763,59.402475357055664,0,0
1595628367.6984644,61.20032787322998,0,0
1595628367.7084806,63.003244400024414,0,0
1595628367.7184744,64.80212688446045,0,0
1595628367.7284691,66.60118103027344,0,0
1595628367.7384806,68.4032392501831,0,0
1595628367.7484684,70.20104885101318,0,0
1595628367.7584703,72.00139045715332,0,0
1595628367.768478,73.80276203155518,0,0
1595628367.778463,75.6000566482544,0,0
1595628367.7884634,77.4001407623291,0,0
1595628367.7984645,79.20035362243652,0,0
1595628367.8084621,80.99992275238037,0,0
1595628367.818479,82.80296802520752,0,0
1595628367.8284647,84.60039138793945,0,0
1595628367.8384728,86.40184879302979,0,0
1595628367.8484757,88.20236206054688,0,0
1595628367.8584688,90.0011157989502,0,0
1595628367.8684664,91.80068492889404,0,0
1595628367.8784814,93.60338687896729,0,0
1595628367.8884735,95.40196895599365,0,0
1595628367.898476,97.20239639282227,0,0
1595628367.908472,99.00170803070068,0,0
1595628367.9184663,100.8006763458252,0,0
1595628367.9284794,102.60303497314453,0,0
1595628367.938479,104.40294742584229,0,0
1595628367.9484646,106.20037078857422,0,0
1595628367.958481,108.00333023071289,0,0
1595628367.9684696,109.80126857757568,0,0
1595628367.97847,111.60135269165039,0,0
1595628367.9884791,113.40298175811768,0,0
1595628367.9984677,115.20092010498047,0,0
1595628368.0084684,117.00104713439941,0,0
1595628368.018462,118.79988670349121,0,0
1595628368.0284662,120.60065746307373,0,0
1595628368.0384781,122.40280151367188,0,0
1595628368.0484726,124.20181274414062,0,0
1595628368.0584786,126.00288391113281,0,0
1595628368.068474,127.80206680297852,0,0
1595628368.078477,129.6025800704956,0,0
1595628368.088462,131.39991760253906,0,0
1595628368.098477,133.20257663726807,0,0
1595628368.1084652,135.00047206878662,0,0
1595628368.1184633,136.80012702941895,0,0
1595628368.1284626,138.59999656677246,0,0
1595628368.13847,140.40132522583008,0,0
1595628368.148477,142.20261096954346,0,0
1595628368.1584735,144.0019655227661,0,0
1595628368.1684654,145.80050468444824,0,0
1595628368.178472,147.60170459747314,0,0
1595628368.1884696,149.401273727417,0,0
1595628368.1984656,151.20054244995117,0,0
1595628368.2084732,153.00191402435303,0,0
1595628368.2184675,154.80088233947754,0,0
1595628368.2284632,156.60010814666748,0,0
1595628368.2384732,158.40190887451172,0,0
1595628368.2484617,160.1998472213745,0,0
1595628368.2584774,162.00267791748047,0,0
1595628368.2684698,163.80130290985107,0,0
1595628368.2784636,165.6001853942871,0,0
1595628368.2884743,167.40211486816406,0,0
1595628368.2984724,169.2017698287964,0,0
1595628368.3084688,171.00112438201904,0,0
1595628368.3184762,172.80245304107666,0,0
1595628368.32848,174.6031379699707,0,0
1595628368.33847,176.40133380889893,0,0
1595628368.3484762,178.20244789123535,0,0
1595628368.3584688,180.0011157989502,0,0
1595628368.3684797,181.8030881881714,0,0
1595628368.3784742,183.60209941864014,0,0
1595628368.3884711,185.40153980255127,0,0
1595628368.398476,187.20239639282227,0,0
1595628368.408469,189.0011501312256,0,0
1595628368.4184802,190.80316543579102,0,0
1595628368.4284647,192.60037422180176,0,0
1595628368.4384725,194.40178871154785,0,0
1595628368.448472,196.2017011642456,0,0
1595628368.4584627,198.00002574920654,0,0
1595628368.468479,199.80294227600098,0,0
1595628368.4784756,201.60233974456787,0,0
1595628368.4884717,203.4016513824463,0,0
1595628368.4984663,205.20066261291504,0,0
1595628368.5084753,207.00229167938232,0,0
1595628368.518463,208.80005836486816,0,0
1595628368.5284727,210.60181617736816,0,0
1595628368.5384693,212.40121364593506,0,0
1595628368.5484643,214.20031070709229,0,0
1595628368.558474,216.00206851959229,0,0
1595628368.5684736,217.80198097229004,0,0
1595628368.5784707,219.6014642715454,0,0
1595628368.5884633,221.40013217926025,0,0
1595628368.5984762,223.20244789123535,0,0
1595628368.6084757,225.0023603439331,0,0
1595628368.6184752,226.80227279663086,0,0
1595628368.628463,228.60008239746094,0,0
1595628368.6384807,230.4032564163208,0,0
1595628368.6484761,232.2024393081665,0,0
1595628368.6584759,234.0023946762085,0,0
1595628368.6684694,235.8012342453003,0,0
1595628368.6784723,237.60174751281738,0,0
1595628368.6884716,239.4016170501709,0,0
1595628368.6984704,241.20140075683594,0,0
1595628368.7084644,243.0003261566162,0,0
1595628368.7184632,244.80010986328125,0,0
1595628368.728465,246.6004514694214,0,0
1595628368.73848,248.40315341949463,0,0
1595628368.7484639,250.20023345947266,0,0
1595628368.7584615,251.9998025894165,0,0
1595628368.7684734,253.80194664001465,0,0
1595628368.7784731,255.60190200805664,0,0
1595628368.788473,257.40185737609863,0,0
1595628368.798479,259.20297145843506,0,0
1595628368.808474,261.0020685195923,0,0
1595628368.8184657,262.8005647659302,0,0
1595628368.828468,264.6009922027588,0,0
1595628368.8384795,266.40305042266846,0,0
1595628368.8484688,268.20111751556396,0,0
1595628368.8584723,270.00175952911377,0,0
1595628368.8684793,271.8030023574829,0,0
1595628368.8784714,273.6015844345093,0,0
1595628368.8884692,275.40119647979736,0,0
1595628368.8984637,277.2002077102661,0,0
1595628368.9084756,279.00235176086426,0,0
1595628368.918466,280.80063343048096,0,0
1595628368.9284794,282.60303497314453,0,0
1595628368.938474,284.4020462036133,0,0
1595628368.9484758,286.2023878097534,0,0
1595628368.9584785,288.00285816192627,0,0
1595628368.9684727,289.8018264770508,0,0
1595628368.9784627,291.600022315979,0,0
1595628368.9884765,293.40250968933105,0,0
1595628368.9984756,295.20233631134033,0,0
1595628369.0084617,296.99984550476074,0,0
1595628369.018479,298.80297660827637,0,0
1595628369.0284781,300.60280323028564,0,0
1595628369.0384693,302.40121364593506,0,0
1595628369.0484695,304.2012548446655,0,0
1595628369.0584712,306.0015535354614,0,0
1595628369.068474,307.8020668029785,0,0
1595628369.0784752,309.60227966308594,0,0
1595628369.0884795,311.40305042266846,0,0
1595628369.0984745,313.2021474838257,0,0
1595628369.1084704,315.00141620635986,0,0
1595628369.1184628,316.80004119873047,0,0
1595628369.1284692,318.60119819641113,0,0
1595628369.1384676,320.4008960723877,0,0
1595628369.1484663,322.20067977905273,0,0
1595628369.1584687,324.00110721588135,0,0
1595628369.1684654,325.80050468444824,0,0
1595628369.1784713,327.60157585144043,0,0
1595628369.1884708,329.4014883041382,0,0
1595628369.1984754,331.20230197906494,0,0
1595628369.2084754,333.0023002624512,0,0
1595628369.2184699,334.8013114929199,0,0
1595628369.2284646,336.6003656387329,0,0
1595628369.2384648,338.4004068374634,0,0
1595628369.2484734,340.2019500732422,0,0
1595628369.2584796,342.0030641555786,0,0
1595628369.2684703,343.80138874053955,0,0
1595628369.2784755,345.602331161499,0,0
1595628369.2884607,347.3996686935425,0,0
1595628369.298469,349.20116901397705,0,0
1595628369.3084795,351.00305557250977,0,0
1595628369.3184657,352.8005647659302,0,0
1595628369.3284688,354.6011209487915,0,0
1595628369.3384724,356.4017629623413,0,0
1595628369.3484738,358.20201873779297,0,0
1595628369.3584666,360,0,1
1595628369.3584666,0,0,0
1595628369.3684704,1.800684928894043,0,0
1595628369.378474,3.6013269424438477,0,0
1595628369.3884797,5.402355194091797,0,0
1595628369.398468,7.200250625610352,0,0
1595628369.4084795,9.00230884552002,0,0
1595628369.4184728,10.801105499267578,0,0
1595628369.4284754,12.60157585144043,0,0
1595628369.4384792,14.402260780334473,0,0
1595628369.4484806,16.202516555786133,0,0
1595628369.4584827,18.002901077270508,0,0
1595628369.4684675,19.80015277862549,0,0
1595628369.478483,21.602940559387207,0,0
1595628369.488467,23.400063514709473,0,0
1595628369.4984848,25.203280448913574,0,0
1595628369.5084808,27.002549171447754,0,0
1595628369.5184746,28.80143165588379,0,0
1595628369.528475,30.601515769958496,0,0
1595628369.5384836,32.403059005737305,0,0
1595628369.5484731,34.20116901397705,0,0
1595628369.5584817,36.00271224975586,0,0
1595628369.5684824,37.802839279174805,0,0
1595628369.5784736,39.60124969482422,0,0
1595628369.588473,41.40116214752197,0,0
1595628369.5984771,43.201889991760254,0,0
1595628369.6084707,45.00072956085205,0,0
1595628369.6184747,46.80145740509033,0,0
1595628369.628474,48.60132694244385,0,0
1595628369.6384835,50.40304183959961,0,0
1595628369.6484814,52.202653884887695,0,0
