Timestamp,Phase,Heading,Ping?
1595995844.0000925,130.0,130.0,0
1595995844.0101008,131.80047035217285,130.0,0
1595995844.0201013,133.60055446624756,130.0,0
1595995844.030113,135.40265560150146,130.0,0
1595995844.0401056,137.2013235092163,130.0,0
1595995844.0501192,139.00376796722412,130.0,0
1595995844.0601034,140.80093383789062,130.0,0
1595995844.0701172,142.60342121124268,130.0,0
1595995844.080109,144.40191745758057,130.0,0
1595995844.0901155,146.20311737060547,130.0,0
1595995844.1001182,148.00358772277832,130.0,0
1595995844.1101177,149.80350017547607,130.0,0
1595995844.1201093,151.60199642181396,130.0,0
1595995844.1301196,153.40384006500244,130.0,0
1595995844.1401098,155.2020788192749,130.0,0
1595995844.150105,157.00121879577637,130.0,0
1595995844.160105,158.8012170791626,130.0,0
1595995844.1701071,160.60160160064697,130.0,0
1595995844.1801171,162.4034023284912,130.0,0
1595995844.1901004,164.20039653778076,130.0,0
1595995844.2001092,166.0019826889038,130.0,0
1595995844.2101052,167.801251411438,130.0,0
1595995844.2201128,169.60262298583984,130.0,0
1595995844.2300994,171.40021800994873,130.0,0
1595995844.2401075,173.20167541503906,130.0,0
1595995844.2501082,175.001802444458,130.0,0
1595995844.2601097,176.80205821990967,130.0,0
1595995844.2701042,178.60106945037842,130.0,0
1595995844.2801096,180.40205478668213,130.0,0
1595995844.290106,182.20140933990479,130.0,0
1595995844.3001049,184.00119304656982,130.0,0
1595995844.3101075,185.80166339874268,130.0,0
1595995844.3201056,187.601318359375,130.0,0
1595995844.3301184,189.4036340713501,130.0,0
1595995844.3401155,191.20311737060547,130.0,0
1595995844.3501177,193.00350189208984,130.0,0
1595995844.3601124,194.80255603790283,130.0,0
1595995844.3701153,196.60306930541992,130.0,0
1595995844.380103,198.40087890625,130.0,0
1595995844.3901098,200.2020788192749,130.0,0
1595995844.4000993,202.00018882751465,130.0,0
1595995844.4101167,203.80331993103027,130.0,0
1595995844.420104,205.60104370117188,130.0,0
1595995844.4301164,207.4032735824585,130.0,0
1595995844.4401026,209.2007827758789,130.0,0
1595995844.450108,211.00176811218262,130.0,0
1595995844.4601061,212.80142307281494,130.0,0
1595995844.470106,214.60137844085693,130.0,0
1595995844.4800997,216.40026092529297,130.0,0
1595995844.49011,218.20210456848145,130.0,0
1595995844.5001159,220.00317573547363,130.0,0
1595995844.5101087,221.80188655853271,130.0,0
1595995844.5201035,223.6009407043457,130.0,0
1595995844.5301173,225.40342807769775,130.0,0
1595995844.5401154,227.20308303833008,130.0,0
1595995844.5500984,229.0000343322754,130.0,0
1595995844.5601063,230.80144882202148,130.0,0
1595995844.570111,232.60230541229248,130.0,0
1595995844.580114,234.40281867980957,130.0,0
1595995844.5901153,236.20307445526123,130.0,0
1595995844.6001024,238.0007553100586,130.0,0
1595995844.610105,239.80122566223145,130.0,0
1595995844.6201108,241.6022539138794,130.0,0
1595995844.6301143,243.4028959274292,130.0,0
1595995844.6401186,245.20366668701172,130.0,0
1595995844.650119,247.00375080108643,130.0,0
1595995844.6601067,248.80151748657227,130.0,0
1595995844.6701021,250.60070037841797,130.0,0
1595995844.6801057,252.40134239196777,130.0,0
1595995844.6901114,254.20237064361572,130.0,0
1595995844.7001069,256.0015535354614,130.0,0
1595995844.7101085,257.8018522262573,130.0,0
1595995844.720114,259.60283756256104,130.0,0
1595995844.7301023,261.4007329940796,130.0,0
1595995844.7401102,263.2021474838257,130.0,0
1595995844.750105,265.0012016296387,130.0,0
1595995844.7600975,266.7998695373535,130.0,0
1595995844.7701137,268.60278606414795,130.0,0
1595995844.7801135,270.40274143218994,130.0,0
1595995844.7901075,272.2016668319702,130.0,0
1595995844.8000998,274.0002918243408,130.0,0
1595995844.8100991,275.80016136169434,130.0,0
1595995844.8201003,277.60037422180176,130.0,0
1595995844.8301115,279.4023895263672,130.0,0
1595995844.840113,281.20264530181885,130.0,0
1595995844.8501003,283.00036907196045,130.0,0
1595995844.8601007,284.80045318603516,130.0,0
1595995844.8701122,286.6025114059448,130.0,0
1595995844.8801165,288.40328216552734,130.0,0
1595995844.8901136,290.2027654647827,130.0,0
1595995844.9001093,292.00199127197266,130.0,0
1595995844.9101174,293.803448677063,130.0,0
1595995844.9201138,295.60280323028564,130.0,0
1595995844.9301088,297.40190029144287,130.0,0
1595995844.9401164,299.2032718658447,130.0,0
1595995844.9501147,301.0029697418213,130.0,0
1595995844.960105,302.80120849609375,130.0,0
1595995844.9701023,304.60073471069336,130.0,0
1595995844.9801033,306.40090465545654,130.0,0
1595995844.9900985,308.200044631958,130.0,0
1595995845.0001152,310.0030469894409,130.0,0
1595995845.0101147,311.8029594421387,130.0,0
1595995845.0201037,313.60098361968994,130.0,0
1595995845.030114,315.4028272628784,130.0,0
1595995845.0401149,317.2029972076416,130.0,0
1595995845.0501125,319.00256633758545,130.0,0
1595995845.0601118,320.80243587493896,130.0,0
1595995845.0701163,322.6032495498657,130.0,0
1595995845.080112,324.40247535705566,130.0,0
1595995845.0901034,326.2009286880493,130.0,0
1595995845.1001158,328.00315856933594,130.0,0
1595995845.1101112,329.80234146118164,130.0,0
1595995845.1201134,331.602725982666,130.0,0
1595995845.1300998,333.40027809143066,130.0,0
1595995845.140112,335.20246505737305,130.0,0
1595995845.1501172,337.0034074783325,130.0,0
1595995845.1601038,338.8010025024414,130.0,0
1595995845.170115,340.60301780700684,130.0,0
1595995845.180103,342.40087032318115,130.0,0
1595995845.1901052,344.2012548446655,130.0,0
1595995845.2001019,346.0006523132324,130.0,0
1595995845.2100985,347.8000497817993,130.0,0
1595995845.220107,349.6015930175781,130.0,0
1595995845.2301104,351.4021921157837,130.0,0
1595995845.240111,353.20231914520264,130.0,0
1595995845.2500975,354.9998712539673,130.0,0
1595995845.2601078,356.80171489715576,130.0,0
1595995845.2701154,358.6030864715576,130.0,0
1595995845.2778828,360,130.0,1
1595995845.2801063,360.4014539718628,130.0,0
1595995845.2900987,362.2000789642334,130.0,0
1595995845.3001,364.00033473968506,130.0,0
1595995845.3100986,365.80007553100586,130.0,0
1595995845.3200977,367.59990215301514,130.0,0
1595995845.330097,369.39977169036865,130.0,0
1595995845.340117,371.2033748626709,130.0,0
1595995845.3445604,372.00318813323975,130.0,0
1595995845.3445604,363.6009564399719,121.59776830673218,0
1595995845.3501124,364.6003260612488,121.59776830673218,0
1595995845.3600993,366.3979640007019,121.59776830673218,0
1595995845.364684,367.22322607040405,121.59776830673218,0
1595995845.364684,362.1669678211212,116.54151005744934,0
1595995845.3701055,363.1428198337555,116.54151005744934,0
1595995845.3801033,364.94243187904357,116.54151005744934,0
1595995845.3901076,366.7432026386261,116.54151005744934,0
1595995845.400106,368.54290051460265,116.54151005744934,0
1595995845.4101107,370.34375710487365,116.54151005744934,0
1595995845.4201064,372.1429829120636,116.54151005744934,0
1595995845.4301014,373.9420799732208,116.54151005744934,0
1595995845.4401166,375.7448248386383,116.54151005744934,0
1595995845.4501126,377.5440935611725,116.54151005744934,0
1595995845.4601104,379.34370560646056,116.54151005744934,0
1595995845.470098,381.1414722919464,116.54151005744934,0
1595995845.4800987,382.94159932136535,116.54151005744934,0
1595995845.490108,384.74327130317687,116.54151005744934,0
1595995845.500105,386.542711687088,116.54151005744934,0
1595995845.510101,388.3420233249664,116.54151005744934,0
1595995845.5200982,390.1415066242218,116.54151005744934,0
1595995845.5301144,391.9444231510162,116.54151005744934,0
1595995845.5401046,393.7426619052887,116.54151005744934,0
1595995845.5500975,395.54137272834777,116.54151005744934,0
1595995845.5601163,397.3447613239288,116.54151005744934,0
1595995845.5701072,399.143128824234,116.54151005744934,0
1595995845.5800974,400.94136757850646,116.54151005744934,0
1595995845.5901055,402.7428249835968,116.54151005744934,0
1595995845.6001112,404.54385323524474,116.54151005744934,0
1595995845.6101074,406.34316487312316,116.54151005744934,0
1595995845.620107,408.1430773258209,116.54151005744934,0
1595995845.630109,409.9434618473053,116.54151005744934,0
1595995845.6400993,411.74170060157775,116.54151005744934,0
1595995845.6501174,413.5449604511261,116.54151005744934,0
1595995845.6601136,415.3442720890045,116.54151005744934,0
1595995845.6700966,417.1412233829498,116.54151005744934,0
1595995845.6800973,418.94135041236876,116.54151005744934,0
1595995845.6901004,420.7419065952301,116.54151005744934,0
1595995845.7001162,422.54473729133605,116.54151005744934,0
1595995845.7101026,424.3422894001007,116.54151005744934,0
1595995845.7201164,426.14477677345275,116.54151005744934,0
1595995845.7300985,427.9415564060211,116.54151005744934,0
1595995845.740117,429.7449020862579,116.54151005744934,0
1595995845.7501123,431.5440420627594,116.54151005744934,0
1595995845.760099,433.3416370868683,116.54151005744934,0
1595995845.7701135,435.14425320625304,116.54151005744934,0
1595995845.7801132,436.94420857429503,116.54151005744934,0
1595995845.7901075,438.74317688941954,116.54151005744934,0
1595995845.8001008,440.5419735431671,116.54151005744934,0
1595995845.8101113,442.3438601016998,116.54151005744934,0
1595995845.8201072,444.143128824234,116.54151005744934,0
1595995845.8301082,445.9432987689972,116.54151005744934,0
1595995845.840108,447.7432541370392,116.54151005744934,0
1595995845.8501086,449.5433811664581,116.54151005744934,0
1595995845.8601,451.34183449745177,116.54151005744934,0
1595995845.870098,453.1414894580841,116.54151005744934,0
1595995845.8801184,454.9451355457306,116.54151005744934,0
1595995845.8901112,456.74384636878966,116.54151005744934,0
1595995845.9001105,458.5437159061432,116.54151005744934,0
1595995845.9101112,460.3438429355621,116.54151005744934,0
1595995845.9201128,462.144141626358,116.54151005744934,0
1595995845.9301116,463.94392533302306,116.54151005744934,0
1595995845.940111,465.7437948703766,116.54151005744934,0
1595995845.9500985,467.5415615558624,116.54151005744934,0
1595995845.9601114,469.3438772678375,116.54151005744934,0
1595995845.970098,471.1414722919464,116.54151005744934,0
1595995845.980101,472.9420284748077,116.54151005744934,0
1595995845.9901054,474.74279923439025,116.54151005744934,0
1595995846.0001154,476.5445999622345,116.54151005744934,0
1595995846.0001154,0,116.54151005744934,0
1595995846.010121,118.34253830909729,116.54151005744934,0
1595995846.0201228,120.14283699989319,116.54151005744934,0
1595995846.0301237,121.94300694465637,116.54151005744934,0
1595995846.0401342,123.74489350318909,116.54151005744934,0
1595995846.0501156,125.54154438972473,116.54151005744934,0
1595995846.06012,127.34235806465149,116.54151005744934,0
1595995846.070135,129.14506001472472,116.54151005744934,0
1595995846.0801177,130.94192547798156,116.54151005744934,0
1595995846.090121,132.74252457618712,116.54151005744934,0
1595995846.1001303,134.54419655799865,116.54151005744934,0
1595995846.1101344,136.34492440223693,116.54151005744934,0
1595995846.1201282,138.14380688667296,116.54151005744934,0
1595995846.1301239,139.9430326938629,116.54151005744934,0
1595995846.140133,141.7446617603302,116.54151005744934,0
1595995846.1501296,143.54405922889708,116.54151005744934,0
1595995846.1601284,145.34384293556212,116.54151005744934,0
1595995846.1701236,147.1429829120636,116.54151005744934,0
1595995846.1801357,148.94516987800597,116.54151005744934,0
1595995846.1901333,150.74473900794982,116.54151005744934,0
1595995846.2001212,152.5425486087799,116.54151005744934,0
1595995846.210128,154.34379143714904,116.54151005744934,0
1595995846.2201312,156.14434762001036,116.54151005744934,0
1595995846.2301276,157.94370217323302,116.54151005744934,0
1595995846.2401364,159.74528832435607,116.54151005744934,0
1595995846.2501204,161.54241127967833,116.54151005744934,0
1595995846.2601209,163.34249539375304,116.54151005744934,0
1595995846.2701275,165.14369530677794,116.54151005744934,0
1595995846.2801273,166.94365067481993,116.54151005744934,0
1595995846.2901323,168.74455018043517,116.54151005744934,0
1595995846.3001235,170.54296059608458,116.54151005744934,0
1595995846.3101199,172.34231514930724,116.54151005744934,0
1595995846.3201365,174.14531750679015,116.54151005744934,0
1595995846.3301296,175.94407124519347,116.54151005744934,0
1595995846.340125,177.74325413703917,116.54151005744934,0
1595995846.3501275,179.5436815738678,116.54151005744934,0
1595995846.3601341,181.3448814868927,116.54151005744934,0
1595995846.370121,183.1425194263458,116.54151005744934,0
1595995846.3801358,184.94517846107482,116.54151005744934,0
1595995846.3901215,186.74260182380675,116.54151005744934,0
1595995846.4001327,188.54461712837218,116.54151005744934,0
1595995846.410124,190.34307045936583,116.54151005744934,0
1595995846.420134,192.14487118721007,116.54151005744934,0
1595995846.4301324,193.94456906318663,116.54151005744934,0
1595995846.4401338,195.7448248386383,116.54151005744934,0
1595995846.4501195,197.54224820137023,116.54151005744934,0
1595995846.4601336,199.34477849006652,116.54151005744934,0
1595995846.4701335,201.14477677345275,116.54151005744934,0
1595995846.4801276,202.94370217323302,116.54151005744934,0
1595995846.49012,204.74232716560363,116.54151005744934,0
1595995846.5001354,206.54511494636535,116.54151005744934,0
1595995846.510124,208.34305329322814,116.54151005744934,0
1595995846.520119,210.14215035438536,116.54151005744934,0
1595995846.5301206,211.94244904518126,116.54151005744934,0
1595995846.540116,213.74163193702697,116.54151005744934,0
1595995846.5501227,215.54283185005187,116.54151005744934,0
1595995846.5601315,217.34441800117492,116.54151005744934,0
1595995846.570118,219.14197010993956,116.54151005744934,0
1595995846.58012,220.94235463142394,116.54151005744934,0
1595995846.590135,222.74505658149718,116.54151005744934,0
1595995846.600133,224.54466862678527,116.54151005744934,0
1595995846.6101158,226.34157700538634,116.54151005744934,0
1595995846.6201236,228.14299149513243,116.54151005744934,0
1595995846.6301186,229.94208855628966,116.54151005744934,0
1595995846.6401362,231.74526257514952,116.54151005744934,0
1595995846.6501226,233.54281468391417,116.54151005744934,0
1595995846.6601198,235.34229798316954,116.54151005744934,0
1595995846.6701298,237.14409871101378,116.54151005744934,0
1595995846.6801252,238.94328160285949,116.54151005744934,0
1595995846.690124,240.74306530952452,116.54151005744934,0
1595995846.700126,242.54340691566466,116.54151005744934,0
1595995846.7101314,244.34439225196837,116.54151005744934,0
1595995846.7201319,246.14447636604308,116.54151005744934,0
1595995846.7301316,247.94443173408507,116.54151005744934,0
1595995846.7401333,249.74473042488097,116.54151005744934,0
1595995846.750115,251.54142422676085,116.54151005744934,0
1595995846.760136,253.34519906044005,116.54151005744934,0
1595995846.7701209,255.14249367713927,116.54151005744934,0
1595995846.78013,256.94412274360656,116.54151005744934,0
1595995846.790129,258.74394936561583,116.54151005744934,0
1595995846.8001165,260.5417160511017,116.54151005744934,0
1595995846.8101215,262.3426155567169,116.54151005744934,0
1595995846.8201199,264.14231343269347,116.54151005744934,0
1595995846.830134,265.94484372138976,116.54151005744934,0
1595995846.8401237,267.74299664497374,116.54151005744934,0
1595995846.8501263,269.5434669971466,116.54151005744934,0
1595995846.8601248,271.3432077884674,116.54151005744934,0
1595995846.8701339,273.1448368549347,116.54151005744934,0
1595995846.880133,274.94466347694396,116.54151005744934,0
1595995846.8901348,276.7450050830841,116.54151005744934,0
1595995846.900119,278.5421709537506,116.54151005744934,0
1595995846.9101346,280.3449587345123,116.54151005744934,0
1595995846.920117,282.1417812824249,116.54151005744934,0
1595995846.9301243,283.94310994148253,116.54151005744934,0
1595995846.9401245,285.743151140213,116.54151005744934,0
1595995846.9501245,287.54314942359923,116.54151005744934,0
1595995846.9601357,289.34516472816466,116.54151005744934,0
1595995846.9701355,291.14512009620665,116.54151005744934,0
1595995846.9801147,292.94138474464415,116.54151005744934,0
1595995846.9901254,294.7433142185211,116.54151005744934,0
1595995847.0001206,296.5424541950226,116.54151005744934,0
1595995847.0101237,298.3430103778839,116.54151005744934,0
1595995847.0201356,300.14515442848204,116.54151005744934,0
1595995847.0301182,301.9420198917389,116.54151005744934,0
1595995847.0401182,303.7420181751251,116.54151005744934,0
1595995847.0501235,305.5429605960846,116.54151005744934,0
1595995847.0601218,307.34265847206115,116.54151005744934,0
1595995847.0701237,309.1430000782013,116.54151005744934,0
1595995847.0801296,310.94407124519347,116.54151005744934,0
1595995847.0901182,312.74200959205626,116.54151005744934,0
1595995847.1001258,314.5433811664581,116.54151005744934,0
1595995847.110132,316.34449524879454,116.54151005744934,0
1595995847.120133,318.1446651935577,116.54151005744934,0
1595995847.130116,319.94161648750304,116.54151005744934,0
1595995847.1401327,321.74461884498595,116.54151005744934,0
1595995847.150124,323.5430721759796,116.54151005744934,0
1595995847.1601226,325.3428129673004,116.54151005744934,0
1595995847.1701334,327.14474244117736,116.54151005744934,0
1595995847.1801279,328.9437536716461,116.54151005744934,0
1595995847.1901314,330.7443956851959,116.54151005744934,0
1595995847.200127,332.5435785770416,116.54151005744934,0
1595995847.210119,334.342160654068,116.54151005744934,0
1595995847.2201211,336.14254517555236,116.54151005744934,0
1595995847.2301192,337.9422001361847,116.54151005744934,0
1595995847.2401154,339.7415117740631,116.54151005744934,0
1595995847.2501152,341.5414671421051,116.54151005744934,0
1595995847.2601187,343.3421091556549,116.54151005744934,0
1595995847.2701166,345.141721200943,116.54151005744934,0
1595995847.28013,346.94412274360656,116.54151005744934,0
1595995847.2901306,348.7442497730255,116.54151005744934,0
1595995847.3001163,350.54167313575743,116.54151005744934,0
1595995847.3101263,352.3434738636017,116.54151005744934,0
1595995847.3201227,354.14282841682433,116.54151005744934,0
1595995847.3301182,355.94201130867003,116.54151005744934,0
1595995847.3401153,357.7414946079254,116.54151005744934,0
1595995847.3501318,359.5444540500641,116.54151005744934,0
1595995847.3526797,360,116.54151005744934,1
1595995847.3601239,361.34303612709044,116.54151005744934,0
1595995847.3635433,361.9585279941559,116.54151005744934,0
1595995847.3635433,360.58755839824676,115.17054046154023,0
1595995847.3649058,360.83281959056853,115.17054046154023,0
1595995847.3649058,360.24984587717057,114.58756674814225,0
1595995847.367579,360.7310127167702,114.58756674814225,0
1595995847.367579,360.219303815031,114.07585784640312,0
1595995847.3701308,360.67862674441335,114.07585784640312,0
1595995847.3801358,362.4795262500286,114.07585784640312,0
1595995847.3901153,364.2758338138103,114.07585784640312,0
1595995847.4001236,366.0773341342449,114.07585784640312,0
1595995847.4101322,367.8788773700237,114.07585784640312,0
1595995847.4201193,369.67655822482106,114.07585784640312,0
1595995847.430115,371.475784032011,114.07585784640312,0
1595995847.4401357,373.27951595034597,114.07585784640312,0
1595995847.4501207,375.0768105670452,114.07585784640312,0
1595995847.4601178,376.87629386630056,114.07585784640312,0
1595995847.4701142,378.6756484195232,114.07585784640312,0
1595995847.4801226,380.4771487399578,114.07585784640312,0
1595995847.4901192,382.2765462085247,114.07585784640312,0
1595995847.5001342,384.0792481585979,114.07585784640312,0
1595995847.5101244,385.8774869128704,114.07585784640312,0
1595995847.5201316,387.67877265658376,114.07585784640312,0
1595995847.5301306,389.47859927859304,114.07585784640312,0
1595995847.5401213,391.276923863554,114.07585784640312,0
1595995847.5501199,393.0766646548748,114.07585784640312,0
1595995847.560114,394.87559005465505,114.07585784640312,0
1595995847.570123,396.67721912112233,114.07585784640312,0
1595995847.5801253,398.47764655795095,114.07585784640312,0
1595995847.5901177,400.27627155032155,114.07585784640312,0
1595995847.6001232,402.07725688662526,114.07585784640312,0
1595995847.6101248,403.87755557742116,114.07585784640312,0
1595995847.6201262,405.6778113528728,114.07585784640312,0
1595995847.6301293,407.47836753573415,114.07585784640312,0
1595995847.6401298,409.27845164980886,114.07585784640312,0
1595995847.650131,411.0786645099163,114.07585784640312,0
1595995847.6601145,412.87570163455007,114.07585784640312,0
1595995847.67012,414.6766869708538,114.07585784640312,0
1595995847.680118,416.4763419314861,114.07585784640312,0
1595995847.6901307,418.27861472811696,114.07585784640312,0
1595995847.7001252,420.0776259585857,114.07585784640312,0
1595995847.7101178,421.87629386630056,114.07585784640312,0
1595995847.7201293,423.6783520862102,114.07585784640312,0
1595995847.73012,425.47667667117116,114.07585784640312,0
1595995847.7401311,427.2786919757366,114.07585784640312,0
1595995847.7501297,429.0784327670574,114.07585784640312,0
1595995847.7601178,430.8762852832317,114.07585784640312,0
1595995847.7701275,432.6780430957317,114.07585784640312,0
1595995847.780121,434.4768826648235,114.07585784640312,0
1595995847.7901332,436.2790696307659,114.07585784640312,0
1595995847.8001256,438.0776946231365,114.07585784640312,0
1595995847.810118,439.8763196155071,114.07585784640312,0
1595995847.8201241,441.6774336978435,114.07585784640312,0
1595995847.8301153,443.47584411349294,114.07585784640312,0
1595995847.8401208,445.27682944979665,114.07585784640312,0
1595995847.8501213,447.07691356387136,114.07585784640312,0
1595995847.8601258,448.8777272387981,114.07585784640312,0
1595995847.8701315,450.67875549044606,114.07585784640312,0
1595995847.88012,452.47669383730886,114.07585784640312,0
1595995847.8901188,454.2764775439739,114.07585784640312,0
1595995847.9001317,456.078793255949,114.07585784640312,0
1595995847.91012,457.87668868746755,114.07585784640312,0
1595995847.9201305,459.67857524600026,114.07585784640312,0
1595995847.9301157,461.4759127780437,114.07585784640312,0
1595995847.940114,463.2756106540203,114.07585784640312,0
1595995847.9501214,465.0769393130779,114.07585784640312,0
1595995847.9601324,466.8789117022991,114.07585784640312,0
1595995847.9701314,468.67873832430837,114.07585784640312,0
1595995847.980133,470.47903701510427,114.07585784640312,0
1595995847.9901152,472.2758166476726,114.07585784640312,0
1595995848.0001352,474.0794198199749,114.07585784640312,0
1595995848.0001352,0,114.07585784640312,0
1595995848.0101514,115.87877437319756,114.07585784640312,0
1595995848.0201561,117.67963096346855,114.07585784640312,0
1595995848.0301528,119.47902843203545,114.07585784640312,0
1595995848.0401552,121.27945586886406,114.07585784640312,0
1595995848.0501351,123.07584926333428,114.07585784640312,0
1595995848.0601513,124.87876579012871,114.07585784640312,0
1595995848.0701504,126.67859241213799,114.07585784640312,0
1595995848.080147,128.47798988070488,114.07585784640312,0
1595995848.0901453,130.27768775668144,114.07585784640312,0
1595995848.1001523,132.07893058505059,114.07585784640312,0
1595995848.1101434,133.8773410007,114.07585784640312,0
1595995848.120151,135.67871257510186,114.07585784640312,0
1595995848.1301367,137.4761359378338,114.07585784640312,0
1595995848.140158,139.27995368685723,114.07585784640312,0
1595995848.1501534,141.07913657870293,114.07585784640312,0
1595995848.1601443,142.8775040790081,114.07585784640312,0
1595995848.170143,144.6772448703289,114.07585784640312,0
1595995848.1801534,146.47913142886162,114.07585784640312,0
1595995848.1901543,148.2793013736248,114.07585784640312,0
1595995848.2001355,150.0759093448162,114.07585784640312,0
1595995848.2101495,151.8784396335125,114.07585784640312,0
1595995848.2201416,153.67702171053887,114.07585784640312,0
1595995848.2301505,155.4786078616619,114.07585784640312,0
1595995848.2401433,157.277318684721,114.07585784640312,0
1595995848.2501512,159.0787331744671,114.07585784640312,0
1595995848.2601538,160.87920352663994,114.07585784640312,0
1595995848.2701528,162.67903014864922,114.07585784640312,0
1595995848.2801387,164.4764964267254,114.07585784640312,0
1595995848.2901518,166.27885505404473,114.07585784640312,0
1595995848.3001442,168.07748004641533,114.07585784640312,0
1595995848.3101447,169.87756416049004,114.07585784640312,0
1595995848.3201416,171.67700454440117,114.07585784640312,0
1595995848.3301454,173.47768947329521,114.07585784640312,0
1595995848.3401473,175.27803107943535,114.07585784640312,0
1595995848.3501418,177.0770423099041,114.07585784640312,0
1595995848.3601441,178.87746974673271,114.07585784640312,0
1595995848.3701384,180.67643806185723,114.07585784640312,0
1595995848.380165,182.48124286379814,114.07585784640312,0
1595995848.3901381,184.27639171328545,114.07585784640312,0
1595995848.4001427,186.0772053882122,114.07585784640312,0
1595995848.410138,187.87634536471367,114.07585784640312,0
1595995848.4201548,189.67939063754082,114.07585784640312,0
1595995848.4301476,191.4781014605999,114.07585784640312,0
1595995848.440164,193.28106090273857,114.07585784640312,0
1595995848.450144,195.0774542972088,114.07585784640312,0
1595995848.4601624,196.88075706210137,114.07585784640312,0
1595995848.4701474,198.67805167880059,114.07585784640312,0
1595995848.4801633,200.48092529025078,114.07585784640312,0
1595995848.490165,202.28122398104668,114.07585784640312,0
1595995848.5001364,204.07607242312432,114.07585784640312,0
1595995848.5101378,205.87632819857598,114.07585784640312,0
1595995848.520153,207.67907306399346,114.07585784640312,0
1595995848.5301392,209.47658225741387,114.07585784640312,0
1595995848.5401416,211.27700969424248,114.07585784640312,0
1595995848.550162,213.0806986972332,114.07585784640312,0
1595995848.5601394,214.8766200229168,114.07585784640312,0
1595995848.5701506,216.67863532748223,114.07585784640312,0
1595995848.5801363,218.47605869021416,114.07585784640312,0
1595995848.5901437,220.27738734927178,114.07585784640312,0
1595995848.6001413,222.07695647921562,114.07585784640312,0
1595995848.6101458,223.87777015414238,114.07585784640312,0
1595995848.6201446,225.67755386080742,114.07585784640312,0
1595995848.6301377,227.47630759921074,114.07585784640312,0
1595995848.6401415,229.27699252810478,114.07585784640312,0
1595995848.6501515,231.07879325594902,114.07585784640312,0
1595995848.660137,232.87617370333672,114.07585784640312,0
1595995848.6701362,234.67604324069023,114.07585784640312,0
1595995848.6801357,236.475955693388,114.07585784640312,0
1595995848.6901383,238.27642604556084,114.07585784640312,0
1595995848.700138,240.07638141360283,114.07585784640312,0
1595995848.7101364,241.8760792895794,114.07585784640312,0
1595995848.7201617,243.68062659945488,114.07585784640312,0
1595995848.7301643,245.48109695162773,114.07585784640312,0
1595995848.740139,247.2765462085247,114.07585784640312,0
1595995848.7501643,249.0810935184002,114.07585784640312,0
1595995848.7601395,250.87662860598564,114.07585784640312,0
1595995848.770163,252.68087550845146,114.07585784640312,0
1595995848.7801373,254.47623893465996,114.07585784640312,0
1595995848.7901416,256.27700969424245,114.07585784640312,0
1595995848.8001351,258.07584926333425,114.07585784640312,0
1595995848.8101616,259.8806111499309,114.07585784640312,0
1595995848.820147,261.6779915973186,114.07585784640312,0
1595995848.830136,263.4760157748699,114.07585784640312,0
1595995848.8401375,265.27627155032155,114.07585784640312,0
1595995848.8501468,267.0779435321331,114.07585784640312,0
1595995848.8601623,268.8807313128948,114.07585784640312,0
1595995848.8701425,270.67716762270925,114.07585784640312,0
1595995848.880164,272.4810282870769,114.07585784640312,0
1595995848.8901637,274.2809836551189,114.07585784640312,0
1595995848.9001403,276.0767762347698,114.07585784640312,0
1595995848.9101665,277.88149520602224,114.07585784640312,0
1595995848.920148,279.6781460925579,114.07585784640312,0
1595995848.9301348,281.475784032011,114.07585784640312,0
1595995848.940148,283.2781855746746,114.07585784640312,0
1595995848.950136,285.07599517550466,114.07585784640312,0
1595995848.9601567,286.8797270938396,114.07585784640312,0
1595995848.9701629,288.68084117617605,114.07585784640312,0
1595995848.9801645,290.48113986697194,114.07585784640312,0
1595995848.9901602,292.2803656741619,114.07585784640312,0
1595995849.0001419,294.07705947604177,114.07585784640312,0
1595995849.010139,295.87654277529714,114.07585784640312,0
1595995849.0201445,297.67752811160085,114.07585784640312,0
1595995849.0301554,299.47950050082204,114.07585784640312,0
1595995849.040142,301.2770955249309,114.07585784640312,0
1595995849.0501351,303.07584926333425,114.07585784640312,0
1595995849.0601628,304.8808257266521,114.07585784640312,0
1595995849.0701618,306.6806523486614,114.07585784640312,0
1595995849.0801437,308.4773890658855,114.07585784640312,0
1595995849.090136,310.2760140582561,114.07585784640312,0
1595995849.1001394,312.0766131564617,114.07585784640312,0
1595995849.1101391,313.8765685245037,114.07585784640312,0
1595995849.1201372,315.676223485136,114.07585784640312,0
1595995849.130139,317.47656509127614,114.07585784640312,0
1595995849.140161,319.2805115863323,114.07585784640312,0
1595995849.1501617,321.08063861575124,114.07585784640312,0
1595995849.1601539,322.8792206927776,114.07585784640312,0
1595995849.1701448,324.6775881930828,114.07585784640312,0
1595995849.180137,326.47617027010915,114.07585784640312,0
1595995849.1901379,328.27634021487233,114.07585784640312,0
1595995849.2001402,330.07676765170095,114.07585784640312,0
1595995849.2101417,331.8770234271526,114.07585784640312,0
1595995849.220136,333.6759917422771,114.07585784640312,0
1595995849.230135,335.4758183642864,114.07585784640312,0
1595995849.2401419,337.27706119265554,114.07585784640312,0
1595995849.2501438,339.0774027987957,114.07585784640312,0
1595995849.2601383,340.8764140292644,114.07585784640312,0
1595995849.2701366,342.676111905241,114.07585784640312,0
1595995849.2801416,344.4770114108562,114.07585784640312,0
1595995849.2901564,346.2796704455852,114.07585784640312,0
1595995849.3001375,348.07627841677663,114.07585784640312,0
1595995849.3101525,349.8789803668499,114.07585784640312,0
1595995849.3201375,351.6762749835491,114.07585784640312,0
1595995849.3301406,353.4768311664104,114.07585784640312,0
1595995849.3401594,355.2802197619915,114.07585784640312,0
1595995849.3501356,357.0759265109539,114.07585784640312,0
1595995849.3601346,358.87575313296315,114.07585784640312,0
1595995849.365169,359.7819535418987,114.07585784640312,0
1595995849.365169,359.9345860625696,114.22849036707403,0
1595995849.365534,360,114.22849036707403,1
1595995849.3701484,360.8308730269861,114.22849036707403,0
1595995849.3702672,360.8522448684168,114.22849036707403,0
1595995849.3702672,360.25567346052503,113.63191895918227,0
1595995849.380139,362.0326262040553,113.63191895918227,0
1595995849.3901515,363.8348560853419,113.63191895918227,0
1595995849.4001613,365.6366138978419,113.63191895918227,0
1595995849.4101374,367.4323206468043,113.63191895918227,0
1595995849.4201565,369.2357521577296,113.63191895918227,0
1595995849.4301562,371.0357075257716,113.63191895918227,0
1595995849.440153,372.8351049943385,113.63191895918227,0
1595995849.4501374,374.63231378034925,113.63191895918227,0
1595995849.46015,376.4345865769801,113.63191895918227,0
1595995849.4701338,378.23166661695814,113.63191895918227,0
1595995849.4801369,380.03222279981946,113.63191895918227,0
1595995849.4901578,381.83599763349866,113.63191895918227,0
1595995849.5001557,383.63560967878675,113.63191895918227,0
1595995849.5101485,385.43432050184583,113.63191895918227,0
1595995849.5201504,387.23466210798597,113.63191895918227,0
1595995849.5301502,389.03461747602796,113.63191895918227,0
1595995849.540146,390.83388619856214,113.63191895918227,0
1595995849.5501466,392.63397031263685,113.63191895918227,0
1595995849.5601506,394.43469815687513,113.63191895918227,0
1595995849.5701444,396.23358064131116,113.63191895918227,0
1595995849.5801365,398.03216271833753,113.63191895918227,0
1595995849.5901353,399.83194642500257,113.63191895918227,0
1595995849.600159,401.6361933274684,113.63191895918227,0
1595995849.6101565,403.43576245741224,113.63191895918227,0
1595995849.6201441,405.2335291428981,113.63191895918227,0
1595995849.6301506,407.03468614057874,113.63191895918227,0
1595995849.6401508,408.8347273393092,113.63191895918227,0
1595995849.6501536,410.6352406068263,113.63191895918227,0
1595995849.6601534,412.4351959748683,113.63191895918227,0
1595995849.670163,414.23691087202405,113.63191895918227,0
1595995849.6801362,416.0321026368556,113.63191895918227,0
1595995849.690142,417.83313088850355,113.63191895918227,0
1595995849.7001603,419.6364336533961,113.63191895918227,0
1595995849.7101362,421.4320974870143,113.63191895918227,0
1595995849.7201538,423.23527150587415,113.63191895918227,0
1595995849.7301576,425.0359564347682,113.63191895918227,0
1595995849.740143,426.8333368821559,113.63191895918227,0
1595995849.7501636,428.6370258851466,113.63191895918227,0
1595995849.7601585,430.43612294630384,113.63191895918227,0
1595995849.770157,432.23586373762464,113.63191895918227,0
1595995849.7801569,434.03581910566663,113.63191895918227,0
1595995849.7901337,435.83165460066175,113.63191895918227,0
1595995849.800148,437.6342278047023,113.63191895918227,0
1595995849.810153,439.4351273103175,113.63191895918227,0
1595995849.820153,441.23512559370374,113.63191895918227,0
1595995849.8301334,443.03160481886243,113.63191895918227,0
1595995849.8401437,444.8334484620509,113.63191895918227,0
1595995849.8501437,446.63344674543714,113.63191895918227,0
1595995849.860157,448.4358482881007,113.63191895918227,0
1595995849.8701565,450.23576074079847,113.63191895918227,0
1595995849.880152,452.0349436326442,113.63191895918227,0
1595995849.8901546,453.835413984817,113.63191895918227,0
1595995849.9001617,455.6366997285304,113.63191895918227,0
1595995849.9101539,457.43528180555677,113.63191895918227,0
1595995849.9201539,459.235280088943,113.63191895918227,0
1595995849.9301417,461.0330896897731,113.63191895918227,0
1595995849.940156,462.8356628938136,113.63191895918227,0
1595995849.9501479,464.63420205549573,113.63191895918227,0
1595995849.9601405,466.4328699632106,113.63191895918227,0
1595995849.9701526,468.23505692915296,113.63191895918227,0
1595995849.9801502,470.0346260590968,113.63191895918227,0
1595995849.9901502,471.83462434248304,113.63191895918227,0
1595995850.0001585,473.6361246629176,113.63191895918227,0
1595995850.0001585,0,113.63191895918227,0
1595995850.01016,115.43217473463393,113.63191895918227,0
1595995850.020167,117.23346047834731,113.63191895918227,0
1595995850.030171,119.03414540724135,113.63191895918227,0
1595995850.0401778,120.8353882356105,113.63191895918227,0
1595995850.0501664,122.63332658247329,113.63191895918227,0
1595995850.0601702,124.43401151136733,113.63191895918227,0
1595995850.070171,126.23418145613051,113.63191895918227,0
1595995850.080167,128.03345017866468,113.63191895918227,0
1595995850.0901794,129.8356800599513,113.63191895918227,0
1595995850.1001763,131.63512044386243,113.63191895918227,0
1595995850.1101706,133.43408875898695,113.63191895918227,0
1595995850.1201706,135.23408704237318,113.63191895918227,0
1595995850.1301785,137.03550153211927,113.63191895918227,0
1595995850.140162,138.83253865675306,113.63191895918227,0
1595995850.150179,140.6355839295802,113.63191895918227,0
1595995850.1601794,142.4356680436549,113.63191895918227,0
1595995850.1701727,144.23446469740247,113.63191895918227,0
1595995850.1801796,146.0357075257716,113.63191895918227,0
1595995850.1901596,147.83210092024183,113.63191895918227,0
1595995850.2001648,149.6330433412013,113.63191895918227,0
1595995850.210176,151.43505864576673,113.63191895918227,0
1595995850.2201684,153.23368363813734,113.63191895918227,0
1595995850.2301583,155.03187947706556,113.63191895918227,0
1595995850.2401655,156.83316522077894,113.63191895918227,0
1595995850.2501724,158.63440804914808,113.63191895918227,0
1595995850.2601616,160.4324751420436,113.63191895918227,0
1595995850.2701714,162.2342329545436,113.63191895918227,0
1595995850.2801769,164.0352182908473,113.63191895918227,0
1595995850.2901688,165.83375745252943,113.63191895918227,0
1595995850.3001661,167.63328366712904,113.63191895918227,0
1595995850.310169,169.43379693464613,113.63191895918227,0
1595995850.3201656,171.23319440321302,113.63191895918227,0
1595995850.3301625,173.03263478712415,113.63191895918227,0
1595995850.3401628,174.83267598585462,113.63191895918227,0
1595995850.3501627,176.63267426924085,113.63191895918227,0
1595995850.3601642,178.4329300446925,113.63191895918227,0
1595995850.3701708,180.2341299577174,113.63191895918227,0
1595995850.380174,182.03468614057874,113.63191895918227,0
1595995850.3901603,183.8322382493434,113.63191895918227,0
1595995850.4001646,185.6330090089259,113.63191895918227,0
1595995850.4101691,187.43382268385267,113.63191895918227,0
1595995850.4201608,189.23231893019056,113.63191895918227,0
1595995850.4301727,191.0344629807887,113.63191895918227,0
1595995850.44016,192.8321867509303,113.63191895918227,0
1595995850.450169,194.6338158173976,113.63191895918227,0
1595995850.4601736,196.43462949232435,113.63191895918227,0
1595995850.4701684,198.23368363813734,113.63191895918227,0
1595995850.4801743,200.03475480512952,113.63191895918227,0
1595995850.4901752,201.8349247498927,113.63191895918227,0
1595995850.5001776,203.63535218672132,113.63191895918227,0
1595995850.5101793,205.43565087751722,113.63191895918227,0
1595995850.5201652,207.2331171555934,113.63191895918227,0
1595995850.5301702,209.03401666120863,113.63191895918227,0
1595995850.5401645,210.83298497633314,113.63191895918227,0
1595995850.5501714,212.63422780470228,113.63191895918227,0
1595995850.5601778,214.43538480238294,113.63191895918227,0
1595995850.5701735,216.23461060957288,113.63191895918227,0
1595995850.5801752,218.03490930036878,113.63191895918227,0
1595995850.5901635,219.83280473188734,113.63191895918227,0
1595995850.6001637,221.6328459306178,113.63191895918227,0
1595995850.6101732,223.43456082777357,113.63191895918227,0
1595995850.620161,225.23237042860364,113.63191895918227,0
1595995850.6301627,227.03266911939954,113.63191895918227,0
1595995850.6401584,228.83189492658948,113.63191895918227,0
1595995850.650162,230.6325369401393,113.63191895918227,0
1595995850.6601758,232.43502431349134,113.63191895918227,0
1595995850.6701791,234.2356234116969,113.63191895918227,0
1595995850.6801713,236.03420548872327,113.63191895918227,0
1595995850.690163,237.83270173506116,113.63191895918227,0
1595995850.700161,239.6323566956935,113.63191895918227,0
1595995850.7101781,241.43544488386488,113.63191895918227,0
1595995850.720174,243.23471360639905,113.63191895918227,0
1595995850.7301643,245.03295236067152,113.63191895918227,0
1595995850.7401764,246.8351393266139,113.63191895918227,0
1595995850.7501714,248.63423638777113,113.63191895918227,0
1595995850.7601643,250.4329472108302,113.63191895918227,0
1595995850.7701612,252.23238759474134,113.63191895918227,0
1595995850.7801776,254.03534703688,113.63191895918227,0
1595995850.7901645,255.83298497633314,113.63191895918227,0
1595995850.800173,257.63452821211195,113.63191895918227,0
1595995850.8101668,259.433410696548,113.63191895918227,0
1595995850.8201654,261.2331514878688,113.63191895918227,0
1595995850.8301744,263.03478055433607,113.63191895918227,0
1595995850.8401654,264.83314805464124,113.63191895918227,0
1595995850.850175,266.634862951797,113.63191895918227,0
1595995850.860173,268.4345179124293,113.63191895918227,0
1595995850.8701637,270.23284249739027,113.63191895918227,0
1595995850.8801675,272.0335274262843,113.63191895918227,0
1595995850.8901591,273.8320236726222,113.63191895918227,0
1595995850.900171,275.63416772322034,113.63191895918227,0
1595995850.9101708,277.43412309126234,113.63191895918227,0
1595995850.9201665,279.2333488984523,113.63191895918227,0
1595995850.9301698,281.03394799665784,113.63191895918227,0
1595995850.9401784,282.83549123243665,113.63191895918227,0
1595995850.9501786,284.6355324311671,113.63191895918227,0
1595995850.9601765,286.4351444764552,113.63191895918227,0
1595995850.9701684,288.23368363813734,113.63191895918227,0
1595995850.980174,290.0347118897853,113.63191895918227,0
1595995850.9901576,291.8317490144191,113.63191895918227,0
1595995851.000168,293.6336355729518,113.63191895918227,0
1595995851.0101774,295.4353075547633,113.63191895918227,0
1595995851.0201685,297.2337179704127,113.63191895918227,0
1595995851.0301654,299.03315835432386,113.63191895918227,0
1595995851.0401661,300.8332853837428,113.63191895918227,0
1595995851.0501752,302.6349144502101,113.63191895918227,0
1595995851.0601616,304.43246655897474,113.63191895918227,0
1595995851.07016,306.2321644349513,113.63191895918227,0
1595995851.0801783,308.0354671998439,113.63191895918227,0
1595995851.0901666,309.83336263136243,113.63191895918227,0
1595995851.1001775,311.6353350205836,113.63191895918227,0
1595995851.1101635,313.4328012986598,113.63191895918227,0
1595995851.12016,315.2321987672267,113.63191895918227,0
1595995851.1301708,317.03412824110364,113.63191895918227,0
1595995851.1401615,318.8324528260646,113.63191895918227,0
1595995851.1501691,320.63382440046644,113.63191895918227,0
1595995851.1601655,322.4331789536891,113.63191895918227,0
1595995851.1701744,324.23476510481214,113.63191895918227,0
1595995851.1801777,326.0353642030177,113.63191895918227,0
1595995851.190165,327.8330879731593,113.63191895918227,0
1595995851.2001646,329.63300042585706,113.63191895918227,0
1595995851.2101593,331.43205457167005,113.63191895918227,0
1595995851.2201645,333.2329969926295,113.63191895918227,0
1595995851.2301593,335.0320511384425,113.63191895918227,0
1595995851.2401757,336.8350105805812,113.63191895918227,0
1595995851.250171,338.63415055708265,113.63191895918227,0
1595995851.2601616,340.4324751420436,113.63191895918227,0
1595995851.2701735,342.23461919264173,113.63191895918227,0
1595995851.2801788,344.0355616136012,113.63191895918227,0
1595995851.2901788,345.83555989698743,113.63191895918227,0
1595995851.3001738,347.63465695814466,113.63191895918227,0
1595995851.3101707,349.4340973420558,113.63191895918227,0
1595995851.320171,351.2341814561305,113.63191895918227,0
1595995851.3301687,353.03375058607435,113.63191895918227,0
1595995851.340164,354.8328905625758,113.63191895918227,0
1595995851.350158,356.6318159623561,113.63191895918227,0
1595995851.360175,358.43486123518323,113.63191895918227,0
1595995851.368887,360,113.63191895918227,1
1595995851.3701668,360.23340039686536,113.63191895918227,0
1595995851.3778653,361.61913686231946,113.63191895918227,0
1595995851.3778653,360.48574105869585,112.49852315555864,0
1595995851.379277,360.7398428119307,112.49852315555864,0
1595995851.379277,360.22195284357923,111.98063318720715,0
1595995851.3801775,360.3840440987672,111.98063318720715,0
1595995851.3901768,362.18391363612074,111.98063318720715,0
1595995851.4001722,363.98309652796644,111.98063318720715,0
1595995851.4101791,365.7843393563356,111.98063318720715,0
1595995851.4201698,367.5826639412965,111.98063318720715,0
1595995851.4301786,369.38425009241956,111.98063318720715,0
1595995851.4401639,371.181587624463,111.98063318720715,0
1595995851.4501672,372.9821867226686,111.98063318720715,0
1595995851.460173,374.78321497431654,111.98063318720715,0
1595995851.470178,376.58411447993177,111.98063318720715,0
1595995851.4801753,378.3836406945314,111.98063318720715,0
1595995851.4901729,380.1832098244752,111.98063318720715,0
1595995851.5001745,381.9835085152711,111.98063318720715,0
1595995851.5101714,383.78294889918226,111.98063318720715,0
1595995851.5201726,385.5831617592897,111.98063318720715,0
1595995851.530158,387.3805422066774,111.98063318720715,0
1595995851.5401638,389.1815704583253,111.98063318720715,0
1595995851.550177,390.9839720009889,111.98063318720715,0
1595995851.560174,392.78341238490003,111.98063318720715,0
1595995851.570158,394.5805353402223,111.98063318720715,0
1595995851.5801713,396.3829368828859,111.98063318720715,0
1595995851.5901768,398.1839222191896,111.98063318720715,0
1595995851.6001787,399.9842638253297,111.98063318720715,0
1595995851.6101623,401.7813009499635,111.98063318720715,0
1595995851.6201746,403.58353083125013,111.98063318720715,0
1595995851.6301668,405.3821129082765,111.98063318720715,0
1595995851.6401742,407.1834415673341,111.98063318720715,0
1595995851.650166,408.98198072901624,111.98063318720715,0
1595995851.6601686,410.7824510811891,111.98063318720715,0
1595995851.6701722,412.5830930947389,111.98063318720715,0
1595995851.680174,414.38343470087904,111.98063318720715,0
1595995851.6901612,416.1811155556764,111.98063318720715,0
1595995851.7001717,417.9830021142091,111.98063318720715,0
1595995851.7101622,419.7812837838258,111.98063318720715,0
1595995851.7201633,421.58149664393324,111.98063318720715,0
1595995851.730177,423.38394110194105,111.98063318720715,0
1595995851.7401588,425.18067781916517,111.98063318720715,0
1595995851.750177,426.9839376687135,111.98063318720715,0
1595995851.7601728,428.7832063912477,111.98063318720715,0
1595995851.7701662,430.58200304499525,111.98063318720715,0
1595995851.7801695,432.3826021432008,111.98063318720715,0
1595995851.7901618,434.1812271355714,111.98063318720715,0
1595995851.8001745,435.9834999322023,111.98063318720715,0
1595995851.810172,437.7830690621461,111.98063318720715,0
1595995851.8201606,439.5810074090089,111.98063318720715,0
1595995851.8301694,441.38259356013197,111.98063318720715,0
1595995851.8401573,443.18040316096204,111.98063318720715,0
1595995851.8501594,444.9807876824464,111.98063318720715,0
1595995851.8601654,446.7818588494386,111.98063318720715,0
1595995851.8701675,448.582243370923,111.98063318720715,0
1595995851.8801727,450.38318579188245,111.98063318720715,0
1595995851.8901734,452.1833128213014,111.98063318720715,0
1595995851.9001682,453.9823669671144,111.98063318720715,0
1595995851.910158,455.7805198906984,111.98063318720715,0
1595995851.9201577,457.58047525874036,111.98063318720715,0
1595995851.930163,459.38141767969984,111.98063318720715,0
1595995851.9401743,461.1834758996095,111.98063318720715,0
1595995851.950162,462.98124258509534,111.98063318720715,0
1595995851.960157,464.78033964625257,111.98063318720715,0
1595995851.9701777,466.58407156458753,111.98063318720715,0
1595995851.9801733,468.3832973717775,111.98063318720715,0
1595995851.9901645,470.1817077874269,111.98063318720715,0
1595995852.0001767,471.98389475336927,111.98063318720715,0
1595995852.0001767,0,111.98063318720715,0
1595995852.0101895,113.78294889918224,111.98063318720715,0
1595995852.0201945,115.58384840479748,111.98063318720715,0
1595995852.030184,117.38195841303722,111.98063318720715,0
1595995852.0401847,119.18208544245617,111.98063318720715,0
1595995852.050177,120.98071043482678,111.98063318720715,0
1595995852.0601928,122.78354113093273,111.98063318720715,0
1595995852.0701776,124.58079283228771,111.98063318720715,0
1595995852.0801942,126.38379518977062,111.98063318720715,0
1595995852.09019,128.18302099696058,111.98063318720715,0
1595995852.1001837,129.9819034813966,111.98063318720715,0
1595995852.11018,131.78121511927503,111.98063318720715,0
1595995852.1201925,133.5834879159059,111.98063318720715,0
1595995852.1301858,135.38228456965345,111.98063318720715,0
1595995852.1401875,137.18258326044935,111.98063318720715,0
1595995852.1501837,138.98189489832777,111.98063318720715,0
1595995852.1601772,140.78073446741956,111.98063318720715,0
1595995852.1701891,142.5828785180177,111.98063318720715,0
1595995852.1801906,144.38313429346937,111.98063318720715,0
1595995852.1901948,146.1839050530519,111.98063318720715,0
1595995852.2001843,147.98201506129163,111.98063318720715,0
1595995852.2101922,149.78342955103773,111.98063318720715,0
1595995852.2201812,151.581453728589,111.98063318720715,0
1595995852.2301826,153.38170950404066,111.98063318720715,0
1595995852.2401948,155.18389646998304,111.98063318720715,0
1595995852.2501822,156.98162024012464,111.98063318720715,0
1595995852.2601867,158.7824339150514,111.98063318720715,0
1595995852.2701828,160.58174555292982,111.98063318720715,0
1595995852.2801828,162.38174383631605,111.98063318720715,0
1595995852.2901814,164.18148462763685,111.98063318720715,0
1595995852.3001893,165.98289911738294,111.98063318720715,0
1595995852.3101864,167.7823824166383,111.98063318720715,0
1595995852.3201907,169.58315317622083,111.98063318720715,0
1595995852.3301816,171.381520676526,111.98063318720715,0
1595995852.3401818,173.18156187525648,111.98063318720715,0
1595995852.350189,174.98284761896986,111.98063318720715,0
1595995852.360182,176.78160135737318,111.98063318720715,0
1595995852.3701808,178.58138506403822,111.98063318720715,0
1595995852.3801808,180.38138334742445,111.98063318720715,0
1595995852.3901849,182.18211119166273,111.98063318720715,0
1595995852.4001832,183.9818090676393,111.98063318720715,0
1595995852.4101882,185.78270857325452,111.98063318720715,0
1595995852.420197,187.58429472437757,111.98063318720715,0
1595995852.4301941,189.38377802363294,111.98063318720715,0
1595995852.4401927,191.18351881495374,111.98063318720715,0
1595995852.4501796,192.98115675440687,111.98063318720715,0
1595995852.4601777,194.7808117150392,111.98063318720715,0
1595995852.4701862,196.582354950818,111.98063318720715,0
1595995852.4801807,198.38136618128675,111.98063318720715,0
1595995852.4901853,200.1821798562135,111.98063318720715,0
1595995852.50018,201.9812340020265,111.98063318720715,0
1595995852.5101929,203.7835497140016,111.98063318720715,0
1595995852.5201972,205.5843204735841,111.98063318720715,0
1595995852.5301933,207.38363211146253,111.98063318720715,0
1595995852.5401845,209.18204252711195,111.98063318720715,0
1595995852.5501812,210.98143999567884,111.98063318720715,0
1595995852.5601766,212.78062288752454,111.98063318720715,0
1595995852.5701926,214.58349649897474,111.98063318720715,0
1595995852.580196,216.3840955971803,111.98063318720715,0
1595995852.5901883,218.1827205895509,111.98063318720715,0
1595995852.6001968,219.98426382532972,111.98063318720715,0
1595995852.610184,221.78194468012708,111.98063318720715,0
1595995852.6201873,223.58254377833265,111.98063318720715,0
1595995852.6301975,225.38438742152113,111.98063318720715,0
1595995852.6401885,227.1827549218263,111.98063318720715,0
1595995852.650194,228.98374025813,111.98063318720715,0
1595995852.6601875,230.7825798272218,111.98063318720715,0
1595995852.670191,232.5832218407716,111.98063318720715,0
1595995852.6801796,234.3811601876344,111.98063318720715,0
1595995852.6901815,236.18150179377454,111.98063318720715,0
1595995852.7001913,237.98325960627454,111.98063318720715,0
1595995852.710178,239.78085463038343,111.98063318720715,0
1595995852.72019,241.5830415963258,111.98063318720715,0
1595995852.7301948,243.3838981865968,111.98063318720715,0
1595995852.7401896,245.1829523324098,111.98063318720715,0
1595995852.7501962,246.9841522454347,111.98063318720715,0
1595995852.7601871,248.78251974573988,111.98063318720715,0
1595995852.770193,250.58359091273206,111.98063318720715,0
1595995852.7801895,252.38294546595472,111.98063318720715,0
1595995852.790183,254.18178503504652,111.98063318720715,0
1595995852.8001776,255.98079626551527,111.98063318720715,0
1595995852.8101912,257.7832407235231,111.98063318720715,0
1595995852.820192,259.58341066828626,111.98063318720715,0
1595995852.8301833,261.3818210839357,111.98063318720715,0
1595995852.8401763,263.180574822339,111.98063318720715,0
1595995852.8501759,264.98048727503675,111.98063318720715,0
1595995852.8601902,266.7830604790773,111.98063318720715,0
1595995852.8701897,268.58297293177503,111.98063318720715,0
1595995852.880179,270.38104002467054,111.98063318720715,0
1595995852.8901932,272.18361322871107,111.98063318720715,0
1595995852.9001784,273.9809507607545,111.98063318720715,0
1595995852.9101949,275.7839102028932,111.98063318720715,0
1595995852.9201908,277.5831789254274,111.98063318720715,0
1595995852.930182,279.3815893410768,111.98063318720715,0
1595995852.940192,281.183390068921,111.98063318720715,0
1595995852.95018,282.98124258509534,111.98063318720715,0
1595995852.960188,284.78265707484144,111.98063318720715,0
1595995852.9701924,286.5834707497682,111.98063318720715,0
1595995852.980195,288.38394110194105,111.98063318720715,0
1595995852.9901826,290.1817077874269,111.98063318720715,0
1595995853.0001922,291.98342268458265,111.98063318720715,0
1595995853.0101812,293.7814468621339,111.98063318720715,0
1595995853.0201952,295.5839771508302,111.98063318720715,0
1595995853.030195,297.3839325188722,111.98063318720715,0
1595995853.0401964,299.18418829432386,111.98063318720715,0
1595995853.0501916,300.9833282708253,111.98063318720715,0
1595995853.06018,302.7812237023439,111.98063318720715,0
1595995853.0701954,304.5840114831056,111.98063318720715,0
1595995853.0801795,306.38113443842786,111.98063318720715,0
1595995853.0901947,308.18387930384534,111.98063318720715,0
1595995853.1001925,309.98349134913343,111.98063318720715,0
1595995853.1101775,311.78078596583265,111.98063318720715,0
1595995853.1201863,313.5823721169557,111.98063318720715,0
1595995853.130185,315.3821129082765,111.98063318720715,0
1595995853.1401832,317.18181078425306,111.98063318720715,0
1595995853.1501937,318.9836973427858,111.98063318720715,0
1595995853.1601954,320.7839960335817,111.98063318720715,0
1595995853.170194,322.5837368249025,111.98063318720715,0
1595995853.1801856,324.38223307124036,111.98063318720715,0
1595995853.1901963,326.1841625451173,111.98063318720715,0
1595995853.200182,327.98158590784925,111.98063318720715,0
1595995853.2101827,329.7817129372682,111.98063318720715,0
1595995853.2201922,331.58342783442396,111.98063318720715,0
1595995853.2301805,333.3813232659425,111.98063318720715,0
1595995853.2401967,335.18423979273695,111.98063318720715,0
1595995853.2501876,336.9826072930421,111.98063318720715,0
1595995853.2601902,338.783077645215,111.98063318720715,0
1595995853.2701888,340.5828184365358,111.98063318720715,0
1595995853.280184,342.38195841303724,111.98063318720715,0
1595995853.29019,344.1830295800294,111.98063318720715,0
1595995853.3001764,345.9805816887941,111.98063318720715,0
1595995853.3101926,347.7834982155885,111.98063318720715,0
1595995853.3201811,349.5814365624513,111.98063318720715,0
1595995853.3301852,351.3821644066896,111.98063318720715,0
1595995853.340176,353.18053190699476,111.98063318720715,0
1595995853.350179,354.98104517451185,111.98063318720715,0
1595995853.3601837,356.78190176478284,111.98063318720715,0
1595995853.370181,358.58142797938245,111.98063318720715,0
1595995853.3780773,360,111.98063318720715,1
1595995853.3801773,360.3807396172609,111.98063318720715,0
1595995853.385585,361.35414545527357,111.98063318720715,0
1595995853.385585,360.4062436365821,111.03273136851566,0
1595995853.3869956,360.66013081309575,111.03273136851566,0
1595995853.3869956,360.19803924392875,110.57063979934863,0
1595995853.3896177,360.6700221998613,110.57063979934863,0
1595995853.3896177,360.2010066599584,110.10162425944571,0
1595995853.390188,360.3036601633764,110.10162425944571,0
1595995853.4001858,362.10327220866446,110.10162425944571,0
1595995853.4101899,363.90400005290275,110.10162425944571,0
1595995853.4201925,365.7044704050756,110.10162425944571,0
1595995853.4301956,367.5050265879369,110.10162425944571,0
1595995853.440193,369.30455280253653,110.10162425944571,0
1595995853.450185,371.1031348795629,110.10162425944571,0
1595995853.4601827,372.90270400950675,110.10162425944571,0
1595995853.4701946,374.7048480601049,110.10162425944571,0
1595995853.4801924,376.504460105393,110.10162425944571,0
1595995853.4901814,378.30248428294425,110.10162425944571,0
1595995853.5001836,380.1028688044286,110.10162425944571,0
1595995853.5101812,381.9024379343725,110.10162425944571,0
1595995853.520191,383.7041957468725,110.10162425944571,0
1595995853.5301843,385.50299240062003,110.10162425944571,0
1595995853.5401917,387.30432105967765,110.10162425944571,0
1595995853.550188,389.1036756129003,110.10162425944571,0
1595995853.560192,390.9044034571386,110.10162425944571,0
1595995853.5701866,392.70341468760734,110.10162425944571,0
1595995853.580184,394.50294090220694,110.10162425944571,0
1595995853.5901868,396.30345416972403,110.10162425944571,0
1595995853.6001964,398.1051690668798,110.10162425944571,0
1595995853.6101913,399.904266128037,110.10162425944571,0
1595995853.6201768,401.7016465754247,110.10162425944571,0
1595995853.630177,403.5016877741552,110.10162425944571,0
1595995853.6401844,405.3030164332128,110.10162425944571,0
1595995853.6501913,407.10425926158194,110.10162425944571,0
1595995853.6601946,408.9048583597875,110.10162425944571,0
1595995853.670175,410.7013375849462,110.10162425944571,0
1595995853.6801863,412.50335288951163,110.10162425944571,0
1595995853.690192,414.3043811411596,110.10162425944571,0
1595995853.700178,416.10184741923575,110.10162425944571,0
1595995853.7101755,417.9014165491796,110.10162425944571,0
1595995853.7201889,419.7038180918432,110.10162425944571,0
1595995853.7301803,421.5022714228368,110.10162425944571,0
1595995853.7401912,423.304243812058,110.10162425944571,0
1595995853.7501934,425.1046283335424,110.10162425944571,0
1595995853.7601895,426.9039399714208,110.10162425944571,0
1595995853.7701957,428.70505405375724,110.10162425944571,0
1595995853.780181,430.5023915858007,110.10162425944571,0
1595995853.7901955,432.30500770518546,110.10162425944571,0
1595995853.800176,434.10148693034415,110.10162425944571,0
1595995853.8101878,435.9036309809423,110.10162425944571,0
1595995853.8201864,437.7033717722631,110.10162425944571,0
1595995853.830177,439.50169635722403,110.10162425944571,0
1595995853.840187,441.3034970850683,110.10162425944571,0
1595995853.8501887,443.10379577586417,110.10162425944571,0
1595995853.8601923,444.904437789414,110.10162425944571,0
1595995853.8701963,446.70516563365226,110.10162425944571,0
1595995853.8801868,448.50344730326896,110.10162425944571,0
1595995853.890179,450.3020293802953,110.10162425944571,0
1595995853.9001896,452.1039588541723,110.10162425944571,0
1595995853.9101899,453.90400005290275,110.10162425944571,0
1595995853.920175,455.7013375849462,110.10162425944571,0
1595995853.9301915,457.5042970270849,110.10162425944571,0
1595995853.9401846,459.3030507654882,110.10162425944571,0
1595995853.9501817,461.10253406474357,110.10162425944571,0
1595995853.9601889,462.90381980845694,110.10162425944571,0
1595995853.9701846,464.7030456156469,110.10162425944571,0
1595995853.9801872,466.50351596781974,110.10162425944571,0
1595995853.9901867,468.3034284205175,110.10162425944571,0
1595995854.000181,470.102396735642,110.10162425944571,0
1595995854.000181,0,110.10162425944571,0
1595995854.0101848,111.90230918833976,110.10162425944571,0
1595995854.0201852,113.70239330241446,110.10162425944571,0
1595995854.0302014,115.5053098292089,110.10162425944571,0
1595995854.0402024,117.30547977397208,110.10162425944571,0
1595995854.0501955,119.1042335123754,110.10162425944571,0
1595995854.0602021,120.9054334254003,110.10162425944571,0
1595995854.0701997,122.70500255534415,110.10162425944571,0
1595995854.0801988,124.50482917735343,110.10162425944571,0
1595995854.090199,126.3048703760839,110.10162425944571,0
1595995854.100183,128.10199333140616,110.10162425944571,0
1595995854.1101875,129.90280700633292,110.10162425944571,0
1595995854.120196,131.70435024211173,110.10162425944571,0
1595995854.1301908,133.50340438792472,110.10162425944571,0
1595995854.1401849,135.302329787705,110.10162425944571,0
1595995854.150193,137.10378719279532,110.10162425944571,0
1595995854.1601856,138.90245510051017,110.10162425944571,0
1595995854.1701975,140.7045991511083,110.10162425944571,0
1595995854.1801944,142.50403953501944,110.10162425944571,0
1595995854.1901991,144.30489612529044,110.10162425944571,0
1595995854.2001855,146.1024482340551,110.10162425944571,0
1595995854.2102008,147.90519309947257,110.10162425944571,0
1595995854.2201946,149.7040755839086,110.10162425944571,0
1595995854.2301955,151.5042455286718,110.10162425944571,0
1595995854.240182,153.30179763743644,110.10162425944571,0
1595995854.2501884,155.1029546351171,110.10162425944571,0
1595995854.260191,156.90342498728995,110.10162425944571,0
1595995854.2702,158.70505405375724,110.10162425944571,0
1595995854.2802014,160.5053098292089,110.10162425944571,0
1595995854.2902005,162.30513645121817,110.10162425944571,0
1595995854.3001976,164.10461975047355,110.10162425944571,0
1595995854.3101952,165.9041888804174,110.10162425944571,0
1595995854.3202014,167.70530296275382,110.10162425944571,0
1595995854.3301942,169.5040137858129,110.10162425944571,0
1595995854.340186,171.30255294749503,110.10162425944571,0
1595995854.3501906,173.1033666224218,110.10162425944571,0
1595995854.360199,174.90486694285636,110.10162425944571,0
1595995854.3701968,176.70447898814444,110.10162425944571,0
1595995854.3802001,178.50507808635,110.10162425944571,0
1595995854.390198,180.3046901316381,110.10162425944571,0
1595995854.4001849,182.10232807109122,110.10162425944571,0
1595995854.4101884,183.90297008464103,110.10162425944571,0
1595995854.4201856,185.7024533838964,110.10162425944571,0
1595995854.4301925,187.50369621226554,110.10162425944571,0
1595995854.4402015,189.30532527873282,110.10162425944571,0
1595995854.4502034,191.10566688487296,110.10162425944571,0
1595995854.460185,192.90236068675284,110.10162425944571,0
1595995854.470198,194.70467639872794,110.10162425944571,0
1595995854.4802008,196.50518966624503,110.10162425944571,0
1595995854.4901884,198.30295635173087,110.10162425944571,0
1595995854.5001998,200.10501457164054,110.10162425944571,0
1595995854.510184,201.90218044230704,110.10162425944571,0
1595995854.5202022,203.70544029185538,110.10162425944571,0
1595995854.5301874,205.50277782389884,110.10162425944571,0
1595995854.5401976,207.30462146708732,110.10162425944571,0
1595995854.5501952,209.10419059703116,110.10162425944571,0
1595995854.5601873,210.90277267405753,110.10162425944571,0
1595995854.5701847,212.70229888865714,110.10162425944571,0
1595995854.5802023,214.505472907517,110.10162425944571,0
1595995854.5901906,216.30336833903556,110.10162425944571,0
1595995854.6001823,218.10186458537345,110.10162425944571,0
1595995854.6101954,219.90422321269278,110.10162425944571,0
1595995854.6201842,221.70220447489982,110.10162425944571,0
1595995854.6301894,223.5031468958593,110.10162425944571,0
1595995854.640191,225.3034455866552,110.10162425944571,0
1595995854.6501925,227.10370136210685,110.10162425944571,0
1595995854.6601875,228.90279842326407,110.10162425944571,0
1595995854.6701913,230.70348335215812,110.10162425944571,0
1595995854.680188,232.502880820725,110.10162425944571,0
1595995854.6902,234.3050677866674,110.10162425944571,0
1595995854.7001877,236.10283447215323,110.10162425944571,0
1595995854.7101843,237.90223194072013,110.10162425944571,0
1595995854.72019,239.70326019236808,110.10162425944571,0
1595995854.7301865,241.50261474559073,110.10162425944571,0
1595995854.7401822,243.30184055278067,110.10162425944571,0
1595995854.7502098,245.10681701609855,110.10162425944571,0
1595995854.760202,246.9053990931249,110.10162425944571,0
1595995854.7701855,248.7024362177587,110.10162425944571,0
1595995854.7801998,250.50500942179923,110.10162425944571,0
1595995854.790181,252.30161739299064,110.10162425944571,0
1595995854.8002026,254.10552097270255,110.10162425944571,0
1595995854.8102012,255.90526176402335,110.10162425944571,0
1595995854.8201833,257.7020413965917,110.10162425944571,0
1595995854.8302057,259.50607372233634,110.10162425944571,0
1595995854.8401816,261.3017375559545,110.10162425944571,0
1595995854.8501987,263.1048257441259,110.10162425944571,0
1595995854.860196,264.9043519587255,110.10162425944571,0
1595995854.870188,266.7028911204076,110.10162425944571,0
1595995854.8801956,268.5042626948095,110.10162425944571,0
1595995854.8902001,270.30507636973624,110.10162425944571,0
1595995854.9001849,272.1023280710912,110.10162425944571,0
1595995854.9101803,273.9015109629369,110.10162425944571,0
1595995854.9201996,275.70498538920646,110.10162425944571,0
1595995854.9301922,277.5036532969213,110.10162425944571,0
1595995854.9401817,279.30176330516105,110.10162425944571,0
1595995854.9502082,281.1065251917577,110.10162425944571,0
1595995854.9601977,282.9046351999975,110.10162425944571,0
1595995854.9701986,284.70480514476066,110.10162425944571,0
1595995854.9801962,286.5043742747045,110.10162425944571,0
1595995854.9901838,288.30214096019034,110.10162425944571,0
1595995855.0001974,290.10458541819816,110.10162425944571,0
1595995855.0101945,291.9040687174535,110.10162425944571,0
1595995855.020198,293.70471073100333,110.10162425944571,0
1595995855.0301816,295.5017478556371,110.10162425944571,0
1595995855.0401912,297.3034627527929,110.10162425944571,0
1595995855.050191,299.1034181208349,110.10162425944571,0
1595995855.06018,300.90144229838614,110.10162425944571,0
1595995855.0701823,302.70186973521476,110.10162425944571,0
1595995855.0802002,304.50508666941886,110.10162425944571,0
1595995855.0901878,306.3028533549047,110.10162425944571,0
1595995855.1001952,308.1041820139623,110.10162425944571,0
1595995855.1102083,309.90654064128165,110.10162425944571,0
1595995855.1201816,311.7017324061132,110.10162425944571,0
1595995855.130185,313.50233150431876,110.10162425944571,0
1595995855.1401882,315.3029306025243,110.10162425944571,0
1595995855.150192,317.10361553141837,110.10162425944571,0
1595995855.1601882,318.9029271692968,110.10162425944571,0
1595995855.1701958,320.70429874369864,110.10162425944571,0
1595995855.1801882,322.50292373606925,110.10162425944571,0
1595995855.1901853,324.3024070353246,110.10162425944571,0
1595995855.2001932,326.1038215250707,110.10162425944571,0
1595995855.210183,327.9019744486547,110.10162425944571,0
1595995855.22019,329.7032601923681,110.10162425944571,0
1595995855.2302098,331.5068204493261,110.10162425944571,0
1595995855.2401981,333.30471588084464,110.10162425944571,0
1595995855.2501929,335.1037700266576,110.10162425944571,0
1595995855.260197,336.9044978708959,110.10162425944571,0
1595995855.2702062,338.70616985270743,110.10162425944571,0
1595995855.280201,340.5052239985204,110.10162425944571,0
1595995855.2901933,342.303848990891,110.10162425944571,0
1595995855.3001878,344.1028602213598,110.10162425944571,0
1595995855.3102,345.90504718730216,110.10162425944571,0
1595995855.3201923,347.70367217967276,110.10162425944571,0
1595995855.3301818,349.5017821879125,110.10162425944571,0
1595995855.3401933,351.3038404078222,110.10162425944571,0
1595995855.350211,353.10701442668204,110.10162425944571,0
1595995855.3601882,354.90293575236564,110.10162425944571,0
1595995855.3701875,356.70280528971915,110.10162425944571,0
1595995855.3801985,358.50477767894034,110.10162425944571,0
1595995855.3885112,360,110.10162425944571,1
1595995855.3902059,360.30610633799796,110.10162425944571,0
1595995855.400194,362.1039588541723,110.10162425944571,0
1595995855.405938,363.13787532756095,110.10162425944571,0
1595995855.405938,360.94136259826826,107.90511153015305,0
1595995855.4073071,361.1878254202287,107.90511153015305,0
1595995855.4073071,360.3563476260686,107.07363373599296,0
1595995855.4099333,360.82906014285334,107.07363373599296,0
1595995855.4099333,360.248718042856,106.49329163599562,0
1595995855.410183,360.29365040827344,106.49329163599562,0
1595995855.420188,362.09454991388867,106.49329163599562,0
1595995855.4301813,363.89334656763623,106.49329163599562,0
1595995855.4402008,365.69686390925,106.49329163599562,0
1595995855.4501886,367.4946735100801,106.49329163599562,0
1595995855.4601848,369.2939851479585,106.49329163599562,0
1595995855.4701874,371.09445550013135,106.49329163599562,0
1595995855.4801993,372.8965995507295,106.49329163599562,0
1595995855.4901848,374.6939799981172,106.49329163599562,0
1595995855.5001965,376.4960811333711,106.49329163599562,0
1595995855.5101826,378.2935903267915,106.49329163599562,0
1595995855.5201921,380.09530522394726,106.49329163599562,0
1595995855.5302007,381.8968484597261,106.49329163599562,0
1595995855.5402005,383.69680382776806,106.49329163599562,0
1595995855.5502036,385.4973600106294,106.49329163599562,0
1595995855.5601797,387.2930667595918,106.49329163599562,0
1595995855.570189,389.0947387414033,106.49329163599562,0
1595995855.5802011,390.8969257073457,106.49329163599562,0
1595995855.5902004,392.6967952446992,106.49329163599562,0
1595995855.6001995,394.4966218667085,106.49329163599562,0
1595995855.6101947,396.29576184320996,106.49329163599562,0
1595995855.6201794,398.09301354456494,106.49329163599562,0
1595995855.6302068,399.8979470925386,106.49329163599562,0
1595995855.6401956,401.6959283547456,106.49329163599562,0
1595995855.6501896,403.4948537545259,106.49329163599562,0
1595995855.6602015,405.296997805124,106.49329163599562,0
1595995855.6702056,407.0977256493623,106.49329163599562,0
1595995855.6801913,408.89514901209424,106.49329163599562,0
1595995855.690197,410.6961772637422,106.49329163599562,0
1595995855.7001972,412.49621846247265,106.49329163599562,0
1595995855.7102065,414.2978904442842,106.49329163599562,0
1595995855.7201958,416.0959575371797,106.49329163599562,0
1595995855.7301974,417.8962562279756,106.49329163599562,0
1595995855.740187,419.69436623621533,106.49329163599562,0
1595995855.750206,421.4977977471406,106.49329163599562,0
1595995855.7602022,423.29710938501904,106.49329163599562,0
1595995855.7701867,425.0943181710298,106.49329163599562,0
1595995855.7801902,426.8949601845796,106.49329163599562,0
1595995855.790207,428.6979625420625,106.49329163599562,0
1595995855.8001819,430.4934547143037,106.49329163599562,0
1595995855.810192,432.2952983574922,106.49329163599562,0
1595995855.8202004,434.09679867792676,106.49329163599562,0
1595995855.8302019,435.8970544533784,106.49329163599562,0
1595995855.8401997,437.6966664986665,106.49329163599562,0
1595995855.8501854,439.49408986139844,106.49329163599562,0
1595995855.860199,441.29653431940625,106.49329163599562,0
1595995855.8702097,443.0984637932832,106.49329163599562,0
1595995855.8802004,444.89678837824414,106.49329163599562,0
1595995855.890196,446.6960141854341,106.49329163599562,0
1595995855.9001997,448.4966561989839,106.49329163599562,0
1595995855.910202,450.2970836358125,106.49329163599562,0
1595995855.920189,452.0947215752656,106.49329163599562,0
1595995855.9301827,453.89360405970166,106.49329163599562,0
1595995855.9401972,455.6962201790864,106.49329163599562,0
1595995855.9501927,457.4954030709321,106.49329163599562,0
1595995855.9601974,459.2962596612031,106.49329163599562,0
1595995855.9702024,461.09715916681836,106.49329163599562,0
1595995855.9801812,462.8933379845674,106.49329163599562,0
1595995855.990203,464.6972415642793,106.49329163599562,0
1595995856.0001898,466.4948795037324,106.49329163599562,0
1595995856.0001898,0,106.49329163599562,0
1595995856.0102031,108.29569317865919,106.49329163599562,0
1595995856.0202012,110.09534813929152,106.49329163599562,0
1595995856.0302098,111.89689137507033,106.49329163599562,0
1595995856.0402038,113.6958167748506,106.49329163599562,0
1595995856.0501962,115.4944417672212,106.49329163599562,0
1595995856.0602,117.29512669611525,106.49329163599562,0
1595995856.0701988,119.09491040278029,106.49329163599562,0
1595995856.080201,120.89529492426466,106.49329163599562,0
1595995856.0902026,122.69559361506056,106.49329163599562,0
1595995856.1001925,124.49378945398878,106.49329163599562,0
1595995856.1102035,126.29576184320997,106.49329163599562,0
1595995856.1202002,128.09515931177685,106.49329163599562,0
1595995856.1301966,129.8945138649995,106.49329163599562,0
1595995856.1402035,131.69575669336865,106.49329163599562,0
1595995856.1501966,133.49451043177197,106.49329163599562,0
1595995856.1601932,135.29390790033887,106.49329163599562,0
1595995856.1701972,137.09463574457715,106.49329163599562,0
1595995856.1802096,138.89686562586377,106.49329163599562,0
1595995856.190199,140.69493271875928,106.49329163599562,0
1595995856.200191,142.49351479578564,106.49329163599562,0
1595995856.2101934,144.29394223261426,106.49329163599562,0
1595995856.220204,146.0958717064912,106.49329163599562,0
1595995856.2301962,147.89445378351758,106.49329163599562,0
1595995856.2402,149.69513871241162,106.49329163599562,0
1595995856.250197,151.49457909632275,106.49329163599562,0
1595995856.2602038,153.2958219246919,106.49329163599562,0
1595995856.2702074,155.0964639382417,106.49329163599562,0
1595995856.2802052,156.89607598352978,106.49329163599562,0
1595995856.290193,158.69388558435986,106.49329163599562,0
1595995856.3001978,160.49474217463086,106.49329163599562,0
1595995856.3102021,162.29551293421338,106.49329163599562,0
1595995856.3201947,164.09418084192822,106.49329163599562,0
1595995856.3301895,165.8932349877412,106.49329163599562,0
1595995856.3402104,167.6970098214204,106.49329163599562,0
1595995856.350207,169.4964072899873,106.49329163599562,0
1595995856.3602028,171.29563309717724,106.49329163599562,0
1595995856.3702052,173.09606053400586,106.49329163599562,0
1595995856.3802094,174.89683129358838,106.49329163599562,0
1595995856.3901904,176.69339634943555,106.49329163599562,0
1595995856.4001977,178.49472500849316,106.49329163599562,0
1595995856.4101965,180.2945087151582,106.49329163599562,0
1595995856.4201977,182.09472157526562,106.49329163599562,0
1595995856.4301915,183.89360405970166,106.49329163599562,0
1595995856.4402008,185.69527604151318,106.49329163599562,0
1595995856.4501975,187.49467351008008,106.49329163599562,0
1595995856.4602041,189.29587342310498,106.49329163599562,0
1595995856.4701962,191.09445550013135,106.49329163599562,0
1595995856.4801893,192.89320923853467,106.49329163599562,0
1595995856.4902098,194.6968982415254,106.49329163599562,0
1595995856.5001907,196.49346329737256,106.49329163599562,0
1595995856.5102067,198.29633690882275,106.49329163599562,0
1595995856.5202076,200.09650685358594,106.49329163599562,0
1595995856.5301893,201.89320065546582,106.49329163599562,0
1595995856.5402102,203.69697548914502,106.49329163599562,0
1595995856.5501978,205.49474217463086,106.49329163599562,0
1595995856.560199,207.29495503473828,106.49329163599562,0
1595995856.5702064,209.0962836937959,106.49329163599562,0
1595995856.5801997,210.89508034754346,106.49329163599562,0
1595995856.590203,212.69567944574902,106.49329163599562,0
1595995856.6002061,214.49623562861035,106.49329163599562,0
1595995856.6102052,216.29606225061963,106.49329163599562,0
1595995856.6201897,218.09327103663037,106.49329163599562,0
1595995856.6301897,219.8932693200166,106.49329163599562,0
1595995856.6401904,221.69339634943555,106.49329163599562,0
1595995856.650208,223.4965703682954,106.49329163599562,0
1595995856.6602025,225.29558159876416,106.49329163599562,0
1595995856.6701949,227.09420659113476,106.49329163599562,0
1595995856.6801903,228.89338948298047,106.49329163599562,0
1595995856.6901975,230.69467522669385,106.49329163599562,0
1595995856.7001932,232.4939010338838,106.49329163599562,0
1595995856.7102022,234.29553010035107,106.49329163599562,0
1595995856.7202075,236.09647252131055,106.49329163599562,0
1595995856.7302105,237.89702870417187,106.49329163599562,0
1595995856.740191,239.69350792933056,106.49329163599562,0
1595995856.7502003,241.4951799111421,106.49329163599562,0
1595995856.7601976,243.2947061257417,106.49329163599562,0
1595995856.7701974,245.0946614937837,106.49329163599562,0
1595995856.780197,246.89457394648144,106.49329163599562,0
1595995856.7902036,248.69577385950635,106.49329163599562,0
1595995856.8001964,250.49448468256543,106.49329163599562,0
1595995856.8102024,252.29555584955762,106.49329163599562,0
1595995856.8201945,254.09413792658398,106.49329163599562,0
1595995856.8302085,255.89666821528027,106.49329163599562,0
1595995856.8401902,257.69336201716015,106.49329163599562,0
1595995856.85019,259.49331738520215,106.49329163599562,0
1595995856.8602045,261.2959335045869,106.49329163599562,0
1595995856.8702006,263.09524514246533,106.49329163599562,0
1595995856.8802023,264.89554383326123,106.49329163599562,0
1595995856.890201,266.69532753992627,106.49329163599562,0
1595995856.9001932,268.49390961695264,106.49329163599562,0
1595995856.9102108,270.2970836358125,106.49329163599562,0
1595995856.9201953,272.09429242182324,106.49329163599562,0
1595995856.9301946,273.89416195917676,106.49329163599562,0
1595995856.940202,275.6954906182344,106.49329163599562,0
1595995856.9502022,277.49553181696484,106.49329163599562,0
1595995856.9601903,279.29338433313916,106.49329163599562,0
1595995856.9701893,281.09321095514844,106.49329163599562,0
1595995856.9801981,282.8947971062715,106.49329163599562,0
1595995856.9902093,284.6968124108369,106.49329163599562,0
1595995857.0001976,286.49470784235547,106.49329163599562,0
1595995857.0101957,288.2943628029878,106.49329163599562,0
1595995857.0202036,290.0957772927339,106.49329163599562,0
1595995857.0301957,291.89435936976025,106.49329163599562,0
1595995857.0402062,293.69624592829297,106.49329163599562,0
1595995857.0502005,295.4952142434175,106.49329163599562,0
1595995857.06021,297.29692914057324,106.49329163599562,0
1595995857.07021,299.09692742395947,106.49329163599562,0
1595995857.0802045,300.8959386544282,106.49329163599562,0
1595995857.0901954,302.6943061547334,106.49329163599562,0
1595995857.1001997,304.4950769143159,106.49329163599562,0
1595995857.1101968,306.2945602135713,106.49329163599562,0
1595995857.120199,308.09494473505566,106.49329163599562,0
1595995857.130209,309.8967454628999,106.49329163599562,0
1595995857.1402063,311.6962716774995,106.49329163599562,0
1595995857.1502104,313.4969995217378,106.49329163599562,0
1595995857.160203,315.29566742945264,106.49329163599562,0
1595995857.170204,317.0958373742158,106.49329163599562,0
1595995857.1801949,318.894204874521,106.49329163599562,0
1595995857.190193,320.6938598351533,106.49329163599562,0
1595995857.2001975,322.4946735100801,106.49329163599562,0
1595995857.2102098,324.2969033913667,106.49329163599562,0
1595995857.2202067,326.09634377527783,106.49329163599562,0
1595995857.2302089,327.8967282967622,106.49329163599562,0
1595995857.2402039,329.69582535791943,106.49329163599562,0
1595995857.2502093,331.49681069422314,106.49329163599562,0
1595995857.2601953,333.2942769722993,106.49329163599562,0
1595995857.2701993,335.0950048165376,106.49329163599562,0
1595995857.2802055,336.896118898874,106.49329163599562,0
1595995857.2901886,338.69307019281933,106.49329163599562,0
1595995857.3001926,340.4937980370576,106.49329163599562,0
1595995857.3101895,342.29323842096875,106.49329163599562,0
1595995857.3201957,344.0943525033052,106.49329163599562,0
1595995857.3301966,345.89452244806836,106.49329163599562,0
1595995857.340198,347.69477822352,106.49329163599562,0
1595995857.350206,349.4961927132661,106.49329163599562,0
1595995857.3601975,351.294688959604,106.49329163599562,0
1595995857.3702013,353.09537388849805,106.49329163599562,0
1595995857.380209,354.8967454628999,106.49329163599562,0
1595995857.390203,356.6956708626802,106.49329163599562,0
1595995857.4002056,358.496141214853,106.49329163599562,0
1595995857.406291,359.5915124611909,106.49329163599562,0
1595995857.406291,359.8774537383573,106.77923291316198,0
1595995857.406989,360,106.77923291316198,1
1595995857.4101894,360.57916253199744,106.77923291316198,0
1595995857.4114475,360.80562680354285,106.77923291316198,0
1595995857.4114475,360.24168804106284,106.21529415068198,0
1595995857.420192,361.8156941216903,106.21529415068198,0
1595995857.4302034,363.61775234159995,106.21529415068198,0
1595995857.4402096,365.4188664239364,106.21529415068198,0
1595995857.45019,367.21534564909507,106.21529415068198,0
1595995857.4601946,369.0161593240218,106.21529415068198,0
1595995857.4701893,370.8152134698348,106.21529415068198,0
1595995857.480196,372.6164133828597,106.21529415068198,0
1595995857.4902048,374.41799953398277,106.21529415068198,0
1595995857.5001895,376.21525123533775,106.21529415068198,0
1595995857.5102084,378.0186398309188,106.21529415068198,0
1595995857.5201962,379.8164494317489,106.21529415068198,0
1595995857.530198,381.616791037889,106.21529415068198,0
1595995857.5401983,383.4168322366195,106.21529415068198,0
1595995857.550195,385.2162297051864,106.21529415068198,0
1595995857.5601885,387.0150692742782,106.21529415068198,0
1595995857.5702057,388.81815746244956,106.21529415068198,0
1595995857.580207,390.6184132379012,106.21529415068198,0
1595995857.5902061,392.4182398599105,106.21529415068198,0
1595995857.6002102,394.2189677041488,106.21529415068198,0
1595995857.6101937,396.01600482878257,106.21529415068198,0
1595995857.620203,397.8176768105941,106.21529415068198,0
1595995857.6302094,399.61883380827476,106.21529415068198,0
1595995857.6402037,401.41780212339927,106.21529415068198,0
1595995857.650206,403.2182295602279,106.21529415068198,0
1595995857.6602027,405.0176270287948,106.21529415068198,0
1595995857.6702085,406.8186552804427,106.21529415068198,0
1595995857.680206,408.6182244103866,106.21529415068198,0
1595995857.6901898,410.4153044503646,106.21529415068198,0
1595995857.7002075,412.21847846922446,106.21529415068198,0
1595995857.7102056,414.0181334298568,106.21529415068198,0
1595995857.7201881,415.8149988931136,106.21529415068198,0
1595995857.730191,417.6155121606307,106.21529415068198,0
1595995857.7402046,419.4179566186385,106.21529415068198,0
1595995857.7501884,421.21503665861655,106.21529415068198,0
1595995857.7601907,423.01546409544517,106.21529415068198,0
1595995857.7701945,424.8161490243392,106.21529415068198,0
1595995857.7802093,426.6188080590682,106.21529415068198,0
1595995857.7902005,428.41721847471763,106.21529415068198,0
1595995857.800194,430.2160580438094,106.21529415068198,0
1595995857.810207,432.0183737557845,106.21529415068198,0
1595995857.8202024,433.8175566476302,106.21529415068198,0
1595995857.830203,435.6176836770492,106.21529415068198,0
1595995857.840205,437.4180252831893,106.21529415068198,0
1595995857.8502047,439.2179806512313,106.21529415068198,0
1595995857.8602095,441.0188372415023,106.21529415068198,0
1595995857.8702104,442.8190071862655,106.21529415068198,0
1595995857.880188,444.6149714272933,106.21529415068198,0
1595995857.890204,446.4178450387435,106.21529415068198,0
1595995857.9001892,448.21518257078696,106.21529415068198,0
1595995857.910195,450.01625373777915,106.21529415068198,0
1595995857.9201922,451.8157370370345,106.21529415068198,0
1595995857.9302082,453.6186106484847,106.21529415068198,0
1595995857.9402032,455.41770770964195,106.21529415068198,0
1595995857.9501991,457.2169764321761,106.21529415068198,0
1595995857.9601893,459.0152151864486,106.21529415068198,0
1595995857.970191,460.8155138772445,106.21529415068198,0
1595995857.980188,462.6149542611556,106.21529415068198,0
1595995857.9901917,464.41563919004966,106.21529415068198,0
1595995858.000203,466.2176544946151,106.21529415068198,0
1595995858.000203,0,106.21529415068198,0
1595995858.0102208,108.01851108488609,106.21529415068198,0
1595995858.0202088,109.8163636010604,106.21529415068198,0
1595995858.0302072,111.61606147703696,106.21529415068198,0
1595995858.040216,113.41764762816001,106.21529415068198,0
1595995858.0502155,115.21756008085777,106.21529415068198,0
1595995858.0602102,117.01661422667075,106.21529415068198,0
1595995858.0702245,118.81918743071128,106.21529415068198,0
1595995858.0802033,120.6153662484603,106.21529415068198,0
1595995858.0902126,122.41703823027183,106.21529415068198,0
1595995858.1002095,124.21647861418296,106.21529415068198,0
1595995858.1102176,126.0179360192733,106.21529415068198,0
1595995858.1202228,127.81887844023277,106.21529415068198,0
1595995858.1302195,129.61827590879966,106.21529415068198,0
1595995858.1402192,131.41823127684165,106.21529415068198,0
1595995858.1502225,133.21883037504722,106.21529415068198,0
1595995858.1602151,135.01749828276206,106.21529415068198,0
1595995858.170222,136.8187411111312,106.21529415068198,0
1595995858.1802182,138.61805274900962,106.21529415068198,0
1595995858.1902122,140.4169781487899,106.21529415068198,0
1595995858.2002149,142.21744850096275,106.21529415068198,0
1595995858.2102208,144.01851966795493,106.21529415068198,0
1595995858.2202075,145.81611469206382,106.21529415068198,0
1595995858.230213,147.61710002836753,106.21529415068198,0
1595995858.2402227,149.41885784086753,106.21529415068198,0
1595995858.2502213,151.21859863218833,106.21529415068198,0
1595995858.260222,153.01872566160728,106.21529415068198,0
1595995858.2702215,154.81863811430503,106.21529415068198,0
1595995858.280206,156.61584690031577,106.21529415068198,0
1595995858.290208,158.41623142180015,106.21529415068198,0
1595995858.30022,160.2183754723983,106.21529415068198,0
1595995858.3102121,162.01695754942466,106.21529415068198,0
1595995858.3202157,163.81759956297446,106.21529415068198,0
1595995858.3302226,165.6188423913436,106.21529415068198,0
1595995858.3402119,167.4169094842391,106.21529415068198,0
1595995858.350209,169.21639278349448,106.21529415068198,0
1595995858.3602107,171.01669147429038,106.21529415068198,0
1595995858.370218,172.818020133348,106.21529415068198,0
1595995858.3802238,174.61904838499595,106.21529415068198,0
1595995858.3902156,176.41758754667808,106.21529415068198,0
1595995858.4002042,178.21552589354087,106.21529415068198,0
1595995858.4102113,180.01681163725425,106.21529415068198,0
1595995858.420208,181.81620910582114,106.21529415068198,0
1595995858.430212,183.61693695005943,106.21529415068198,0
1595995858.4402068,185.4159910958724,106.21529415068198,0
1595995858.4502103,187.21663310942222,106.21529415068198,0
1595995858.4602087,189.01633098539878,106.21529415068198,0
1595995858.4702234,190.81899002012779,106.21529415068198,0
1595995858.480209,192.61641338285972,106.21529415068198,0
1595995858.4902158,194.41761329588462,106.21529415068198,0
1595995858.5002162,196.21769740995933,106.21529415068198,0
1595995858.5102217,198.01868274626304,106.21529415068198,0
1595995858.520207,199.8160202783065,106.21529415068198,0
1595995858.5302222,201.61876514372398,106.21529415068198,0
1595995858.5402186,203.41811969694663,106.21529415068198,0
1595995858.5502164,205.21773174223472,106.21529415068198,0
1595995858.5602145,207.01738670286704,106.21529415068198,0
1595995858.570216,208.8176424783187,106.21529415068198,0
1595995858.5802062,210.61588123259116,106.21529415068198,0
1595995858.5902097,212.41652324614097,106.21529415068198,0
1595995858.6002173,214.21789482054282,106.21529415068198,0
1595995858.6102152,216.0175068658309,106.21529415068198,0
1595995858.6202106,217.8166897576766,106.21529415068198,0
1595995858.6302218,219.61870506224204,106.21529415068198,0
1595995858.6402037,221.41544177946616,106.21529415068198,0
1595995858.6502056,223.2157833856063,106.21529415068198,0
1595995858.6602135,225.0171978753524,106.21529415068198,0
1595995858.6702158,226.817625312181,106.21529415068198,0
1595995858.6802166,228.61775234159995,106.21529415068198,0
1595995858.6902168,230.41779354033042,106.21529415068198,0
1595995858.700214,232.2172768395858,106.21529415068198,0
1595995858.710205,234.0156872552352,106.21529415068198,0
1595995858.7202203,235.8184321206527,106.21529415068198,0
1595995858.7302217,237.61868789610435,106.21529415068198,0
1595995858.7402234,239.41898658690025,106.21529415068198,0
1595995858.7502167,241.2177832406478,106.21529415068198,0
1595995858.760205,243.01567867216636,106.21529415068198,0
1595995858.7702136,244.81722190794517,106.21529415068198,0
1595995858.7802227,246.61885097441245,106.21529415068198,0
1595995858.7902038,248.41545894560386,106.21529415068198,0
1595995858.8002071,250.21605804380943,106.21529415068198,0
1595995858.810209,252.01639964994956,106.21529415068198,0
1595995858.8202124,253.81699874815513,106.21529415068198,0
1595995858.8302152,255.61751201567222,106.21529415068198,0
1595995858.840216,257.41763904509116,106.21529415068198,0
1595995858.8502052,259.2157061379867,106.21529415068198,0
1595995858.860216,261.0176356118636,106.21529415068198,0
1595995858.8702042,262.8155310433822,106.21529415068198,0
1595995858.8802195,264.61827590879966,106.21529415068198,0
1595995858.8902066,266.415956763597,106.21529415068198,0
1595995858.900221,268.2185728829818,106.21529415068198,0
1595995858.9102163,270.01771285948325,106.21529415068198,0
1595995858.9202156,271.81758239683677,106.21529415068198,0
1595995858.9302156,273.617580680223,106.21529415068198,0
1595995858.9402058,275.41581943449546,106.21529415068198,0
1595995858.9502058,277.2158177178817,106.21529415068198,0
1595995858.96022,279.0183909219222,106.21529415068198,0
1595995858.9702222,280.8187754434066,106.21529415068198,0
1595995858.9802163,282.61770084318687,106.21529415068198,0
1595995858.9902127,284.4170553964095,106.21529415068198,0
1595995859.0002105,286.2166674416976,106.21529415068198,0
1595995859.0102046,288.0155928414779,106.21529415068198,0
1595995859.0202112,289.8167927545028,106.21529415068198,0
1595995859.0302093,291.6164477151351,106.21529415068198,0
1595995859.0402024,293.41520145353843,106.21529415068198,0
1595995859.0502124,295.21700218138267,106.21529415068198,0
1595995859.0602188,297.01815917906333,106.21529415068198,0
1595995859.070223,298.81892993864585,106.21529415068198,0
1595995859.0802221,300.61875656065513,106.21529415068198,0
1595995859.0902178,302.41798236784507,106.21529415068198,0
1595995859.100223,304.21892478880454,106.21529415068198,0
1595995859.1102037,306.0154469293075,106.21529415068198,0
1595995859.1202066,307.81596019682456,106.21529415068198,0
1595995859.1302152,309.61750343260337,106.21529415068198,0
1595995859.1402123,311.41698673185874,106.21529415068198,0
1595995859.1502116,313.21685626921226,106.21529415068198,0
1595995859.160203,315.0153096002059,106.21529415068198,0
1595995859.17021,316.81655242857505,106.21529415068198,0
1595995859.180214,318.61728027281333,106.21529415068198,0
1595995859.1902115,320.4168494027572,106.21529415068198,0
1595995859.2002082,322.2162468713241,106.21529415068198,0
1595995859.2102096,324.01650264677573,106.21529415068198,0
1595995859.22021,325.81658676085044,106.21529415068198,0
1595995859.2302127,327.6170571130233,106.21529415068198,0
1595995859.2402053,329.41572502073814,106.21529415068198,0
1595995859.2502105,331.2166674416976,106.21529415068198,0
1595995859.2602217,333.01868274626304,106.21529415068198,0
1595995859.270202,334.8151190560775,106.21529415068198,0
1595995859.2802198,336.6183359902816,106.21529415068198,0
1595995859.2902114,338.4168322366195,106.21529415068198,0
1595995859.3002217,340.21867587980796,106.21529415068198,0
1595995859.3102174,342.0179016869979,106.21529415068198,0
1595995859.3202224,343.81880119261314,106.21529415068198,0
1595995859.330218,345.6180269998031,106.21529415068198,0
1595995859.3402069,347.4160082620101,106.21529415068198,0
1595995859.3502162,349.21768024382163,106.21529415068198,0
1595995859.3602219,351.0187084954696,106.21529415068198,0
1595995859.370222,352.81874969420005,106.21529415068198,0
1595995859.3802185,354.6181042474227,106.21529415068198,0
1595995859.3902023,356.41518428740073,106.21529415068198,0
1595995859.4002163,358.217714576097,106.21529415068198,0
1595995859.4101338,360,106.21529415068198,1
1595995859.41029,360.0309737008529,106.21529415068198,0
1595995859.4152565,360.9249432366805,106.21529415068198,0
1595995859.4152565,360.27748297100413,105.56783388500563,0
1595995859.4202178,361.1705083692585,105.56783388500563,0
1595995859.4216402,361.4265413129841,105.56783388500563,0
1595995859.4216402,360.42796239389526,104.56925496591674,0
1595995859.4302235,361.9729577018176,104.56925496591674,0
1595995859.4402184,363.77205476297485,104.56925496591674,0
1595995859.4502077,365.57012185587035,104.56925496591674,0
1595995859.456793,366.7554865790759,104.56925496591674,0
1595995859.456793,362.0266459737228,99.8404143605636,0
1595995859.460223,362.6440261159347,99.8404143605636,0
1595995859.4702222,364.4438956532882,99.8404143605636,0
1595995859.480217,366.2429497991012,99.8404143605636,0
1595995859.490217,368.04294808248744,99.8404143605636,0
1595995859.5002217,369.84380467275844,99.8404143605636,0
1595995859.5102077,371.6412709508346,99.8404143605636,0
1595995859.520207,373.4411404881881,99.8404143605636,0
1595995859.5302022,375.2402804646896,99.8404143605636,0
1595995859.5402062,377.04100830892787,99.8404143605636,0
1595995859.55022,378.8434956822799,99.8404143605636,0
1595995859.5602062,380.64100487570033,99.8404143605636,0
1595995859.5702045,382.4407027516769,99.8404143605636,0
1595995859.5802023,384.240314796965,99.8404143605636,0
1595995859.5902123,386.0421155248092,99.8404143605636,0
1595995859.6002216,387.84378750662074,99.8404143605636,0
1595995859.6102123,389.6421120915817,99.8404143605636,0
1595995859.6202185,391.4432261739181,99.8404143605636,0
1595995859.6302154,393.24266655782924,99.8404143605636,0
1595995859.6402168,395.0429223332809,99.8404143605636,0
1595995859.6502228,396.8439935002731,99.8404143605636,0
1595995859.6602209,398.6436484609054,99.8404143605636,0
1595995859.6702173,400.44300301412807,99.8404143605636,0
1595995859.6802073,402.2411988530563,99.8404143605636,0
1595995859.6902015,404.0401671681808,99.8404143605636,0
1595995859.7002156,405.8426974568771,99.8404143605636,0
1595995859.7102048,407.6407645497726,99.8404143605636,0
1595995859.7202144,409.44247944692836,99.8404143605636,0
1595995859.730209,411.24153359274135,99.8404143605636,0
1595995859.7402027,413.04037316183314,99.8404143605636,0
1595995859.7502053,414.840843514006,99.8404143605636,0
1595995859.760205,416.640798882048,99.8404143605636,0
1595995859.7702224,418.4439299855636,99.8404143605636,0
1595995859.7802022,420.2402804646896,99.8404143605636,0
1595995859.790215,422.0425961766647,99.8404143605636,0
1595995859.800222,423.84383900503383,99.8404143605636,0
1595995859.8102224,425.64392311910854,99.8404143605636,0
1595995859.8202062,427.44100315908656,99.8404143605636,0
1595995859.8302171,429.24297554830775,99.8404143605636,0
1595995859.8402045,431.04069931844936,99.8404143605636,0
1595995859.850207,432.8411696706222,99.8404143605636,0
1595995859.860202,434.64026673177943,99.8404143605636,0
1595995859.8702173,436.4430115971969,99.8404143605636,0
1595995859.8802037,438.24056370596156,99.8404143605636,0
1595995859.8902223,440.0439093861984,99.8404143605636,0
1595995859.9002197,441.843435600798,99.8404143605636,0
1595995859.9102023,443.6403010640548,99.8404143605636,0
1595995859.920203,445.44042809347377,99.8404143605636,0
1595995859.930215,447.2425721440719,99.8404143605636,0
1595995859.940222,449.0438578877853,99.8404143605636,0
1595995859.9502053,450.84085209707484,99.8404143605636,0
1595995859.9602017,452.6402066502975,99.8404143605636,0
1595995859.9702203,454.4435523305343,99.8404143605636,0
1595995859.9802194,456.2433789525436,99.8404143605636,0
1595995859.9902043,458.0406735692428,99.8404143605636,0
1595995860.0002224,459.84393341879115,99.8404143605636,0
1595995860.0002224,0,99.8404143605636,0
1595995860.0102296,101.64170010427698,99.8404143605636,0
1595995860.0202308,103.4419129643844,99.8404143605636,0
1595995860.030223,105.24049504141077,99.8404143605636,0
1595995860.0402322,107.04216702322229,99.8404143605636,0
1595995860.0502381,108.84323819021448,99.8404143605636,0
1595995860.0602317,110.64207775930628,99.8404143605636,0
1595995860.0702338,112.44246228079065,99.8404143605636,0
1595995860.0802264,114.2411301885055,99.8404143605636,0
1595995860.0902352,116.04271633962854,99.8404143605636,0
1595995860.1002355,117.84275753835901,99.8404143605636,0
1595995860.1102436,119.64421494344934,99.8404143605636,0
1595995860.1202357,121.44279702047571,99.8404143605636,0
1595995860.1302419,123.24391110281213,99.8404143605636,0
1595995860.1402426,125.04403813223108,99.8404143605636,0
1595995860.1502326,126.8422339711593,99.8404143605636,0
1595995860.1602392,128.64343388418422,99.8404143605636,0
1595995860.170242,130.4439471517013,99.8404143605636,0
1595995860.1802328,132.24227173666225,99.8404143605636,0
1595995860.1902425,134.04402954916225,99.8404143605636,0
1595995860.2002306,135.84188206533656,99.8404143605636,0
1595995860.2102268,137.64119370321498,99.8404143605636,0
1595995860.2202353,139.4427369389938,99.8404143605636,0
1595995860.2302353,141.24273522238002,99.8404143605636,0
1595995860.2402258,143.04101689199672,99.8404143605636,0
1595995860.2502432,144.84414799551234,99.8404143605636,0
1595995860.260244,146.6442750249313,99.8404143605636,0
1595995860.2702296,148.44169838766322,99.8404143605636,0
1595995860.280223,150.24049504141078,99.8404143605636,0
1595995860.29024,152.04358322958217,99.8404143605636,0
1595995860.3002293,153.84165032247768,99.8404143605636,0
1595995860.310223,155.6405328069137,99.8404143605636,0
1595995860.3202279,157.4413893971847,99.8404143605636,0
1595995860.3302364,159.24293263296352,99.8404143605636,0
1595995860.340234,161.04250176290736,99.8404143605636,0
1595995860.3502314,162.84202797750697,99.8404143605636,0
1595995860.3602314,164.6420262608932,99.8404143605636,0
1595995860.3702364,166.44292576650844,99.8404143605636,0
1595995860.3802366,168.2429669652389,99.8404143605636,0
1595995860.3902414,170.0438235555099,99.8404143605636,0
1595995860.4002428,171.84407933096156,99.8404143605636,0
1595995860.4102426,173.64403469900356,99.8404143605636,0
1595995860.4202244,175.44077141622768,99.8404143605636,0
1595995860.4302251,177.24089844564662,99.8404143605636,0
1595995860.4402325,179.04222710470424,99.8404143605636,0
1595995860.4502282,180.84145291189418,99.8404143605636,0
1595995860.4602354,182.64273865560756,99.8404143605636,0
1595995860.470241,184.4437669072555,99.8404143605636,0
1595995860.4802427,186.2440655980514,99.8404143605636,0
1595995860.490228,188.04140313009486,99.8404143605636,0
1595995860.5002236,189.8406289372848,99.8404143605636,0
1595995860.510239,191.64337380270229,99.8404143605636,0
1595995860.5202377,193.44315750936732,99.8404143605636,0
1595995860.5302362,195.24289830068813,99.8404143605636,0
1595995860.5402346,197.0425961766647,99.8404143605636,0
1595995860.5502396,198.84349568227992,99.8404143605636,0
1595995860.560229,200.64160569051967,99.8404143605636,0
1595995860.5702343,202.44254811147914,99.8404143605636,0
1595995860.5802248,204.24082978109584,99.8404143605636,0
1595995860.5902274,206.0413001332687,99.8404143605636,0
1595995860.600232,207.84211380819545,99.8404143605636,0
1595995860.6102378,209.64318497518764,99.8404143605636,0
1595995860.6202219,211.4403079305099,99.8404143605636,0
1595995860.6302266,213.2411645207809,99.8404143605636,0
1595995860.6402426,215.0440381322311,99.8404143605636,0
1595995860.6502295,216.84167607168422,99.8404143605636,0
1595995860.6602404,218.6436484609054,99.8404143605636,0
1595995860.6702218,220.44029934744106,99.8404143605636,0
1595995860.6802251,222.24089844564662,99.8404143605636,0
1595995860.6902363,224.04291375021205,99.8404143605636,0
