Type = Reachback Firefly,Function = Reachback Firefly (ln/e^),Refract = 0.1,Epsilon = 0.5,Start_phase = 0
Timestamp,Phase,Offset,Ping?
1595822532.000017,0,0,0
1595822532.0100367,1.802358627319336,0.0,0
1595822532.0200307,3.6012840270996094,0.0,0
1595822532.0300298,5.401110649108887,0.0,0
1595822532.0400317,7.201452255249023,0.0,0
1595822532.0500417,9.003252983093262,0.0,0
1595822532.0600402,10.802993774414062,0.0,0
1595822532.0700247,12.600202560424805,0.0,0
1595822532.080036,14.402217864990234,0.0,0
1595822532.0900412,16.203160285949707,0.0,0
1595822532.1000323,18.00157070159912,0.0,0
1595822532.1100252,19.800281524658203,0.0,0
1595822532.1200368,21.60238265991211,0.0,0
1595822532.1300414,23.403196334838867,0.0,0
1595822532.14004,25.202937126159668,0.0,0
1595822532.1500366,27.002334594726562,0.0,0
1595822532.1600268,28.800573348999023,0.0,0
1595822532.1700313,30.60138702392578,0.0,0
1595822532.1800323,32.401556968688965,0.0,0
1595822532.1900296,34.201083183288574,0.0,0
1595822532.2000382,36.00262641906738,0.0,0
1595822532.2100418,37.80326843261719,0.0,0
1595822532.2200248,39.6002197265625,0.0,0
1595822532.2300248,41.40021800994873,0.0,0
1595822532.2400236,43.20000171661377,0.0,0
1595822532.2500315,45.00141620635986,0.0,0
1595822532.2600296,46.80107116699219,0.0,0
1595822532.270033,48.601670265197754,0.0,0
1595822532.2800379,50.40256977081299,0.0,0
1595822532.2900338,52.20183849334717,0.0,0
1595822532.300042,54.0032958984375,0.0,0
1595822532.310026,55.800418853759766,0.0,0
1595822532.3200402,57.60299205780029,0.0,0
1595822532.3300333,59.40174579620361,0.0,0
1595822532.3400354,61.20213031768799,0.0,0
1595822532.350024,63.00006866455078,0.0,0
1595822532.3600256,64.80036735534668,0.0,0
1595822532.3700314,66.60139560699463,0.0,0
1595822532.3800352,68.40208053588867,0.0,0
1595822532.3900342,70.20190715789795,0.0,0
1595822532.4000235,71.99997425079346,0.0,0
1595822532.4100416,73.8032341003418,0.0,0
1595822532.4200232,75.59992790222168,0.0,0
1595822532.4300413,77.40318775177002,0.0,0
1595822532.44003,79.20116901397705,0.0,0
1595822532.4500246,81.0001802444458,0.0,0
1595822532.460028,82.80077934265137,0.0,0
1595822532.470039,84.60275173187256,0.0,0
1595822532.4800384,86.40266418457031,0.0,0
1595822532.49003,88.2011604309082,0.0,0
1595822532.5000277,90.00072956085205,0.0,0
1595822532.5100393,91.80283069610596,0.0,0
1595822532.5200343,93.60192775726318,0.0,0
1595822532.530036,95.40222644805908,0.0,0
1595822532.5400395,97.20286846160889,0.0,0
1595822532.5500407,99.00308132171631,0.0,0
1595822532.56004,100.80295085906982,0.0,0
1595822532.5700402,102.6029920578003,0.0,0
1595822532.5800316,104.40144538879395,0.0,0
1595822532.5900342,106.2019157409668,0.0,0
1595822532.6000383,108.00264358520508,0.0,0
1595822532.6100373,109.80247020721436,0.0,0
1595822532.62003,111.6011381149292,0.0,0
1595822532.6300333,113.40173721313477,0.0,0
1595822532.6400301,115.2011775970459,0.0,0
1595822532.6500385,117.00267791748047,0.0,0
1595822532.6600304,118.8012170791626,0.0,0
1595822532.6700287,120.60091495513916,0.0,0
1595822532.6800244,122.4001407623291,0.0,0
1595822532.6900303,124.20121192932129,0.0,0
1595822532.7000241,126.00009441375732,0.0,0
1595822532.7100403,127.80301094055176,0.0,0
1595822532.7200336,129.60180759429932,0.0,0
1595822532.7300298,131.40111923217773,0.0,0
1595822532.740023,133.19987297058105,0.0,0
1595822532.7500298,135.0011157989502,0.0,0
1595822532.7600374,136.80248737335205,0.0,0
1595822532.7700348,138.60201358795166,0.0,0
1595822532.7800267,140.4005527496338,0.0,0
1595822532.7900245,142.20016479492188,0.0,0
1595822532.800031,144.00132179260254,0.0,0
1595822532.81004,145.80295085906982,0.0,0
1595822532.8200402,147.6029920578003,0.0,0
1595822532.8300385,149.40268993377686,0.0,0
1595822532.840037,151.20243072509766,0.0,0
1595822532.8500268,153.00058364868164,0.0,0
1595822532.860041,154.80311393737793,0.0,0
1595822532.8700252,156.60027980804443,0.0,0
1595822532.8800318,158.40147972106934,0.0,0
1595822532.8900323,160.20156383514404,0.0,0
1595822532.9000294,162.0010471343994,0.0,0
1595822532.910038,163.80259037017822,0.0,0
1595822532.920026,165.60044288635254,0.0,0
1595822532.9300363,167.40228652954102,0.0,0
1595822532.9400246,169.20018196105957,0.0,0
1595822532.9500258,171.000394821167,0.0,0
1595822532.9600346,172.80198097229004,0.0,0
1595822532.9700313,174.60137844085693,0.0,0
1595822532.9800377,176.4025354385376,0.0,0
1595822532.9900248,178.20021629333496,0.0,0
1595822533.0000274,180.0006866455078,0.0,0
1595822533.0093284,181.6748571395874,0.0,0
1595822533.0093284,181.6748571395874,0.0,0
1595822533.0100296,181.8010711669922,0.0,0
1595822533.0200255,183.60033988952637,0.0,0
1595822533.030032,185.40149688720703,0.0,0
1595822533.0400298,187.20110893249512,0.0,0
1595822533.050037,189.0023946762085,0.0,0
1595822533.060026,190.80041885375977,0.0,0
1595822533.0700386,192.60269165039062,0.0,0
1595822533.0800376,194.4025182723999,0.0,0
1595822533.0900278,196.20075702667236,0.0,0
1595822533.1000273,198.00066947937012,0.0,0
1595822533.1100276,199.8007106781006,0.0,0
1595822533.1200356,201.60216808319092,0.0,0
1595822533.130036,203.40225219726562,0.0,0
1595822533.1400352,205.2020788192749,0.0,0
1595822533.1500359,207.00220584869385,0.0,0
1595822533.1600404,208.8030195236206,0.0,0
1595822533.1700246,210.6001853942871,0.0,0
1595822533.180028,212.40078449249268,0.0,0
1595822533.190024,214.20005321502686,0.0,0
1595822533.2000263,216.00048065185547,0.0,0
1595822533.210033,217.80168056488037,0.0,0
1595822533.2200227,219.59983348846436,0.0,0
1595822533.2300355,221.40214920043945,0.0,0
1595822533.2400353,223.20210456848145,0.0,0
1595822533.2500315,225.00141620635986,0.0,0
1595822533.2600272,226.8006420135498,0.0,0
1595822533.270041,228.60312938690186,0.0,0
1595822533.280034,230.40188312530518,0.0,0
1595822533.2900338,232.20183849334717,0.0,0
1595822533.3000395,234.00286674499512,0.0,0
1595822533.3100233,235.79994678497314,0.0,0
1595822533.3200226,237.59981632232666,0.0,0
1595822533.3300412,239.40316200256348,0.0,0
1595822533.3400297,241.20110034942627,0.0,0
1595822533.3500307,243.00127029418945,0.0,0
1595822533.3600307,244.80126857757568,0.0,0
1595822533.3700378,246.60255432128906,0.0,0
1595822533.3800323,248.4015655517578,0.0,0
1595822533.3900325,250.20160675048828,0.0,0
1595822533.4000328,252.00164794921875,0.0,0
1595822533.4100244,253.80014419555664,0.0,0
1595822533.42003,255.6011724472046,0.0,0
1595822533.4300277,257.40074157714844,0.0,0
1595822533.4400375,259.20249938964844,0.0,0
1595822533.4500399,261.00292682647705,0.0,0
1595822533.460038,262.8025817871094,0.0,0
1595822533.4700384,264.6026659011841,0.0,0
1595822533.4800243,266.40013217926025,0.0,0
1595822533.4900405,268.2030487060547,0.0,0
1595822533.500029,270.0009870529175,0.0,0
1595822533.5100362,271.80227279663086,0.0,0
1595822533.520033,273.60167026519775,0.0,0
1595822533.5300248,275.4002094268799,0.0,0
1595822533.5400338,277.20183849334717,0.0,0
1595822533.550027,279.0005922317505,0.0,0
1595822533.5600362,280.802264213562,0.0,0
1595822533.5700374,282.60247707366943,0.0,0
1595822533.5800343,284.40191745758057,0.0,0
1595822533.5900333,286.20174407958984,0.0,0
1595822533.600034,288.0018711090088,0.0,0
1595822533.610023,289.79989528656006,0.0,0
1595822533.6200373,291.6024684906006,0.0,0
1595822533.630035,293.40203762054443,0.0,0
1595822533.6400294,295.2010488510132,0.0,0
1595822533.6500294,297.0010471343994,0.0,0
1595822533.6600354,298.8021183013916,0.0,0
1595822533.670037,300.6024169921875,0.0,0
1595822533.6800385,302.40267276763916,0.0,0
1595822533.690037,304.20241355895996,0.0,0
1595822533.7000391,306.00279808044434,0.0,0
1595822533.7100286,307.8009080886841,0.0,0
1595822533.7200408,309.60309505462646,0.0,0
1595822533.7300248,311.40021800994873,0.0,0
1595822533.7400322,313.20154666900635,0.0,0
1595822533.7500288,315.00094413757324,0.0,0
1595822533.7600336,316.80180072784424,0.0,0
1595822533.770036,318.60222816467285,0.0,0
1595822533.7800236,320.3999948501587,0.0,0
1595822533.7900403,322.2029972076416,0.0,0
1595822533.8000374,324.002480506897,0.0,0
1595822533.8100302,325.80119132995605,0.0,0
1595822533.820038,327.60260581970215,0.0,0
1595822533.830039,329.40277576446533,0.0,0
1595822533.8400395,331.20285987854004,0.0,0
1595822533.8500385,333.0026865005493,0.0,0
1595822533.860023,334.79989528656006,0.0,0
1595822533.8700304,336.6012239456177,0.0,0
1595822533.8800247,338.4001922607422,0.0,0
1595822533.890022,340.1997184753418,0.0,0
1595822533.9000254,342.00031757354736,0.0,0
1595822533.9100366,343.8023328781128,0.0,0
1595822533.9200249,345.60022830963135,0.0,0
1595822533.9300368,347.4023723602295,0.0,0
1595822533.9400296,349.2010831832886,0.0,0
1595822533.9500365,351.0023260116577,0.0,0
1595822533.9600294,352.8010368347168,0.0,0
1595822533.9700294,354.601035118103,0.0,0
1595822533.9800336,356.40180587768555,0.0,0
1595822533.990031,358.20133209228516,0.0,0
1595822534.0000339,360,0.0,1
1595822534.0000339,0,0,0
1595822534.010034,119.65638537658783,0.6547574676547632,0
1595822534.0200446,121.45827193512055,0.6547574676547632,0
1595822534.0300424,123.25788398040864,0.6547574676547632,0
1595822534.0400379,125.05706687225434,0.6547574676547632,0
1595822534.0500507,126.85938258422944,0.6547574676547632,0
1595822534.0600433,128.6580504919443,0.6547574676547632,0
1595822534.0700438,130.458134606019,0.6547574676547632,0
1595822534.0800385,132.257188751832,0.6547574676547632,0
1595822534.0900388,134.05722995056246,0.6547574676547632,0
1595822534.100046,135.85851569427584,0.6547574676547632,0
1595822534.1100452,137.65838523162935,0.6547574676547632,0
1595822534.1200516,139.45954222931002,0.6547574676547632,0
1595822534.1300442,141.25821013702486,0.6547574676547632,0
1595822534.1400526,143.05971045745943,0.6547574676547632,0
1595822534.1500337,144.85631842865084,0.6547574676547632,0
1595822534.160036,146.65674586547945,0.6547574676547632,0
1595822534.170052,148.45961947692965,0.6547574676547632,0
1595822534.1800487,150.25901694549654,0.6547574676547632,0
1595822534.1900358,152.0566978002939,0.6547574676547632,0
1595822534.2000473,153.85875602020357,0.6547574676547632,0
1595822534.210049,155.65905471099947,0.6547574676547632,0
1595822534.220048,157.45888133300875,0.6547574676547632,0
1595822534.2300518,159.2595662619028,0.6547574676547632,0
1595822534.2400513,161.05947871460054,0.6547574676547632,0
1595822534.250046,162.85853286041353,0.6547574676547632,0
1595822534.2600455,164.6584453131113,0.6547574676547632,0
1595822534.270046,166.458529427186,0.6547574676547632,0
1595822534.2800431,168.25801272644136,0.6547574676547632,0
1595822534.2900393,170.05732436431978,0.6547574676547632,0
1595822534.3000472,171.85873885406588,0.6547574676547632,0
1595822534.3100464,173.6586083914194,0.6547574676547632,0
1595822534.3200512,175.4594649816904,0.6547574676547632,0
1595822534.3300366,177.25684542907808,0.6547574676547632,0
1595822534.340043,179.05800242675875,0.6547574676547632,0
1595822534.3500376,180.8570136572275,0.6547574676547632,0
1595822534.3600357,182.65666861785982,0.6547574676547632,0
1595822534.3700426,184.45791144622896,0.6547574676547632,0
1595822534.380043,186.25799556030367,0.6547574676547632,0
1595822534.3900437,188.05812258972261,0.6547574676547632,0
1595822534.4000475,189.85880751861666,0.6547574676547632,0
1595822534.4100459,191.65850539459322,0.6547574676547632,0
1595822534.4200435,193.45807452453707,0.6547574676547632,0
1595822534.4300482,195.25893111480806,0.6547574676547632,0
1595822534.4400482,197.0589293981943,0.6547574676547632,0
1595822534.45004,198.85746855987642,0.6547574676547632,0
1595822534.460048,200.65888304962252,0.6547574676547632,0
1595822534.4700513,202.45948214782808,0.6547574676547632,0
1595822534.4800518,204.2595662619028,0.6547574676547632,0
1595822534.4900515,206.05952162994478,0.6547574676547632,0
1595822534.500037,207.85690207733248,0.6547574676547632,0
1595822534.5100358,209.65668578399752,0.6547574676547632,0
1595822534.520047,211.45870108856295,0.6547574676547632,0
1595822534.5300474,213.25878520263765,0.6547574676547632,0
1595822534.5400443,215.0582255865488,0.6547574676547632,0
1595822534.550039,216.85727973236177,0.6547574676547632,0
1595822534.5600393,218.65732093109224,0.6547574676547632,0
1595822534.5700457,220.4584779287729,0.6547574676547632,0
1595822534.5800474,222.2587766195688,0.6547574676547632,0
1595822534.5900347,224.0565003897104,0.6547574676547632,0
1595822534.600047,225.85873027099703,0.6547574676547632,0
1595822534.610035,227.6565398718271,0.6547574676547632,0
1595822534.6200478,229.4588555838022,0.6547574676547632,0
1595822534.6300342,231.25640769256685,0.6547574676547632,0
1595822534.64005,233.0592383886728,0.6547574676547632,0
1595822534.650051,234.85945124878023,0.6547574676547632,0
1595822534.6600387,236.65721793426607,0.6547574676547632,0
1595822534.6700335,238.45627208007906,0.6547574676547632,0
1595822534.6800342,240.256399109498,0.6547574676547632,0
1595822534.6900368,242.05686946167086,0.6547574676547632,0
1595822534.70005,243.85927100433443,0.6547574676547632,0
1595822534.7100372,245.6569518591318,0.6547574676547632,0
1595822534.7200394,247.45733638061617,0.6547574676547632,0
1595822534.7300477,249.25883670105074,0.6547574676547632,0
1595822534.7400405,251.05754752410982,0.6547574676547632,0
1595822534.7500365,252.856816246644,0.6547574676547632,0
1595822534.760047,254.65870280517672,0.6547574676547632,0
1595822534.7700343,256.4564265753183,0.6547574676547632,0
1595822534.780035,258.25655360473723,0.6547574676547632,0
1595822534.7900443,260.05822558654876,0.6547574676547632,0
1595822534.800039,261.85727973236175,0.6547574676547632,0
1595822534.8100355,263.6566342855844,0.6547574676547632,0
1595822534.82005,265.45925040496917,0.6547574676547632,0
1595822534.8300488,267.2590341116342,0.6547574676547632,0
1595822534.8400397,269.0574016119394,0.6547574676547632,0
1595822534.85005,270.85924525512786,0.6547574676547632,0
1595822534.860038,272.6570977713022,0.6547574676547632,0
1595822534.870036,274.45670981659026,0.6547574676547632,0
1595822534.8800476,276.25881095184417,0.6547574676547632,0
1595822534.890039,278.0572642828378,0.6547574676547632,0
1595822534.9000337,279.8563184286508,0.6547574676547632,0
1595822534.9100447,281.658290817872,0.6547574676547632,0
1595822534.9200394,283.457344963685,0.6547574676547632,0
1595822534.9300516,285.25953192962737,0.6547574676547632,0
1595822534.9400396,287.0573844458017,0.6547574676547632,0
1595822534.9500365,288.8568248297128,0.6547574676547632,0
1595822534.9600425,290.657895996705,0.6547574676547632,0
1595822534.9700341,292.4563922430429,0.6547574676547632,0
1595822534.9800475,294.2587937857065,0.6547574676547632,0
1595822534.9900458,296.05849166168304,0.6547574676547632,0
1595822535.0000358,297.85668750061126,0.6547574676547632,0
1595822535.0094237,299.5465220953378,0.6547574676547632,0
1595822535.0094237,299.5465220953378,0.6547574676547632,0
1595822535.0100434,299.6580590750131,0.6547574676547632,0
1595822535.0200446,301.45827193512054,0.6547574676547632,0
1595822535.030044,303.2581843878183,0.6547574676547632,0
1595822535.04004,305.05745311035247,0.6547574676547632,0
1595822535.050038,306.8571080709848,0.6547574676547632,0
1595822535.0600438,308.65813632263274,0.6547574676547632,0
1595822535.070039,310.4572762991342,0.6547574676547632,0
1595822535.0800343,312.2564162756357,0.6547574676547632,0
1595822535.0900483,314.05894656433196,0.6547574676547632,0
1595822535.1000402,315.8574857260141,0.6547574676547632,0
1595822535.1100368,317.656883194581,0.6547574676547632,0
1595822535.1200411,319.4576539541635,0.6547574676547632,0
1595822535.1300397,321.2573947454843,0.6547574676547632,0
1595822535.1400468,323.0586804891977,0.6547574676547632,0
1595822535.1500328,324.85614676727386,0.6547574676547632,0
1595822535.1600473,326.6587628866586,0.6547574676547632,0
1595822535.1700485,328.45897574676604,0.6547574676547632,0
1595822535.180048,330.2588881994638,0.6547574676547632,0
1595822535.1900413,332.05768485321136,0.6547574676547632,0
1595822535.2000391,333.85729689849944,0.6547574676547632,0
1595822535.2100382,335.6571235205087,0.6547574676547632,0
1595822535.220048,337.4588813330087,0.6547574676547632,0
1595822535.23005,339.2592658544931,0.6547574676547632,0
1595822535.240046,341.0585345770273,0.6547574676547632,0
1595822535.250036,342.8567304159555,0.6547574676547632,0
1595822535.2600448,344.65831656707854,0.6547574676547632,0
1595822535.2700498,346.4592160726938,0.6547574676547632,0
1595822535.2800488,348.25904269470306,0.6547574676547632,0
1595822535.2900386,350.05719561828704,0.6547574676547632,0
1595822535.3000429,351.85796637786956,0.6547574676547632,0
1595822535.310048,353.65890879882903,0.6547574676547632,0
1595822535.3200371,355.4569329763803,0.6547574676547632,0
1595822535.3300447,357.25830455078216,0.6547574676547632,0
1595822535.3400378,359.0570582891855,0.6547574676547632,0
1595822535.345282,360,0.6547574676547632,1
1595822535.345282,0,0,0
1595822535.3552861,196.12292829172986,1.0795677802638421,0
1595822535.3653,197.9254156650819,1.0795677802638421,0
1595822535.3753006,199.72554269450086,1.0795677802638421,0
1595822535.3852985,201.52515473978895,1.0795677802638421,0
1595822535.3952937,203.3242947162904,1.0795677802638421,0
1595822535.4052992,205.12528005259412,1.0795677802638421,0
1595822535.4153,206.92540708201307,1.0795677802638421,0
1595822535.4252894,208.7235170902528,1.0795677802638421,0
1595822535.4352844,210.52261415141004,1.0795677802638421,0
1595822535.4452944,212.32441487925428,1.0795677802638421,0
1595822535.455291,214.12381234782117,1.0795677802638421,0
1595822535.4652944,215.92441144602674,1.0795677802638421,0
1595822535.475295,217.72453847544568,1.0795677802638421,0
1595822535.485295,219.5245367588319,1.0795677802638421,0
1595822535.495287,221.32307592051404,1.0795677802638421,0
1595822535.5052967,223.12483373301404,1.0795677802638421,0
1595822535.515291,224.92380204813855,1.0795677802638421,0
1595822535.5252905,226.7237145008363,1.0795677802638421,0
1595822535.53529,228.52362695353406,1.0795677802638421,0
1595822535.5452821,230.32220903056043,1.0795677802638421,0
1595822535.5552819,232.12216439860242,1.0795677802638421,0
1595822535.5652878,233.9232355655946,1.0795677802638421,0
1595822535.5752952,235.72456422465223,1.0795677802638421,0
1595822535.5852988,237.52520623820203,1.0795677802638421,0
1595822535.5952868,239.32305875437635,1.0795677802638421,0
1595822535.6052864,241.1229712070741,1.0795677802638421,0
1595822535.6152918,242.9239565433778,1.0795677802638421,0
1595822535.6252928,244.724126488141,1.0795677802638421,0
1595822535.6352885,246.52335229533094,1.0795677802638421,0
1595822535.6452956,248.32463803904432,1.0795677802638421,0
1595822535.6552854,250.1227909626283,1.0795677802638421,0
1595822535.6652966,251.92480626719373,1.0795677802638421,0
1595822535.675288,253.72325959818738,1.0795677802638421,0
1595822535.6852975,255.52497449534314,1.0795677802638421,0
1595822535.6952927,257.3241144718446,1.0795677802638421,0
1595822535.7052848,259.122696548871,1.0795677802638421,0
1595822535.7152987,260.925183922223,1.0795677802638421,0
1595822535.7253,262.7254396976747,1.0795677802638421,0
1595822535.7352917,264.5239359440126,1.0795677802638421,0
1595822535.7452962,266.32474961893934,1.0795677802638421,0
1595822535.7553,268.1254345478334,1.0795677802638421,0
1595822535.765299,269.92526116984266,1.0795677802638421,0
1595822535.7752953,271.7245728077211,1.0795677802638421,0
1595822535.7852902,273.5236698688783,1.0795677802638421,0
1595822535.7952893,275.3234964908876,1.0795677802638421,0
1595822535.8052819,277.1221643986024,1.0795677802638421,0
1595822535.8152983,278.9251238407411,1.0795677802638421,0
1595822535.8252878,280.72323384898084,1.0795677802638421,0
1595822535.8352957,282.52464833872693,1.0795677802638421,0
1595822535.8452864,284.32297292368787,1.0795677802638421,0
1595822535.8552852,286.1227566303529,1.0795677802638421,0
1595822535.8652914,287.92387071268934,1.0795677802638421,0
1595822535.875292,289.7239977421083,1.0795677802638421,0
1595822535.885284,291.5225369037904,1.0795677802638421,0
1595822535.8952816,293.32210603373426,1.0795677802638421,0
1595822535.905283,295.1223618091859,1.0795677802638421,0
1595822535.9152863,296.9229609073915,1.0795677802638421,0
1595822535.9252996,298.72536245005506,1.0795677802638421,0
1595822535.9352906,300.52372995036023,1.0795677802638421,0
1595822535.945295,302.324543625287,1.0795677802638421,0
1595822535.9552875,304.1231686176576,1.0795677802638421,0
1595822535.9652915,305.9238964618959,1.0795677802638421,0
1595822535.9752948,307.72449556010145,1.0795677802638421,0
1595822535.985292,309.5239788593568,1.0795677802638421,0
1595822535.9952912,311.32384839671033,1.0795677802638421,0
1595822536.0052915,313.1238895954408,1.0795677802638421,0
1595822536.0152957,314.9246603550233,1.0795677802638421,0
1595822536.0252993,316.7253023685731,1.0795677802638421,0
1595822536.0352852,318.5227686466493,1.0795677802638421,0
1595822536.0452838,320.3225094379701,1.0795677802638421,0
1595822536.0552986,322.1251684726991,1.0795677802638421,0
1595822536.0652862,323.92293515818494,1.0795677802638421,0
1595822536.075297,325.72490754740613,1.0795677802638421,0
1595822536.0852964,327.52477708475965,1.0795677802638421,0
1595822536.0952878,329.3232304157533,1.0795677802638421,0
1595822536.105282,331.1221987308778,1.0795677802638421,0
1595822536.115291,332.9238277973451,1.0795677802638421,0
1595822536.125294,334.7243410648622,1.0795677802638421,0
1595822536.1352954,336.52459684031385,1.0795677802638421,0
1595822536.1452858,338.32287850993055,1.0795677802638421,0
1595822536.155285,340.1227051319398,1.0795677802638421,0
1595822536.1652944,341.9244200290956,1.0795677802638421,0
1595822536.1752913,343.7238604130067,1.0795677802638421,0
1595822536.1852942,345.5243736805238,1.0795677802638421,0
1595822536.1952906,347.32372823374646,1.0795677802638421,0
1595822536.2052836,349.1224819721498,1.0795677802638421,0
1595822536.215295,350.92454019205945,1.0795677802638421,0
1595822536.2252927,352.7241093220033,1.0795677802638421,0
1595822536.2352896,354.52354970591443,1.0795677802638421,0
1595822536.2452826,356.32230344431775,1.0795677802638421,0
1595822536.2552967,358.12483373301404,1.0795677802638421,0
1595822536.265291,359.92380204813855,1.0795677802638421,0
1595822536.2657316,360,1.0795677802638421,1
1595822536.2657316,0,0,0
1595822536.2757485,1.8030452728271484,0,0
1595822536.285735,3.600597381591797,0,0
1595822536.2957425,5.401968955993652,0,0
1595822536.3057337,7.200379371643066,0,0
1595822536.3157332,9.00029182434082,0,0
1595822536.325742,10.801877975463867,0,0
1595822536.3357348,12.60058879852295,0,0
1595822536.3457468,14.402732849121094,0,0
1595822536.3557472,16.2028169631958,0,0
1595822536.365741,18.001699447631836,0,0
1595822536.3757324,19.80015277862549,0,0
1595822536.3857439,21.602210998535156,0,0
1595822536.3957386,23.401265144348145,0,0
1595822536.405747,25.202765464782715,0,0
1595822536.4157374,27.001047134399414,0,0
1595822536.4257417,28.801817893981934,0,0
1595822536.4357367,30.60091495513916,0,0
1595822536.445737,32.40095615386963,0,0
1595822536.4557428,34.202027320861816,0,0
1595822536.4609125,35.13256072998047,0,0
1595822536.4609125,35.13256072998047,0,0
1595822536.4657369,36.00095272064209,0,0
1595822536.4757352,37.80065059661865,0,0
1595822536.4857473,39.602837562561035,0,0
1595822536.4957366,41.40090465545654,0,0
1595822536.505734,43.20043087005615,0,0
1595822536.515737,45.00098705291748,0,0
1595822536.5257432,46.802101135253906,0,0
1595822536.5357354,48.60068321228027,0,0
1595822536.5457337,50.400381088256836,0,0
1595822536.5557454,52.20248222351074,0,0
1595822536.5657365,54.000892639160156,0,0
1595822536.5757344,55.80050468444824,0,0
1595822536.5857413,57.60174751281738,0,0
1595822536.5957355,59.400715827941895,0,0
1595822536.6057484,61.20303153991699,0,0
1595822536.6157353,63.00066947937012,0,0
1595822536.62575,64.80332851409912,0,0
1595822536.6357422,66.60191059112549,0,0
1595822536.645745,68.40242385864258,0,0
1595822536.655749,70.20315170288086,0,0
1595822536.6657426,72.00199127197266,0,0
1595822536.6757329,73.80023002624512,0,0
1595822536.6857328,75.60022830963135,0,0
1595822536.6957335,77.4003553390503,0,0
1595822536.7057412,79.20172691345215,0,0
1595822536.7157395,81.00142478942871,0,0
1595822536.7257383,82.80120849609375,0,0
1595822536.7357414,84.60176467895508,0,0
1595822536.7457318,86.40004634857178,0,0
1595822536.7557342,88.20047378540039,0,0
1595822536.7657323,90.00012874603271,0,0
1595822536.7757316,91.79999828338623,0,0
1595822536.7857492,93.6031723022461,0,0
1595822536.7957392,95.40136814117432,0,0
1595822536.805744,97.20222473144531,0,0
1595822536.8157418,99.0018367767334,0,0
1595822536.825737,100.80097675323486,0,0
1595822536.835746,102.60260581970215,0,0
1595822536.8457448,104.40238952636719,0,0
1595822536.855736,106.2007999420166,0,0
1595822536.865736,108.00079822540283,0,0
1595822536.8757372,109.80101108551025,0,0
1595822536.8857474,111.60285472869873,0,0
1595822536.8957312,113.39993476867676,0,0
1595822536.905749,115.20315170288086,0,0
1595822536.9157424,117.00194835662842,0,0
1595822536.9257424,118.80194664001465,0,0
1595822536.9357362,120.60082912445068,0,0
1595822536.9457364,122.40087032318115,0,0
1595822536.9557335,124.20035362243652,0,0
1595822536.9657469,126.0027551651001,0,0
1595822536.9757466,127.80271053314209,0,0
1595822536.9857326,129.60017681121826,0,0
1595822536.9957366,131.40090465545654,0,0
1595822537.0057416,133.20180416107178,0,0
1595822537.0157406,135.00163078308105,0,0
1595822537.0257387,136.80128574371338,0,0
1595822537.0357425,138.60197067260742,0,0
1595822537.04574,140.40149688720703,0,0
1595822537.0557487,142.20308303833008,0,0
1595822537.0657473,144.00282382965088,0,0
1595822537.0757353,145.8006763458252,0,0
1595822537.0857353,147.60067462921143,0,0
1595822537.095736,149.40080165863037,0,0
1595822537.1057315,151.19998455047607,0,0
1595822537.1157403,153.00157070159912,0,0
1595822537.1257353,154.80066776275635,0,0
1595822537.1357415,156.60178184509277,0,0
1595822537.1457498,158.40328216552734,0,0
1595822537.1557415,160.20177841186523,0,0
1595822537.165741,162.001690864563,0,0
1595822537.1757462,163.80263328552246,0,0
1595822537.1857314,165.59997081756592,0,0
1595822537.1957474,167.4028444290161,0,0
1595822537.2057486,169.20305728912354,0,0
1595822537.215743,171.00206851959229,0,0
1595822537.225746,172.80258178710938,0,0
1595822537.2357495,174.60322380065918,0,0
1595822537.2457485,176.40305042266846,0,0
1595822537.2557383,178.20120334625244,0,0
1595822537.265731,179.99991416931152,0,0
1595822537.2757359,181.80077075958252,0,0
1595822537.2857416,183.60179901123047,0,0
1595822537.295734,185.40042400360107,0,0
1595822537.305737,187.2009801864624,0,0
1595822537.3157322,189.00012016296387,0,0
1595822537.3257434,190.8021354675293,0,0
1595822537.335732,192.6000738143921,0,0
1595822537.3457372,194.40101623535156,0,0
1595822537.3557339,196.20041370391846,0,0
1595822537.3657384,198.00122737884521,0,0
1595822537.3757477,199.80289936065674,0,0
1595822537.385733,201.6002368927002,0,0
1595822537.3957322,203.4001064300537,0,0
1595822537.405733,205.2002763748169,0,0
1595822537.4157429,207.0020341873169,0,0
1595822537.4257488,208.80310535430908,0,0
1595822537.4357412,210.6017303466797,0,0
1595822537.4457479,212.4029302597046,0,0
1595822537.4557395,214.20142650604248,0,0
1595822537.4657404,216.00159645080566,0,0
1595822537.4757311,217.7999210357666,0,0
1595822537.4857419,219.60185050964355,0,0
1595822537.4957366,221.40090465545654,0,0
1595822537.5057492,223.2031774520874,0,0
1595822537.5157309,224.99987125396729,0,0
1595822537.5257452,226.8024444580078,0,0
1595822537.5357437,228.6021852493286,0,0
1595822537.5457368,230.40093898773193,0,0
1595822537.5557492,232.20316886901855,0,0
1595822537.5657327,234.00020599365234,0,0
1595822537.575749,235.80312252044678,0,0
1595822537.5857434,237.60213375091553,0,0
1595822537.5957322,239.40011501312256,0,0
1595822537.605731,241.1998987197876,0,0
1595822537.6157315,242.9999828338623,0,0
1595822537.6257417,244.80182647705078,0,0
1595822537.6357336,246.6003656387329,0,0
1595822537.6457372,248.40100765228271,0,0
1595822537.655742,250.2018642425537,0,0
1595822537.665748,252.0029354095459,0,0
1595822537.6757386,253.80125999450684,0,0
1595822537.6857367,255.60091495513916,0,0
1595822537.6957407,257.40164279937744,0,0
1595822537.7057402,259.2015552520752,0,0
1595822537.7157412,261.0017251968384,0,0
1595822537.7257433,262.80210971832275,0,0
1595822537.735738,264.60116386413574,0,0
1595822537.7457423,266.40193462371826,0,0
1595822537.7557356,268.2007312774658,0,0
1595822537.7657485,270.0030469894409,0,0
1595822537.7757456,271.8025302886963,0,0
1595822537.7857366,273.60089778900146,0,0
1595822537.795747,275.4027843475342,0,0
1595822537.8057334,277.2003364562988,0,0
1595822537.815742,279.00187969207764,0,0
1595822537.8257356,280.80071926116943,0,0
1595822537.8357315,282.5999879837036,0,0
1595822537.8457327,284.40020084381104,0,0
1595822537.8557434,286.202130317688,0,0
1595822537.865733,288.00024032592773,0,0
1595822537.87574,289.8015260696411,0,0
1595822537.8857331,291.60027980804443,0,0
1595822537.8957376,293.4010934829712,0,0
1595822537.9057338,295.2004051208496,0,0
1595822537.915735,297.00061798095703,0,0
1595822537.925746,298.8025903701782,0,0
1595822537.9357417,300.60181617736816,0,0
1595822537.9457438,302.40220069885254,0,0
1595822537.9557376,304.2010831832886,0,0
1595822537.9657426,306.0019826889038,0,0
1595822537.9757428,307.8020238876343,0,0
1595822537.9857314,309.59996223449707,0,0
1595822537.9957418,311.4018487930298,0,0
1595822538.0057476,313.20287704467773,0,0
1595822538.0157363,315.00085830688477,0,0
1595822538.0257447,316.80235862731934,0,0
1595822538.0357463,318.60265731811523,0,0
1595822538.0457487,320.40308475494385,0,0
1595822538.0557423,322.20192432403564,0,0
1595822538.0657384,324.00123596191406,0,0
1595822538.0757408,325.8016633987427,0,0
1595822538.085747,327.6027774810791,0,0
1595822538.095747,329.40277576446533,0,0
1595822538.105747,331.20277404785156,0,0
1595822538.1157298,332.99968242645264,0,0
1595822538.1257372,334.80101108551025,0,0
1595822538.1357388,336.60130977630615,0,0
1595822538.145745,338.4024238586426,0,0
1595822538.1557322,340.20010471343994,0,0
1595822538.1657395,342.00143337249756,0,0
1595822538.1757302,343.7997579574585,0,0
1595822538.1857398,345.60147285461426,0,0
1595822538.1957438,347.40220069885254,0,0
1595822538.2057319,349.20005321502686,0,0
1595822538.215733,351.0002660751343,0,0
1595822538.225747,352.80279636383057,0,0
1595822538.2357407,354.60163593292236,0,0
1595822538.245745,356.4024066925049,0,0
1595822538.2557325,358.2001733779907,0,0
1595822538.265734,360,0,1
1595822538.265734,0,0,0
1595822538.2757494,24.594027220464064,0.12661799688723524,0
1595822538.285735,26.39140766785176,0.12661799688723524,0
1595822538.2957375,28.19187802002461,0.12661799688723524,0
1595822538.305752,29.994494139409376,0.12661799688723524,0
1595822538.3157403,31.79238957092793,0.12661799688723524,0
1595822538.3257482,33.593804060674024,0.12661799688723524,0
1595822538.335749,35.39393109009297,0.12661799688723524,0
1595822538.3457522,37.194530188298536,0.12661799688723524,0
1595822538.355744,38.99302643463643,0.12661799688723524,0
1595822538.365742,40.79268139526875,0.12661799688723524,0
1595822538.3757524,42.594567953801466,0.12661799688723524,0
1595822538.3857431,44.3928925387624,0.12661799688723524,0
1595822538.3957348,46.191388785100294,0.12661799688723524,0
1595822538.4057338,47.99121540710957,0.12661799688723524,0
1595822538.4157524,49.79456108734639,0.12661799688723524,0
1595822538.42575,51.594130217290235,0.12661799688723524,0
1595822538.4357426,53.39279812500508,0.12661799688723524,0
1595822538.4457338,55.19120854065449,0.12661799688723524,0
1595822538.4557483,56.99382466003926,0.12661799688723524,0
1595822538.45977,57.71772068665059,0.12661799688723524,0
1595822538.45977,57.71772068665059,0.12661799688723524,0
1595822538.4657393,58.792192160344435,0.12661799688723524,0
1595822538.4757452,60.59326332733662,0.12661799688723524,0
1595822538.4857452,62.39326161072285,0.12661799688723524,0
1595822538.4957345,64.19132870361835,0.12661799688723524,0
1595822538.5057404,65.99239987061054,0.12661799688723524,0
1595822538.5157359,67.79158276245624,0.12661799688723524,0
1595822538.525747,69.59359806702167,0.12661799688723524,0
1595822538.5357394,71.39222305939228,0.12661799688723524,0
1595822538.5457458,73.19338005707294,0.12661799688723524,0
1595822538.5557504,74.9941937319997,0.12661799688723524,0
1595822538.5657506,76.79423493073017,0.12661799688723524,0
1595822538.5757368,78.59174412415058,0.12661799688723524,0
1595822538.585737,80.39178532288105,0.12661799688723524,0
1595822538.5957484,82.19384354279072,0.12661799688723524,0
1595822538.6057348,83.99139565155537,0.12661799688723524,0
1595822538.615742,85.79268139526874,0.12661799688723524,0
1595822538.6257467,87.59353798553974,0.12661799688723524,0
1595822538.6357381,89.39199131653339,0.12661799688723524,0
1595822538.6457446,91.19314831421406,0.12661799688723524,0
1595822538.6557462,92.99344700500995,0.12661799688723524,0
1595822538.6657448,94.79318779633076,0.12661799688723524,0
1595822538.6757376,96.59189861938984,0.12661799688723524,0
1595822538.685741,98.3924977175954,0.12661799688723524,0
1595822538.6957464,100.19348305389912,0.12661799688723524,0
1595822538.7057512,101.99433964417011,0.12661799688723524,0
1595822538.7157469,103.79356545136005,0.12661799688723524,0
1595822538.7257473,105.59364956543476,0.12661799688723524,0
1595822538.7357419,107.39266079590351,0.12661799688723524,0
1595822538.745735,109.19141453430683,0.12661799688723524,0
1595822538.7557364,110.99167030975849,0.12661799688723524,0
1595822538.7657344,112.79132527039081,0.12661799688723524,0
1595822538.7757394,114.59222477600605,0.12661799688723524,0
1595822538.7857394,116.39222305939228,0.12661799688723524,0
1595822538.7957394,118.19222134277851,0.12661799688723524,0
1595822538.8057344,119.99131840393574,0.12661799688723524,0
1595822538.8157492,121.79397743866474,0.12661799688723524,0
1595822538.8257382,123.59200161621601,0.12661799688723524,0
1595822538.83575,125.39414566681415,0.12661799688723524,0
1595822538.8457465,127.19350022003681,0.12661799688723524,0
1595822538.855745,128.9932410113576,0.12661799688723524,0
1595822538.8657417,130.7926384799245,0.12661799688723524,0
1595822538.8757482,132.59379547760517,0.12661799688723524,0
1595822538.8857486,134.39387959167988,0.12661799688723524,0
1595822538.8957484,136.19383495972187,0.12661799688723524,0
1595822538.9057472,137.9936186663869,0.12661799688723524,0
1595822538.915736,139.79159992859394,0.12661799688723524,0
1595822538.9257348,141.59138363525898,0.12661799688723524,0
1595822538.935749,143.3939568392995,0.12661799688723524,0
1595822538.945742,145.1926676623586,0.12661799688723524,0
1595822538.9557474,146.9936529986623,0.12661799688723524,0
1595822538.9657454,148.79330795929462,0.12661799688723524,0
1595822538.9757469,150.59356373474628,0.12661799688723524,0
1595822538.9857333,152.39111584351093,0.12661799688723524,0
1595822538.995747,154.19360321686298,0.12661799688723524,0
1595822539.005734,155.9912411563161,0.12661799688723524,0
1595822539.0157354,157.79149693176777,0.12661799688723524,0
1595822539.0257344,159.59132355377704,0.12661799688723524,0
1595822539.0357423,161.39273804352314,0.12661799688723524,0
1595822539.0457377,163.19192093536884,0.12661799688723524,0
1595822539.0557368,164.99174755737812,0.12661799688723524,0
1595822539.065745,166.7932478778127,0.12661799688723524,0
1595822539.0757413,168.5925595156911,0.12661799688723524,0
1595822539.0857387,170.39208573029072,0.12661799688723524,0
1595822539.0957365,172.1916977755788,0.12661799688723524,0
1595822539.1057434,173.99294060394794,0.12661799688723524,0
1595822539.1157436,175.7929818026784,0.12661799688723524,0
1595822539.125741,177.59250801727802,0.12661799688723524,0
1595822539.1357496,179.39405125305683,0.12661799688723524,0
1595822539.1457345,181.19134586975605,0.12661799688723524,0
1595822539.1557443,182.99310368225605,0.12661799688723524,0
1595822539.1657338,184.7912136904958,0.12661799688723524,0
1595822539.175737,186.59176987335712,0.12661799688723524,0
1595822539.185752,188.39447182343037,0.12661799688723524,0
1595822539.1957343,190.19129437134296,0.12661799688723524,0
1595822539.2057357,191.99155014679462,0.12661799688723524,0
1595822539.215735,193.79141968414814,0.12661799688723524,0
1595822539.2257333,195.5911175601247,0.12661799688723524,0
1595822539.235744,197.39304703400165,0.12661799688723524,0
1595822539.245749,199.1939465396169,0.12661799688723524,0
1595822539.2557428,200.99282902405292,0.12661799688723524,0
1595822539.2657354,202.79149693176777,0.12661799688723524,0
1595822539.2757413,204.59256809875995,0.12661799688723524,0
1595822539.2798913,205.33955258057148,0.12661799688723524,0
1595822539.2798913,205.33955258057148,0.12661799688723524,0
1595822539.2857456,206.39333885834247,0.12661799688723524,0
1595822539.295747,208.19359463379413,0.12661799688723524,0
1595822539.305742,209.99269169495136,0.12661799688723524,0
1595822539.3157365,211.7917029254201,0.12661799688723524,0
1595822539.32575,213.59414738342792,0.12661799688723524,0
1595822539.335749,215.39393109009296,0.12661799688723524,0
1595822539.3457367,217.19174069092304,0.12661799688723524,0
1595822539.3557358,218.99156731293232,0.12661799688723524,0
1595822539.3657372,220.79182308838398,0.12661799688723524,0
1595822539.3757365,222.5916926257375,0.12661799688723524,0
1595822539.3857498,224.39409416840107,0.12661799688723524,0
1595822539.395737,226.19177502319843,0.12661799688723524,0
1595822539.40575,227.99413365051777,0.12661799688723524,0
1595822539.4157372,229.79181450531513,0.12661799688723524,0
1595822539.4257395,231.59224194214374,0.12661799688723524,0
1595822539.4357345,233.39133900330097,0.12661799688723524,0
1595822539.445743,235.19288223907978,0.12661799688723524,0
1595822539.4557514,236.99438255951435,0.12661799688723524,0
1595822539.4657357,238.79154843018085,0.12661799688723524,0
1595822539.4757452,240.59326332733662,0.12661799688723524,0
1595822539.4857352,242.39145916626484,0.12661799688723524,0
1595822539.4957485,244.1938607089284,0.12661799688723524,0
1595822539.505741,245.99248570129902,0.12661799688723524,0
1595822539.5157351,247.79145401642353,0.12661799688723524,0
1595822539.5257487,249.59389847443134,0.12661799688723524,0
1595822539.5357351,251.391450583196,0.12661799688723524,0
1595822539.5457447,253.19316548035175,0.12661799688723524,0
1595822539.5557392,254.9921767108205,0.12661799688723524,0
1595822539.5657375,256.79187458679706,0.12661799688723524,0
1595822539.5757413,258.5925595156911,0.12661799688723524,0
1595822539.5857413,260.39255779907734,0.12661799688723524,0
1595822539.5957432,262.1928994052175,0.12661799688723524,0
1595822539.6057363,263.9916531436208,0.12661799688723524,0
1595822539.6157339,265.79122227356464,0.12661799688723524,0
1595822539.6257336,267.59117764160663,0.12661799688723524,0
1595822539.6357446,269.3931500308278,0.12661799688723524,0
1595822539.645733,271.1910883776906,0.12661799688723524,0
1595822539.6557326,272.9910008303884,0.12661799688723524,0
1595822539.6657412,274.7925440661672,0.12661799688723524,0
1595822539.6757414,276.59258526489765,0.12661799688723524,0
1595822539.6857464,278.3934847705129,0.12661799688723524,0
1595822539.6957448,280.19318264648945,0.12661799688723524,0
1595822539.705739,281.99215096161396,0.12661799688723524,0
1595822539.7157395,283.79223507568867,0.12661799688723524,0
1595822539.725746,285.59339207336933,0.12661799688723524,0
1595822539.7357447,287.39317578003437,0.12661799688723524,0
1595822539.7457356,289.19154328033954,0.12661799688723524,0
1595822539.755743,290.99287193939716,0.12661799688723524,0
1595822539.7657475,292.7936856143239,0.12661799688723524,0
1595822539.775733,294.5910660617116,0.12661799688723524,0
1595822539.785735,296.39140766785175,0.12661799688723524,0
1595822539.795733,298.1910626284841,0.12661799688723524,0
1595822539.8057356,299.9915329806569,0.12661799688723524,0
1595822539.815739,301.7921320788625,0.12661799688723524,0
1595822539.8257418,303.5926453463796,0.12661799688723524,0
1595822539.8357327,305.39101284668476,0.12661799688723524,0
1595822539.8457358,307.1915690295461,0.12661799688723524,0
1595822539.8557415,308.99259728119404,0.12661799688723524,0
1595822539.8657336,310.7911793582204,0.12661799688723524,0
1595822539.8757463,312.59345215485126,0.12661799688723524,0
1595822539.885744,314.39306420013935,0.12661799688723524,0
1595822539.8957431,316.1928908221486,0.12661799688723524,0
1595822539.9057498,317.99409073517353,0.12661799688723524,0
1595822539.91575,319.794131933904,0.12661799688723524,0
1595822539.9257393,321.5921990267995,0.12661799688723524,0
1595822539.9357417,323.3926264636281,0.12661799688723524,0
1595822539.9457374,325.19185227081806,0.12661799688723524,0
1595822539.9557498,326.9940821521047,0.12661799688723524,0
1595822539.9657493,328.79399460480244,0.12661799688723524,0
1595822539.9757426,330.59279125855,0.12661799688723524,0
1595822539.985733,332.3910729281667,0.12661799688723524,0
1595822539.9957442,334.1930882327321,0.12661799688723524,0
1595822540.005745,335.99321526215107,0.12661799688723524,0
1595822540.0157363,337.7916685931447,0.12661799688723524,0
1595822540.0257337,339.59119480774433,0.12661799688723524,0
1595822540.0357475,341.3936821810964,0.12661799688723524,0
1595822540.0457342,343.19127720520527,0.12661799688723524,0
1595822540.055738,344.9919621340993,0.12661799688723524,0
1595822540.0657444,346.79311913178,0.12661799688723524,0
1595822540.0757363,348.5916582934621,0.12661799688723524,0
1595822540.0857482,350.39380234406025,0.12661799688723524,0
1595822540.0957377,352.1919123523,0.12661799688723524,0
1595822540.1057408,353.9924685351613,0.12661799688723524,0
1595822540.1157436,355.7929818026784,0.12661799688723524,0
1595822540.1257336,357.59117764160663,0.12661799688723524,0
1595822540.135738,359.39194840118915,0.12661799688723524,0
1595822540.1391187,360,0.12661799688723524,1
1595822540.1391187,0,0,0
1595822540.1491256,172.4520914091923,0.9480602698934619,0
1595822540.1591325,174.25333423756143,0.9480602698934619,0
1595822540.169137,176.0541479124882,0.9480602698934619,0
1595822540.179126,177.85217209003946,0.9480602698934619,0
1595822540.189125,179.65199871204874,0.9480602698934619,0
1595822540.1991317,181.45319862507364,0.9480602698934619,0
1595822540.2091296,183.25281067036173,0.9480602698934619,0
1595822540.2191331,185.05345268391153,0.9480602698934619,0
1595822540.2291298,186.85285015247842,0.9480602698934619,0
1595822540.2391188,188.6508743300297,0.9480602698934619,0
1595822540.2491262,190.4522029890873,0.9480602698934619,0
1595822540.2591326,192.25335998676798,0.9480602698934619,0
1595822540.269123,194.05164165638467,0.9480602698934619,0
1595822540.2791238,195.85176868580362,0.9480602698934619,0
1595822540.2891297,197.6528398527958,0.9480602698934619,0
1595822540.299122,199.4514648451664,0.9480602698934619,0
1595822540.3091216,201.25137729786417,0.9480602698934619,0
1595822540.319125,203.05197639606973,0.9480602698934619,0
1595822540.3291366,204.85407753132364,0.9480602698934619,0
1595822540.3391287,206.65265960835,0.9480602698934619,0
1595822540.3491347,208.4537307753422,0.9480602698934619,0
1595822540.3591309,210.2530424132206,0.9480602698934619,0
1595822540.3691232,212.05166740559122,0.9480602698934619,0
1595822540.379126,213.8521806731083,0.9480602698934619,0
1595822540.389125,215.65200729511758,0.9480602698934619,0
1595822540.3991237,217.45174808643839,0.9480602698934619,0
1595822540.4091196,219.25101680897257,0.9480602698934619,0
1595822540.4191208,221.05122966908,0.9480602698934619,0
1595822540.4291337,222.85354538105508,0.9480602698934619,0
1595822540.4391284,224.65259952686807,0.9480602698934619,0
1595822540.449129,226.45272655628702,0.9480602698934619,0
1595822540.4591322,228.25328273914835,0.9480602698934619,0
1595822540.4691277,230.05246563099405,0.9480602698934619,0
1595822540.4791315,231.8531505598881,0.9480602698934619,0
1595822540.4891295,233.65280552052042,0.9480602698934619,0
1595822540.4991243,235.4518596663334,0.9480602698934619,0
1595822540.5091262,237.25220127247354,0.9480602698934619,0
1595822540.5191271,239.05237121723673,0.9480602698934619,0
1595822540.5291355,240.8538715376713,0.9480602698934619,0
1595822540.539137,242.65412731312296,0.9480602698934619,0
1595822540.5491207,244.45120735310098,0.9480602698934619,0
1595822540.5591245,246.25189228199503,0.9480602698934619,0
1595822540.569124,248.05180473469278,0.9480602698934619,0
1595822540.579127,249.8523609175541,0.9480602698934619,0
1595822540.5891223,251.65150089405557,0.9480602698934619,0
1595822540.5991244,253.45188541553995,0.9480602698934619,0
1595822540.6091304,255.25295658253214,0.9480602698934619,0
1595822540.6191342,257.0536415114262,0.9480602698934619,0
1595822540.6291325,258.85333938740274,0.9480602698934619,0
1595822540.639123,260.65162105701944,0.9480602698934619,0
1595822540.6491187,262.4508468642094,0.9480602698934619,0
1595822540.6591256,264.2520896925785,0.9480602698934619,0
1595822540.6691334,266.0535041823246,0.9480602698934619,0
1595822540.679135,267.8538028731205,0.9480602698934619,0
1595822540.689127,269.65234203480264,0.9480602698934619,0
1595822540.6991224,271.45152492664835,0.9480602698934619,0
1595822540.709124,273.25182361744424,0.9480602698934619,0
1595822540.7191339,275.05358142994424,0.9480602698934619,0
1595822540.7291305,276.85297889851114,0.9480602698934619,0
1595822540.7391324,278.6533205046513,0.9480602698934619,0
1595822540.7491305,280.4529754652836,0.9480602698934619,0
1595822540.7591295,282.2528020872929,0.9480602698934619,0
1595822540.7691357,284.0539161696293,0.9480602698934619,0
1595822540.7791317,285.8531848921635,0.9480602698934619,0
1595822540.7891293,287.65275402210733,0.9480602698934619,0
1595822540.7991183,289.4507781996586,0.9480602698934619,0
1595822540.8091295,291.25279350422403,0.9480602698934619,0
1595822540.8191366,293.0540792479374,0.9480602698934619,0
1595822540.8291268,294.85231800220987,0.9480602698934619,0
1595822540.8391318,296.6532175078251,0.9480602698934619,0
1595822540.8491297,298.4528295531132,0.9480602698934619,0
1595822540.8591206,300.25119705341837,0.9480602698934619,0
1595822540.8691227,302.05158157490274,0.9480602698934619,0
1595822540.8791344,303.85368271015665,0.9480602698934619,0
1595822540.8891242,305.65183563374063,0.9480602698934619,0
1595822540.899136,307.4539796843388,0.9480602698934619,0
1595822540.9091213,309.25131721638223,0.9480602698934619,0
1595822540.9191191,311.0509292616703,0.9480602698934619,0
1595822540.9291232,312.8516571059086,0.9480602698934619,0
1595822540.9391232,314.65165538929483,0.9480602698934619,0
1595822540.9491277,316.4524690642216,0.9480602698934619,0
1595822540.9591365,318.25405521534464,0.9480602698934619,0
1595822540.9691308,320.05302353046915,0.9480602698934619,0
1595822540.97912,321.85109062336466,0.9480602698934619,0
1595822540.9891307,323.6530200972416,0.9480602698934619,0
1595822540.9991314,325.45314712666055,0.9480602698934619,0
1595822541.0091224,327.25151462696573,0.9480602698934619,0
1595822541.01912,329.0510837569096,0.9480602698934619,0
1595822541.029121,330.85125370167276,0.9480602698934619,0
1595822541.0391307,332.65301151417276,0.9480602698934619,0
1595822541.0491285,334.45262355946085,0.9480602698934619,0
1595822541.0591228,336.25159187458536,0.9480602698934619,0
1595822541.0691273,338.0524055495121,0.9480602698934619,0
1595822541.0791311,339.85309047840616,0.9480602698934619,0
1595822541.089123,341.6516296400883,0.9480602698934619,0
1595822541.0991316,343.4531728758671,0.9480602698934619,0
1595822541.109125,345.25196952961466,0.9480602698934619,0
1595822541.1191204,347.05115242146036,0.9480602698934619,0
1595822541.1291263,348.85222358845255,0.9480602698934619,0
1595822541.139122,350.6514493956425,0.9480602698934619,0
1595822541.1491268,352.4523059859135,0.9480602698934619,0
1595822541.159128,354.2525188460209,0.9480602698934619,0
1595822541.1691217,356.05140133045694,0.9480602698934619,0
1595822541.1791182,357.8507558836796,0.9480602698934619,0
1595822541.1891246,359.65191288136026,0.9480602698934619,0
1595822541.1910644,360,0.9480602698934619,1
1595822541.1910644,0,0,0
1595822541.2010772,1.8023157119750977,0,0
1595822541.211073,3.601541519165039,0,0
1595822541.221082,5.403170585632324,0,0
1595822541.2310662,7.200336456298828,0,0
1595822541.2410724,9.001450538635254,0,0
1595822541.2510664,10.800375938415527,0,0
1595822541.2610645,12.600030899047852,0,0
1595822541.2710736,14.401659965515137,0,0
1595822541.281072,16.2013578414917,0,0
1595822541.2910707,18.00114154815674,0,0
1595822541.3010821,19.803199768066406,0,0
1595822541.3110728,21.601524353027344,0,0
1595822541.3210676,23.400578498840332,0,0
1595822541.3310666,25.20040512084961,0,0
1595822541.3410723,27.00143337249756,0,0
1595822541.3510666,28.80040168762207,0,0
1595822541.3610704,30.601086616516113,0,0
1595822541.3710754,32.40198612213135,0,0
1595822541.3810723,34.20142650604248,0,0
1595822541.3910773,36.002326011657715,0,0
1595822541.4010825,37.80326843261719,0,0
1595822541.4110732,39.601593017578125,0,0
1595822541.4210684,41.40073299407959,0,0
1595822541.4310725,43.20146083831787,0,0
1595822541.441072,45.001373291015625,0,0
1595822541.451078,46.80244445800781,0,0
1595822541.4610744,48.60179901123047,0,0
1595822541.4613657,48.65424156188965,0,0
1595822541.4613657,48.65424156188965,0,0
1595822541.471081,50.40299892425537,0,0
1595822541.4810793,52.202696800231934,0,0
1595822541.4910657,54.00024890899658,0,0
1595822541.5010662,55.80033302307129,0,0
1595822541.5110807,57.602949142456055,0,0
1595822541.5210764,59.402174949645996,0,0
1595822541.5310652,61.20015621185303,0,0
1595822541.5410776,63.00238609313965,0,0
1595822541.551067,64.8004961013794,0,0
1595822541.5610788,66.6025972366333,0,0
1595822541.5710654,68.40019226074219,0,0
1595822541.5810807,70.20293712615967,0,0
1595822541.5910666,72.00040340423584,0,0
1595822541.601064,73.79992961883545,0,0
1595822541.6110792,75.60267448425293,0,0
1595822541.6210654,77.40018367767334,0,0
1595822541.6310654,79.20018196105957,0,0
1595822541.641067,81.00048065185547,0,0
1595822541.6510715,82.80129432678223,0,0
1595822541.6610806,84.60292339324951,0,0
1595822541.6710784,86.4025354385376,0,0
1595822541.6810806,88.20291996002197,0,0
1595822541.6910822,90.00321865081787,0,0
1595822541.7010794,91.80270195007324,0,0
1595822541.7110739,93.60171318054199,0,0
1595822541.7210674,95.40055274963379,0,0
1595822541.731079,97.2026538848877,0,0
1595822541.741071,99.00119304656982,0,0
1595822541.7510748,100.80187797546387,0,0
1595822541.7610807,102.60294914245605,0,0
1595822541.7710755,104.40200328826904,0,0
1595822541.7810805,106.20290279388428,0,0
1595822541.7910647,108.00006866455078,0,0
1595822541.8010795,109.80272769927979,0,0
1595822541.8110797,111.60276889801025,0,0
1595822541.8210816,113.40311050415039,0,0
1595822541.8310642,115.19997596740723,0,0
1595822541.8410678,117.00061798095703,0,0
1595822541.8510816,118.80310535430908,0,0
1595822541.8610728,120.6015157699585,0,0
1595822541.8710809,122.40297317504883,0,0
1595822541.8810697,124.20095443725586,0,0
1595822541.8910642,125.99996566772461,0,0
1595822541.9010782,127.8024959564209,0,0
1595822541.9110725,129.6014642715454,0,0
1595822541.9210637,131.39987468719482,0,0
1595822541.9310663,133.20034503936768,0,0
1595822541.941064,134.99991416931152,0,0
1595822541.9510689,136.80081367492676,0,0
1595822541.9610763,138.60214233398438,0,0
1595822541.9710772,140.40231227874756,0,0
1595822541.9810736,142.20166683197021,0,0
1595822541.991069,144.00084972381592,0,0
1595822542.0010784,145.80252170562744,0,0
1595822542.011064,147.59994506835938,0,0
1595822542.021075,149.40191745758057,0,0
1595822542.031074,151.20174407958984,0,0
1595822542.041064,152.99993991851807,0,0
1595822542.0510798,154.80277061462402,0,0
1595822542.061078,156.6024684906006,0,0
1595822542.0710754,158.4019947052002,0,0
1595822542.0810635,160.1998472213745,0,0
1595822542.091069,162.00083255767822,0,0
1595822542.1010735,163.80164623260498,0,0
1595822542.111075,165.60190200805664,0,0
1595822542.1210697,167.40095615386963,0,0
1595822542.1310692,169.20086860656738,0,0
1595822542.1410792,171.00266933441162,0,0
1595822542.1510658,172.8002643585205,0,0
1595822542.1610816,174.60309505462646,0,0
1595822542.171079,176.40262126922607,0,0
1595822542.1810646,178.200044631958,0,0
1595822542.1910784,180.00253200531006,0,0
1595822542.2010772,181.8023157119751,0,0
1595822542.2110722,183.60141277313232,0,0
1595822542.2210805,185.4029130935669,0,0
1595822542.2310805,187.20291137695312,0,0
1595822542.241067,189.00046348571777,0,0
1595822542.2510684,190.80071926116943,0,0
1595822542.261071,192.60118961334229,0,0
1595822542.2710738,194.40170288085938,0,0
1595822542.2810662,196.20032787322998,0,0
1595822542.2910748,198.0018711090088,0,0
1595822542.30107,199.80101108551025,0,0
1595822542.3110697,201.60096645355225,0,0
1595822542.3210719,203.40135097503662,0,0
1595822542.331074,205.201735496521,0,0
1595822542.3410661,207.00031757354736,0,0
1595822542.3510807,208.80293369293213,0,0
1595822542.3610804,210.60288906097412,0,0
1595822542.371075,212.40190029144287,0,0
1595822542.3810802,214.20284271240234,0,0
1595822542.391065,216.00009441375732,0,0
1595822542.4010656,217.80022144317627,0,0
1595822542.4110675,219.6005630493164,0,0
1595822542.4210765,221.4021921157837,0,0
1595822542.431082,223.2031774520874,0,0
1595822542.4410784,225.00253200531006,0,0
1595822542.4510689,226.80081367492676,0,0
1595822542.4610753,228.60197067260742,0,0
1595822542.4710724,230.4014539718628,0,0
1595822542.4810684,232.20072269439697,0,0
1595822542.4910665,234.0003776550293,0,0
1595822542.501068,235.8006763458252,0,0
1595822542.5110643,237.5999879837036,0,0
1595822542.5210636,239.39985752105713,0,0
1595822542.5310817,241.20311737060547,0,0
1595822542.541066,243.00028324127197,0,0
1595822542.5510633,244.79980945587158,0,0
1595822542.5610785,246.60255432128906,0,0
1595822542.571063,248.3997631072998,0,0
1595822542.5810785,250.20255088806152,0,0
1595822542.5910718,252.00134754180908,0,0
1595822542.601065,253.8001012802124,0,0
1595822542.6110818,255.60314655303955,0,0
1595822542.6210744,257.4018144607544,0,0
1595822542.6310668,259.200439453125,0,0
1595822542.6410708,261.0011672973633,0,0
1595822542.6510766,262.80219554901123,0,0
1595822542.6610677,264.60060596466064,0,0
1595822542.6710758,266.402063369751,0,0
1595822542.6810806,268.202919960022,0,0
1595822542.6910753,270.00197410583496,0,0
1595822542.7010694,271.80089950561523,0,0
1595822542.71108,273.6028289794922,0,0
1595822542.7210796,275.40274143218994,0,0
1595822542.7310686,277.2007656097412,0,0
1595822542.7410696,279.0009355545044,0,0
1595822542.7510636,280.79986095428467,0,0
1595822542.7610648,282.6000738143921,0,0
1595822542.7710638,284.39990043640137,0,0
1595822542.7810764,286.2021732330322,0,0
1595822542.791078,288.0024719238281,0,0
1595822542.8010812,289.80302810668945,0,0
1595822542.8110816,291.60311222076416,0,0
1595822542.8210778,293.4024238586426,0,0
1595822542.831075,295.20190715789795,0,0
1595822542.841066,297.0002746582031,0,0
1595822542.8510628,298.79971504211426,0,0
1595822542.861074,300.6017303466797,0,0
1595822542.871075,302.40190029144287,0,0
1595822542.8810787,304.2025852203369,0,0
1595822542.8910801,306.0028409957886,0,0
1595822542.9010706,307.8011226654053,0,0
1595822542.9110677,309.60060596466064,0,0
1595822542.921077,311.40227794647217,0,0
1595822542.931076,313.20210456848145,0,0
1595822542.9410763,315.0021457672119,0,0
1595822542.9510708,316.80115699768066,0,0
1595822542.9610698,318.60098361968994,0,0
1595822542.9710753,320.40196895599365,0,0
1595822542.9810717,322.2013235092163,0,0
1595822542.9910796,324.0027379989624,0,0
1595822543.001081,325.80299377441406,0,0
1595822543.0110772,327.6023054122925,0,0
1595822543.0210676,329.4005870819092,0,0
1595822543.0310695,331.2009286880493,0,0
1595822543.0410717,333.0013132095337,0,0
1595822543.0510676,334.80058193206787,0,0
1595822543.0610783,336.6025114059448,0,0
1595822543.071079,338.40263843536377,0,0
1595822543.0810807,340.20293712615967,0,0
1595822543.09108,342.0028066635132,0,0
1595822543.1010704,343.8010883331299,0,0
1595822543.1110637,345.59988498687744,0,0
1595822543.121063,347.39975452423096,0,0
1595822543.131069,349.20082569122314,0,0
1595822543.1410713,351.00125312805176,0,0
1595822543.1510777,352.8024101257324,0,0
1595822543.1610768,354.6022367477417,0,0
1595822543.171073,356.4015483856201,0,0
1595822543.1810749,358.20188999176025,0,0
1595822543.191076,360,0,1
1595822543.191076,0,0,0
1595822543.2010884,33.36527129226668,0.1753502300610003,0
1595822543.2110858,35.164797506866286,0.1753502300610003,0
1595822543.2210896,36.96548243576033,0.1753502300610003,0
1595822543.2310786,38.7635066133116,0.1753502300610003,0
1595822543.2410915,40.565822325286696,0.1753502300610003,0
1595822543.2510765,42.363116941985915,0.1753502300610003,0
1595822543.26109,44.16556139999373,0.1753502300610003,0
1595822543.271087,45.96500178390486,0.1753502300610003,0
1595822543.2810943,47.76633044296248,0.1753502300610003,0
1595822543.2910914,49.56581374221785,0.1753502300610003,0
1595822543.3010886,51.36529704147322,0.1753502300610003,0
1595822543.3110807,53.16387911849959,0.1753502300610003,0
1595822543.3210883,54.96525069290144,0.1753502300610003,0
1595822543.3310912,56.76576396041853,0.1753502300610003,0
1595822543.3410866,58.564946852264235,0.1753502300610003,0
1595822543.351082,60.36412974410994,0.1753502300610003,0
1595822543.3610823,62.16417094284041,0.1753502300610003,0
1595822543.3710864,63.96489878707869,0.1753502300610003,0
1595822543.3810945,65.76635619216903,0.1753502300610003,0
1595822543.3910851,67.56468077712996,0.1753502300610003,0
1595822543.4010928,69.36605235153182,0.1753502300610003,0
1595822543.4110892,71.16540690475448,0.1753502300610003,0
1595822543.4210806,72.96386023574813,0.1753502300610003,0
1595822543.4310865,74.76493140274032,0.1753502300610003,0
1595822543.441093,76.56608840042098,0.1753502300610003,0
1595822543.4510922,78.3659579377745,0.1753502300610003,0
1595822543.461093,80.16608496719344,0.1753502300610003,0
1595822543.4614768,80.23517867141707,0.1753502300610003,0
1595822543.4614768,80.23517867141707,0.1753502300610003,0
1595822543.4710832,81.9643237214659,0.1753502300610003,0
1595822543.481081,83.76393576675399,0.1753502300610003,0
1595822543.4910862,85.56487818771346,0.1753502300610003,0
1595822543.5010924,87.36599227004989,0.1753502300610003,0
1595822543.5110857,89.16478892379745,0.1753502300610003,0
1595822543.521076,90.9630276780699,0.1753502300610003,0
1595822543.5310788,92.763540945587,0.1753502300610003,0
1595822543.54108,94.56375380569442,0.1753502300610003,0
1595822543.5510821,96.3641383271788,0.1753502300610003,0
1595822543.5610864,98.16490908676131,0.1753502300610003,0
1595822543.5710866,99.96495028549178,0.1753502300610003,0
1595822543.5810928,101.7660643678282,0.1753502300610003,0
1595822543.5910883,103.56524725967391,0.1753502300610003,0
1595822543.6010842,105.36451598220809,0.1753502300610003,0
1595822543.611093,107.16610213333114,0.1753502300610003,0
1595822543.6210816,108.96404048019393,0.1753502300610003,0
1595822543.631077,110.76322337203963,0.1753502300610003,0
1595822543.641085,112.56463786178573,0.1753502300610003,0
1595822543.651077,114.3632199388121,0.1753502300610003,0
1595822543.6610882,116.16523524337752,0.1753502300610003,0
1595822543.671092,117.96592017227157,0.1753502300610003,0
1595822543.6810892,119.76540347152694,0.1753502300610003,0
1595822543.6910777,121.56334181838973,0.1753502300610003,0
1595822543.7010798,123.3637263398741,0.1753502300610003,0
1595822543.7110782,125.16342421585067,0.1753502300610003,0
1595822543.7210798,126.96372290664657,0.1753502300610003,0
1595822543.7310827,128.76423617416367,0.1753502300610003,0
1595822543.7410927,130.5660369020079,0.1753502300610003,0
1595822543.7510896,132.36547728591904,0.1753502300610003,0
1595822543.7610888,134.16534682327256,0.1753502300610003,0
1595822543.771092,135.96590300613389,0.1753502300610003,0
1595822543.7810848,137.76461382919297,0.1753502300610003,0
1595822543.7910907,139.56568499618515,0.1753502300610003,0
1595822543.801094,141.36628409439072,0.1753502300610003,0
1595822543.8110902,143.16559573226914,0.1753502300610003,0
1595822543.8210886,144.9652936082457,0.1753502300610003,0
1595822543.8310773,146.76327487045273,0.1753502300610003,0
1595822543.8410845,148.5645606141661,0.1753502300610003,0
1595822543.8510766,150.36314269119248,0.1753502300610003,0
1595822543.8610787,152.16352721267685,0.1753502300610003,0
1595822543.871092,153.96592875534043,0.1753502300610003,0
1595822543.881092,155.76592703872666,0.1753502300610003,0
1595822543.8910787,157.56352206283555,0.1753502300610003,0
1595822543.9010782,159.3634345155333,0.1753502300610003,0
1595822543.911082,161.16411944442734,0.1753502300610003,0
1595822543.9210875,162.96510478073105,0.1753502300610003,0
1595822543.9310837,164.76441641860947,0.1753502300610003,0
1595822543.9410818,166.5640713792418,0.1753502300610003,0
1595822543.9510756,168.36295386367783,0.1753502300610003,0
1595822543.9610856,170.16475459152207,0.1753502300610003,0
1595822543.9710934,171.96616908126816,0.1753502300610003,0
1595822543.9810762,173.76307745986924,0.1753502300610003,0
1595822543.991092,175.5659081559752,0.1753502300610003,0
1595822544.001091,177.36573477798447,0.1753502300610003,0
1595822544.0110755,179.1629435639952,0.1753502300610003,0
1595822544.021092,180.96590300613389,0.1753502300610003,0
1595822544.0310886,182.76530047470078,0.1753502300610003,0
1595822544.0410903,184.56559916549668,0.1753502300610003,0
1595822544.0510767,186.36315127426133,0.1753502300610003,0
1595822544.0610783,188.16344996505723,0.1753502300610003,0
1595822544.0710757,189.96297617965683,0.1753502300610003,0
1595822544.0810833,191.7643477540587,0.1753502300610003,0
1595822544.0910828,193.56426020675644,0.1753502300610003,0
1595822544.10109,195.36554595046982,0.1753502300610003,0
1595822544.1110928,197.1660592179869,0.1753502300610003,0
1595822544.121087,198.96502753311142,0.1753502300610003,0
1595822544.13108,200.7637383561705,0.1753502300610003,0
1595822544.1410813,202.56399413162217,0.1753502300610003,0
1595822544.151078,204.36339160018906,0.1753502300610003,0
1595822544.1610754,206.16291781478867,0.1753502300610003,0
1595822544.1710887,207.96531935745224,0.1753502300610003,0
1595822544.1810784,209.76347228103623,0.1753502300610003,0
1595822544.1910849,211.5646292787169,0.1753502300610003,0
1595822544.2010782,213.36342593246445,0.1753502300610003,0
1595822544.2110848,215.16462584548935,0.1753502300610003,0
1595822544.2210858,216.96479579025254,0.1753502300610003,0
1595822544.2310786,218.76350661331162,0.1753502300610003,0
1595822544.2410862,220.56487818771348,0.1753502300610003,0
1595822544.2510848,222.36461897903428,0.1753502300610003,0
1595822544.261088,224.1651751618956,0.1753502300610003,0
1595822544.2710824,225.96418639236435,0.1753502300610003,0
1595822544.2810774,227.76328345352158,0.1753502300610003,0
1595822544.2910812,229.56396838241562,0.1753502300610003,0
1595822544.301092,231.36589785629258,0.1753502300610003,0
1595822544.3110752,233.16289206558213,0.1753502300610003,0
1595822544.321085,234.96464987808213,0.1753502300610003,0
1595822544.3290887,236.40531798416123,0.1753502300610003,0
1595822544.3290887,236.40531798416123,0.1753502300610003,0
1595822544.3310897,236.76550646835312,0.1753502300610003,0
1595822544.3410864,238.56490393692002,0.1753502300610003,0
1595822544.3510845,240.36455889755234,0.1753502300610003,0
1595822544.3610933,242.1661450486754,0.1753502300610003,0
1595822544.3710852,243.96468421035752,0.1753502300610003,0
1595822544.3810813,245.76399584823594,0.1753502300610003,0
1595822544.3910806,247.56386538558945,0.1753502300610003,0
1595822544.401088,249.36519404464707,0.1753502300610003,0
1595822544.4110806,251.1638619523619,0.1753502300610003,0
1595822544.4210868,252.96497603469834,0.1753502300610003,0
1595822544.4310758,254.7630002122496,0.1753502300610003,0
1595822544.4410832,256.5643288713072,0.1753502300610003,0
1595822544.4510787,258.3635117631529,0.1753502300610003,0
1595822544.4610748,260.16282340103135,0.1753502300610003,0
1595822544.471081,261.9639374833678,0.1753502300610003,0
1595822544.481082,263.76410742813096,0.1753502300610003,0
1595822544.4910815,265.5640198808287,0.1753502300610003,0
1595822544.5010788,267.3635460954283,0.1753502300610003,0
1595822544.5110826,269.16423102432236,0.1753502300610003,0
1595822544.5210822,270.9641434770201,0.1753502300610003,0
1595822544.5310915,272.76581545883164,0.1753502300610003,0
1595822544.5410898,274.5655133348082,0.1753502300610003,0
1595822544.5510786,276.36349459701523,0.1753502300610003,0
1595822544.5610793,278.1636216264342,0.1753502300610003,0
1595822544.5710888,279.96533652358994,0.1753502300610003,0
1595822544.5810883,281.7652489762877,0.1753502300610003,0
1595822544.591092,283.56593390518174,0.1753502300610003,0
1595822544.6010842,285.3645159822081,0.1753502300610003,0
1595822544.6110823,287.1641709428404,0.1753502300610003,0
1595822544.6210933,288.9661433320616,0.1753502300610003,0
1595822544.631085,290.7646395783995,0.1753502300610003,0
1595822544.6410928,292.5660540681456,0.1753502300610003,0
1595822544.6510904,294.36562319808945,0.1753502300610003,0
1595822544.6610813,296.1639906983946,0.1753502300610003,0
1595822544.6710854,297.9647185426329,0.1753502300610003,0
1595822544.681075,299.7628714662169,0.1753502300610003,0
1595822544.6910858,301.56480094009385,0.1753502300610003,0
1595822544.7010887,303.36531420761094,0.1753502300610003,0
1595822544.7110822,305.16415377670273,0.1753502300610003,0
1595822544.7210786,306.9635083299254,0.1753502300610003,0
1595822544.731079,308.7635924440001,0.1753502300610003,0
1595822544.7410831,310.5643202882384,0.1753502300610003,0
1595822544.7510927,312.36603518539414,0.1753502300610003,0
1595822544.7610836,314.1644026856993,0.1753502300610003,0
1595822544.7710752,315.9628989320372,0.1753502300610003,0
1595822544.781086,317.76482840591416,0.1753502300610003,0
1595822544.791082,319.56409712844834,0.1753502300610003,0
1595822544.8010812,321.36396666580185,0.1753502300610003,0
1595822544.8110828,323.16426535659775,0.1753502300610003,0
1595822544.821085,324.9646498780821,0.1753502300610003,0
1595822544.8310769,326.76318903976426,0.1753502300610003,0
1595822544.8410752,328.5628869157408,0.1753502300610003,0
1595822544.8510897,330.3655030351256,0.1753502300610003,0
1595822544.861088,332.16520091110215,0.1753502300610003,0
1595822544.8710866,333.96494170242295,0.1753502300610003,0
1595822544.8810778,335.76335211807236,0.1753502300610003,0
1595822544.891091,337.56575366073594,0.1753502300610003,0
1595822544.9010837,339.3644215684508,0.1753502300610003,0
1595822544.9110832,341.16433402114853,0.1753502300610003,0
1595822544.9210932,342.9661347489928,0.1753502300610003,0
1595822544.9310873,344.76506014877305,0.1753502300610003,0
1595822544.9410834,346.56437178665146,0.1753502300610003,0
1595822544.951089,348.3653571229552,0.1753502300610003,0
1595822544.9610887,350.16531249099717,0.1753502300610003,0
1595822544.9710922,351.96595450454697,0.1753502300610003,0
1595822544.981088,353.7651803117369,0.1753502300610003,0
1595822544.9910843,355.56453486495957,0.1753502300610003,0
1595822545.0010843,357.3645331483458,0.1753502300610003,0
1595822545.0110877,359.16513224655137,0.1753502300610003,0
1595822545.0157335,360,0.1753502300610003,1
1595822545.0157335,0,0,0
1595822545.025743,207.21314024268224,1.141174585252925,0
1595822545.0357454,209.01356767951086,1.141174585252925,0
1595822545.045751,210.8145959311588,1.141174585252925,0
1595822545.0557423,212.61300634680822,1.141174585252925,0
1595822545.0657518,214.41472124396398,1.141174585252925,0
1595822545.0757496,216.21433328925207,1.141174585252925,0
1595822545.0857468,218.01381658850744,1.141174585252925,0
1595822545.0957482,219.8140723639591,1.141174585252925,0
1595822545.105744,221.61329817114904,1.141174585252925,0
1595822545.1157408,223.41273855506017,1.141174585252925,0
1595822545.1257365,225.21196436225011,1.141174585252925,0
1595822545.1357517,227.0147092276676,1.141174585252925,0
1595822545.145749,228.8142354422672,1.141174585252925,0
1595822545.1557372,230.61208795844152,1.141174585252925,0
1595822545.1657374,232.412129157172,1.141174585252925,0
1595822545.1757474,234.21392988501623,1.141174585252925,0
1595822545.1857433,236.0131986075504,1.141174585252925,0
1595822545.1957521,237.81478475867345,1.141174585252925,0
1595822545.2057524,239.61482595740392,1.141174585252925,0
1595822545.2157464,241.4137513571842,1.141174585252925,0
1595822545.2257347,243.21164678870275,1.141174585252925,0
1595822545.2357478,245.0140054160221,1.141174585252925,0
1595822545.2457442,246.81335996924474,1.141174585252925,0
1595822545.255746,248.61365866004064,1.141174585252925,0
1595822545.2657466,250.4137856894596,1.141174585252925,0
1595822545.275745,252.21348356543615,1.141174585252925,0
1595822545.2857373,254.01210855780676,1.141174585252925,0
1595822545.2957442,255.8133513861759,1.141174585252925,0
1595822545.305742,257.612963431464,1.141174585252925,0
1595822545.3157403,259.41266130744054,1.141174585252925,0
1595822545.3257477,261.21398996649816,1.141174585252925,0
1595822545.3357463,263.01373075781896,1.141174585252925,0
1595822545.3457367,264.81201242743566,1.141174585252925,0
1595822545.3557413,266.6128261023624,1.141174585252925,0
1595822545.3657415,268.4128673010929,1.141174585252925,0
1595822545.3757353,270.2117497855289,1.141174585252925,0
1595822545.3857405,272.0126922064884,1.141174585252925,0
1595822545.395735,273.81170343695715,1.141174585252925,0
1595822545.405741,275.61277460394933,1.141174585252925,0
1595822545.415751,277.41457533179357,1.141174585252925,0
1595822545.42575,279.21440195380285,1.141174585252925,0
1595822545.4357488,281.0141856604679,1.141174585252925,0
1595822545.4457464,282.81375479041174,1.141174585252925,0
1595822545.4557345,284.61160730658605,1.141174585252925,0
1595822545.4657505,286.41448091803625,1.141174585252925,0
1595822545.4757392,288.2124621802433,1.141174585252925,0
1595822545.4857364,290.01194547949865,1.141174585252925,0
1595822545.4957404,291.81267332373693,1.141174585252925,0
1595822545.505746,293.61365866004064,1.141174585252925,0
1595822545.5157492,295.4142577582462,1.141174585252925,0
1595822545.5257452,297.2135264807804,1.141174585252925,0
1595822545.535743,299.0131385260685,1.141174585252925,0
1595822545.5457513,300.81463884650304,1.141174585252925,0
1595822545.5557373,302.6121051245792,1.141174585252925,0
1595822545.5657506,304.4145066672428,1.141174585252925,0
1595822545.575738,306.2122304373844,1.141174585252925,0
1595822545.5857334,308.0114133292301,1.141174585252925,0
1595822545.5957413,309.8128278189762,1.141174585252925,0
1595822545.6057491,311.6142423087223,1.141174585252925,0
1595822545.6157427,313.4130818778141,1.141174585252925,0
1595822545.6257331,315.2113635474308,1.141174585252925,0
1595822545.635745,317.0135075980289,1.141174585252925,0
1595822545.645738,318.812218421088,1.141174585252925,0
1595822545.6557462,320.6137187415226,1.141174585252925,0
1595822545.6657376,322.4121720725162,1.141174585252925,0
1595822545.6757421,324.212985747443,1.141174585252925,0
1595822545.6857438,326.0132844382389,1.141174585252925,0
1595822545.6957433,327.81319689093664,1.141174585252925,0
1595822545.7057378,329.6122081214054,1.141174585252925,0
1595822545.715751,331.4145667487247,1.141174585252925,0
1595822545.7257369,333.2120330268009,1.141174585252925,0
1595822545.7357428,335.0131041937931,1.141174585252925,0
1595822545.7457504,336.81447576819494,1.141174585252925,0
1595822545.7557461,338.6137015753849,1.141174585252925,0
1595822545.7657459,340.4136569434269,1.141174585252925,0
1595822545.77574,342.21258234320715,1.141174585252925,0
1595822545.7857473,344.01391100226476,1.141174585252925,0
1595822545.7957351,345.81172060309484,1.141174585252925,0
1595822545.805744,347.6133067542179,1.141174585252925,0
1595822545.8157327,349.4112880164249,1.141174585252925,0
1595822545.8257473,351.2139041358097,1.141174585252925,0
1595822545.8357387,353.01235746680334,1.141174585252925,0
1595822545.8457456,354.8136002951725,1.141174585252925,0
1595822545.8557482,356.61407064734533,1.141174585252925,0
1595822545.8657415,358.4128673010929,1.141174585252925,0
1595822545.8745768,360,1.141174585252925,1
1595822545.8745768,0,0,0
1595822545.8845785,1.8002986907958984,0,0
1595822545.894594,3.603086471557617,0,0
1595822545.904594,5.403084754943848,0,0
1595822545.9145896,7.202310562133789,0,0
1595822545.9245825,9.001021385192871,0,0
1595822545.9345927,10.802865028381348,0,0
1595822545.9445868,12.601790428161621,0,0
1595822545.954585,14.401488304138184,0,0
1595822545.9645908,16.202516555786133,0,0
1595822545.97458,18.00058364868164,0,0
1595822545.984583,19.80109691619873,0,0
1595822545.9945924,21.602811813354492,0,0
1595822546.0045884,23.402080535888672,0,0
1595822546.0145836,25.201220512390137,0,0
1595822546.024595,27.003278732299805,0,0
1595822546.0345776,28.80014419555664,0,0
1595822546.0445857,30.601601600646973,0,0
1595822546.0545857,32.4015998840332,0,0
1595822546.0645945,34.20318603515625,0,0
1595822546.07459,36.00236892700195,0,0
1595822546.0845802,37.800607681274414,0,0
1595822546.094586,39.60163593292236,0,0
1595822546.1045997,41.404123306274414,0,0
1595822546.1145768,43.20000171661377,0,0
1595822546.1245916,45.00266075134277,0,0
1595822546.1345778,46.800169944763184,0,0
1595822546.1445875,48.601927757263184,0,0
1595822546.1545837,50.4012393951416,0,0
1595822546.1645832,52.201151847839355,0,0
1595822546.1745946,54.00321006774902,0,0
1595822546.1845849,55.801448822021484,0,0
1595822546.1945856,57.60157585144043,0,0
1595822546.2045858,59.4016170501709,0,0
1595822546.214581,61.20075702667236,0,0
1595822546.2245793,63.000454902648926,0,0
1595822546.2345936,64.80302810668945,0,0
1595822546.2445822,66.60096645355225,0,0
1595822546.254588,68.4019947052002,0,0
1595822546.26458,70.20057678222656,0,0
1595822546.2745843,72.00134754180908,0,0
1595822546.2845883,73.80207538604736,0,0
1595822546.2945895,75.60228824615479,0,0
1595822546.3045928,77.40288734436035,0,0
1595822546.3145845,79.20138359069824,0,0
1595822546.3245864,81.00172519683838,0,0
1595822546.3304505,82.05727100372314,0,0
1595822546.3304505,82.05727100372314,0,0
1595822546.33458,82.80056476593018,0,0
1595822546.3445945,84.60318088531494,0,0
1595822546.3545897,86.4023208618164,0,0
1595822546.3645787,88.20034503936768,0,0
1595822546.3745894,90.00227451324463,0,0
1595822546.3845806,91.80068492889404,0,0
1595822546.394586,93.60167026519775,0,0
1595822546.404592,95.40274143218994,0,0
1595822546.4145901,97.20239639282227,0,0
1595822546.424582,99.0009355545044,0,0
1595822546.434588,100.80200672149658,0,0
1595822546.4445775,102.60011672973633,0,0
1595822546.454592,104.4027328491211,0,0
1595822546.464591,106.20255947113037,0,0
1595822546.4745905,108.00247192382812,0,0
1595822546.4845815,109.8008394241333,0,0
1595822546.4945805,111.60066604614258,0,0
1595822546.5045822,113.40096473693848,0,0
1595822546.5145934,115.2029800415039,0,0
1595822546.5245905,117.00246334075928,0,0
1595822546.5345917,118.8026762008667,0,0
1595822546.5445812,120.60078620910645,0,0
1595822546.5545952,122.40331649780273,0,0
1595822546.5645766,124.19996738433838,0,0
1595822546.5745826,126.00103855133057,0,0
1595822546.584608,127.8056287765503,0,0
1595822546.5945933,129.60296630859375,0,0
1595822546.6045868,131.40180587768555,0,0
1595822546.61459,133.20236206054688,0,0
1595822546.6245873,135.00188827514648,0,0
1595822546.6345828,136.8010711669922,0,0
1595822546.644592,138.6027431488037,0,0
1595822546.6545787,140.4003381729126,0,0
1595822546.6645832,142.20115184783936,0,0
1595822546.6745822,144.00097846984863,0,0
1595822546.6845853,145.80153465270996,0,0
1595822546.694595,147.60329246520996,0,0
1595822546.7045786,149.40032958984375,0,0
1595822546.7145774,151.2001132965088,0,0
1595822546.7245839,153.00127029418945,0,0
1595822546.734577,154.80002403259277,0,0
1595822546.7445922,156.60276889801025,0,0
1595822546.754591,158.4025526046753,0,0
1595822546.764578,160.20023345947266,0,0
1595822546.7745895,162.00229167938232,0,0
1595822546.78458,163.80057334899902,0,0
1595822546.7945874,165.60190200805664,0,0
1595822546.8045824,167.40099906921387,0,0
1595822546.8145893,169.202241897583,0,0
1595822546.8245907,171.00249767303467,0,0
1595822546.8345811,172.80077934265137,0,0
1595822546.8445783,174.60026264190674,0,0
1595822546.8545938,176.40305042266846,0,0
1595822546.861824,177.70450115203857,0,0
1595822546.861824,177.70450115203857,0,0
1595822546.8645875,178.2019329071045,0,0
1595822546.8745801,180.00060081481934,0,0
1595822546.884592,181.80274486541748,0,0
1595822546.8945758,183.5998249053955,0,0
1595822546.904592,185.40274143218994,0,0
1595822546.9145825,187.20102310180664,0,0
1595822546.9245842,189.00132179260254,0,0
1595822546.934584,190.80127716064453,0,0
1595822546.944589,192.60217666625977,0,0
1595822546.9545765,194.3999433517456,0,0
1595822546.9645896,196.20230197906494,0,0
1595822546.9745786,198.0003261566162,0,0
1595822546.9845853,199.8015260696411,0,0
1595822546.9945903,201.60242557525635,0,0
