Type = Reachback Firefly,Function = Reachback Firefly (ln/e^),Refract = 0.1,Epsilon = 0.01,Start_phase = 0
Timestamp,Phase,Offset,Ping?
1595822407.000015,0,0,0
1595822407.010038,1.8029594421386719,0.0,0
1595822407.0200279,3.6011552810668945,0.0,0
1595822407.0300217,5.40003776550293,0.0,0
1595822407.0400355,7.2025251388549805,0.0,0
1595822407.0500338,9.002223014831543,0.0,0
1595822407.0600302,10.8015775680542,0.0,0
1595822407.0700314,12.601790428161621,0.0,0
1595822407.0800405,14.403419494628906,0.0,0
1595822407.0900311,16.201744079589844,0.0,0
1595822407.1000223,18.000154495239258,0.0,0
1595822407.1100247,19.80058193206787,0.0,0
1595822407.120029,21.60135269165039,0.0,0
1595822407.130031,23.401737213134766,0.0,0
1595822407.1400316,25.201821327209473,0.0,0
1595822407.1500304,27.00160503387451,0.0,0
1595822407.160023,28.800272941589355,0.0,0
1595822407.1700244,30.600528717041016,0.0,0
1595822407.1800296,32.40147113800049,0.0,0
1595822407.1900215,34.20001029968262,0.0,0
1595822407.2000275,36.001081466674805,0.0,0
1595822407.2100267,37.80095100402832,0.0,0
1595822407.2200332,39.602108001708984,0.0,0
1595822407.2300386,41.403093338012695,0.0,0
1595822407.2400355,43.20253372192383,0.0,0
1595822407.2500355,45.00253200531006,0.0,0
1595822407.2600303,46.80158615112305,0.0,0
1595822407.270022,48.60008239746094,0.0,0
1595822407.2800224,50.400166511535645,0.0,0
1595822407.2900383,52.20304012298584,0.0,0
1595822407.3000302,54.00157928466797,0.0,0
1595822407.3100243,55.80050468444824,0.0,0
1595822407.3200264,57.60088920593262,0.0,0
1595822407.330038,59.40299034118652,0.0,0
1595822407.3400235,61.20037078857422,0.0,0
1595822407.3500352,63.002471923828125,0.0,0
1595822407.3600328,64.80204105377197,0.0,0
1595822407.370037,66.60281181335449,0.0,0
1595822407.3800218,68.40006351470947,0.0,0
1595822407.3900225,70.20019054412842,0.0,0
1595822407.400027,72.00100421905518,0.0,0
1595822407.4100275,73.80108833312988,0.0,0
1595822407.420022,75.60009956359863,0.0,0
1595822407.430033,77.40207195281982,0.0,0
1595822407.44003,79.2015552520752,0.0,0
1595822407.4500313,81.00176811218262,0.0,0
1595822407.460025,82.80065059661865,0.0,0
1595822407.4700348,84.60240840911865,0.0,0
1595822407.4800317,86.40184879302979,0.0,0
1595822407.4900215,88.20000171661377,0.0,0
1595822407.5000274,90.00107288360596,0.0,0
1595822407.5100243,91.80051326751709,0.0,0
1595822407.520033,93.6020565032959,0.0,0
1595822407.5300257,95.40076732635498,0.0,0
1595822407.5400274,97.20106601715088,0.0,0
1595822407.550035,99.00243759155273,0.0,0
1595822407.560033,100.80209255218506,0.0,0
1595822407.5700295,102.60144710540771,0.0,0
1595822407.5800347,104.40238952636719,0.0,0
1595822407.5900226,106.20019912719727,0.0,0
1595822407.6000235,108.00036907196045,0.0,0
1595822407.6100314,109.80178356170654,0.0,0
1595822407.6200252,111.60066604614258,0.0,0
1595822407.6300356,113.4025526046753,0.0,0
1595822407.6400363,115.20267963409424,0.0,0
1595822407.6500316,117.0018196105957,0.0,0
1595822407.660035,118.80241870880127,0.0,0
1595822407.6700287,120.6013011932373,0.0,0
1595822407.6800218,122.40005493164062,0.0,0
1595822407.6900344,124.20232772827148,0.0,0
1595822407.700027,126.00099563598633,0.0,0
1595822407.7100239,127.80043601989746,0.0,0
1595822407.720035,129.6024513244629,0.0,0
1595822407.7300236,131.40038967132568,0.0,0
1595822407.7400239,133.20043087005615,0.0,0
1595822407.7500308,135.0016736984253,0.0,0
1595822407.7600234,136.80034160614014,0.0,0
1595822407.770022,138.60008239746094,0.0,0
1595822407.7800248,140.40059566497803,0.0,0
1595822407.7900357,142.20256805419922,0.0,0
1595822407.800028,144.00119304656982,0.0,0
1595822407.8100228,145.8002471923828,0.0,0
1595822407.8200278,147.60114669799805,0.0,0
1595822407.8300316,149.4018316268921,0.0,0
1595822407.8400362,151.20264530181885,0.0,0
1595822407.8500392,153.00320148468018,0.0,0
1595822407.8600218,154.800066947937,0.0,0
1595822407.8700278,156.6011381149292,0.0,0
1595822407.8800306,158.4016513824463,0.0,0
1595822407.8900244,160.20053386688232,0.0,0
1595822407.900039,162.0031499862671,0.0,0
1595822407.910021,163.79992961883545,0.0,0
1595822407.9200335,165.60215950012207,0.0,0
1595822407.9300256,167.40074157714844,0.0,0
1595822407.9400387,169.20310020446777,0.0,0
1595822407.9500206,170.9998369216919,0.0,0
1595822407.9600332,172.80210971832275,0.0,0
1595822407.9700296,174.6014642715454,0.0,0
1595822407.9800243,176.4005184173584,0.0,0
1595822407.9900336,178.20219039916992,0.0,0
1595822408.000032,180.00188827514648,0.0,0
1595822408.009629,181.72935962677002,0.0,0
1595822408.009629,181.72935962677002,0.0,0
1595822408.0100267,181.80094242095947,0.0,0
1595822408.0200243,183.60051155090332,0.0,0
1595822408.0300272,185.4010248184204,0.0,0
1595822408.0400279,187.20115184783936,0.0,0
1595822408.0500262,189.00084972381592,0.0,0
1595822408.0600235,190.80037593841553,0.0,0
1595822408.0700276,192.6011037826538,0.0,0
1595822408.0800378,194.40294742584229,0.0,0
1595822408.090035,196.20243072509766,0.0,0
1595822408.1000373,198.00285816192627,0.0,0
1595822408.110031,199.80169773101807,0.0,0
1595822408.12003,201.60152435302734,0.0,0
1595822408.1300256,203.40075016021729,0.0,0
1595822408.1400268,205.2009630203247,0.0,0
1595822408.1500227,207.0002317428589,0.0,0
1595822408.1600277,208.80113124847412,0.0,0
1595822408.1700215,210.60001373291016,0.0,0
1595822408.1800346,212.4023723602295,0.0,0
1595822408.190036,214.20262813568115,0.0,0
1595822408.200025,216.00065231323242,0.0,0
1595822408.2100358,217.80258178710938,0.0,0
1595822408.2200341,219.60227966308594,0.0,0
1595822408.2300274,221.4010763168335,0.0,0
1595822408.240038,223.2029628753662,0.0,0
1595822408.2500203,224.9997854232788,0.0,0
1595822408.260024,226.80047035217285,0.0,0
1595822408.2700338,228.60222816467285,0.0,0
1595822408.2800236,230.40038108825684,0.0,0
1595822408.290026,232.20080852508545,0.0,0
1595822408.3000379,234.0029525756836,0.0,0
1595822408.3100202,235.7997751235962,0.0,0
1595822408.320031,237.60170459747314,0.0,0
1595822408.3300364,239.40268993377686,0.0,0
1595822408.3400233,241.20032787322998,0.0,0
1595822408.3500288,243.0013132095337,0.0,0
1595822408.3600206,244.79985237121582,0.0,0
1595822408.3700378,246.6029405593872,0.0,0
1595822408.3800352,248.40246677398682,0.0,0
1595822408.3900385,250.20306587219238,0.0,0
1595822408.4000292,252.00139045715332,0.0,0
1595822408.410024,253.8004446029663,0.0,0
1595822408.420028,255.6011724472046,0.0,0
1595822408.430025,257.40065574645996,0.0,0
1595822408.4400337,259.20219898223877,0.0,0
1595822408.4500265,261.00090980529785,0.0,0
1595822408.4600294,262.80142307281494,0.0,0
1595822408.4700263,264.6008634567261,0.0,0
1595822408.480028,266.401162147522,0.0,0
1595822408.4900303,268.2015895843506,0.0,0
1595822408.5000212,269.99995708465576,0.0,0
1595822408.5100343,271.8023157119751,0.0,0
1595822408.5200253,273.6006832122803,0.0,0
1595822408.5300283,275.4012393951416,0.0,0
1595822408.540031,277.20170974731445,0.0,0
1595822408.5500207,278.99986267089844,0.0,0
1595822408.5600295,280.8014488220215,0.0,0
1595822408.5700264,282.6008892059326,0.0,0
1595822408.5800261,284.4008445739746,0.0,0
1595822408.5900362,286.20264530181885,0.0,0
1595822408.6000326,288.0019998550415,0.0,0
1595822408.610035,289.8024272918701,0.0,0
1595822408.620023,291.60027980804443,0.0,0
1595822408.6300304,293.40160846710205,0.0,0
1595822408.6400359,295.20259380340576,0.0,0
1595822408.6500378,297.0029354095459,0.0,0
1595822408.6600313,298.8017749786377,0.0,0
1595822408.6700256,300.6007432937622,0.0,0
1595822408.680025,302.40065574645996,0.0,0
1595822408.690029,304.201340675354,0.0,0
1595822408.7000217,306.0000514984131,0.0,0
1595822408.7100253,307.8006935119629,0.0,0
1595822408.7200239,309.6004343032837,0.0,0
1595822408.7300334,311.40214920043945,0.0,0
1595822408.7400317,313.201847076416,0.0,0
1595822408.750029,315.0013732910156,0.0,0
1595822408.760025,316.8006420135498,0.0,0
1595822408.770032,318.60188484191895,0.0,0
1595822408.7800245,320.4005527496338,0.0,0
1595822408.790023,322.2002935409546,0.0,0
1595822408.8000345,324.00235176086426,0.0,0
1595822408.8100379,325.8029508590698,0.0,0
1595822408.8200312,327.6017475128174,0.0,0
1595822408.830033,329.4020891189575,0.0,0
1595822408.840025,331.20062828063965,0.0,0
1595822408.8500383,333.0030298233032,0.0,0
1595822408.8600235,334.8003673553467,0.0,0
1595822408.8700345,336.60233974456787,0.0,0
1595822408.8800232,338.4003210067749,0.0,0
1595822408.8900244,340.2005338668823,0.0,0
1595822408.9000316,342.0018196105957,0.0,0
1595822408.9100375,343.8028907775879,0.0,0
1595822408.9200332,345.60211658477783,0.0,0
1595822408.930038,347.4029731750488,0.0,0
1595822408.9400353,349.20249938964844,0.0,0
1595822408.950037,351.00279808044434,0.0,0
1595822408.9600248,352.8006076812744,0.0,0
1595822408.9700296,354.6014642715454,0.0,0
1595822408.980031,356.40172004699707,0.0,0
1595822408.9900372,358.2028341293335,0.0,0
1595822409.0000277,360,0.0,1
1595822409.0000277,0,0,0
1595822409.0100303,3.6268807805207715,0.010146724601932888,0
1595822409.0200436,5.429282323184346,0.010146724601932888,0
1595822409.030031,7.227006093325947,0.010146724601932888,0
1595822409.0400412,9.028849736514424,0.010146724601932888,0
1595822409.0500302,10.826873914065693,0.010146724601932888,0
1595822409.0600445,12.62944711810622,0.010146724601932888,0
1595822409.0700424,14.429059163394307,0.010146724601932888,0
1595822409.0800445,16.22944368487868,0.010146724601932888,0
1595822409.0900402,18.028669492068623,0.010146724601932888,0
1595822409.1000438,19.829311505618428,0.010146724601932888,0
1595822409.1100314,21.627078191104268,0.010146724601932888,0
1595822409.1200352,23.42776311999831,0.010146724601932888,0
1595822409.1300411,25.228834286990498,0.010146724601932888,0
1595822409.1400373,27.028145924868916,0.010146724601932888,0
1595822409.1500454,28.829603329959248,0.010146724601932888,0
1595822409.1600375,30.628185406985615,0.010146724601932888,0
1595822409.1700327,32.42732538348708,0.010146724601932888,0
1595822409.1800346,34.22766698962722,0.010146724601932888,0
1595822409.1900375,36.02818025714431,0.010146724601932888,0
1595822409.200043,37.82916559344802,0.010146724601932888,0
1595822409.2100313,39.62706102496657,0.010146724601932888,0
1595822409.220032,41.42718805438552,0.010146724601932888,0
1595822409.2300436,43.229289189639424,0.010146724601932888,0
1595822409.2400424,45.02907289630446,0.010146724601932888,0
1595822409.2500398,46.82859911090407,0.010146724601932888,0
1595822409.2600365,48.62799657947097,0.010146724601932888,0
1595822409.2700338,50.427522794070576,0.010146724601932888,0
1595822409.2800336,52.22747816211257,0.010146724601932888,0
1595822409.2900455,54.02962221271071,0.010146724601932888,0
1595822409.3000307,55.82695974475417,0.010146724601932888,0
1595822409.3100274,57.626357213321064,0.010146724601932888,0
1595822409.3200426,59.429102078738545,0.010146724601932888,0
1595822409.330041,61.22879995471511,0.010146724601932888,0
1595822409.3400447,63.02948488360915,0.010146724601932888,0
1595822409.3500283,64.82652200824293,0.010146724601932888,0
1595822409.3600316,66.6271211064485,0.010146724601932888,0
1595822409.3700316,68.42711938983473,0.010146724601932888,0
1595822409.380044,70.22934927112135,0.010146724601932888,0
1595822409.3900442,72.02939046985182,0.010146724601932888,0
1595822409.400031,73.82702840930494,0.010146724601932888,0
1595822409.4100428,75.62912954455885,0.010146724601932888,0
1595822409.420043,77.42917074328932,0.010146724601932888,0
1595822409.4300396,79.22856821185621,0.010146724601932888,0
1595822409.44003,81.02684988147291,0.010146724601932888,0
1595822409.450036,82.8279210484651,0.010146724601932888,0
1595822409.4600415,84.62890638476881,0.010146724601932888,0
1595822409.4700382,86.4283038533357,0.010146724601932888,0
1595822409.4800308,88.22697176105055,0.010146724601932888,0
1595822409.4900432,90.02920164233717,0.010146724601932888,0
1595822409.5000331,91.8273974812654,0.010146724601932888,0
1595822409.5100372,93.62812532550367,0.010146724601932888,0
1595822409.5200346,95.42765154010328,0.010146724601932888,0
1595822409.5300286,97.22657693988356,0.010146724601932888,0
1595822409.540039,99.02846349841627,0.010146724601932888,0
1595822409.5500352,100.82777513629469,0.010146724601932888,0
1595822409.5600314,102.62708677417311,0.010146724601932888,0
1595822409.570034,104.42755712634596,0.010146724601932888,0
1595822409.5800326,106.22729791766676,0.010146724601932888,0
1595822409.5900443,108.02939905292067,0.010146724601932888,0
1595822409.6000435,109.82926859027418,0.010146724601932888,0
1595822409.610032,111.62720693713698,0.010146724601932888,0
1595822409.620035,113.42772020465407,0.010146724601932888,0
1595822409.630046,115.22969259387526,0.010146724601932888,0
1595822409.6400301,117.02685846454176,0.010146724601932888,0
1595822409.6500387,118.82840170032057,0.010146724601932888,0
1595822409.6600459,120.62968744403395,0.010146724601932888,0
1595822409.6700346,122.42766870624098,0.010146724601932888,0
1595822409.6800344,124.22762407428297,0.010146724601932888,0
1595822409.6900346,126.02766527301344,0.010146724601932888,0
1595822409.7000299,127.8268052495149,0.010146724601932888,0
1595822409.7100296,129.6267606175569,0.010146724601932888,0
1595822409.7200289,131.4266301549104,0.010146724601932888,0
1595822409.7300344,133.22761549121412,0.010146724601932888,0
1595822409.7400405,135.02872957355055,0.010146724601932888,0
1595822409.7500355,136.82782663470778,0.010146724601932888,0
1595822409.7600281,138.62649454242262,0.010146724601932888,0
1595822409.7700453,140.429582730594,0.010146724601932888,0
1595822409.7800324,142.22726358539137,0.010146724601932888,0
1595822409.7900329,144.02734769946608,0.010146724601932888,0
1595822409.800042,145.82897676593336,0.010146724601932888,0
1595822409.8100386,147.62837423450026,0.010146724601932888,0
1595822409.82004,149.42863000995192,0.010146724601932888,0
1595822409.830043,151.22918619281324,0.010146724601932888,0
1595822409.8400438,153.0293132222322,0.010146724601932888,0
1595822409.8500307,154.82695116168532,0.010146724601932888,0
1595822409.8600402,156.62866605884108,0.010146724601932888,0
1595822409.8700454,158.42960847980055,0.010146724601932888,0
1595822409.8800437,160.2293063557771,0.010146724601932888,0
1595822409.8900342,162.0275880253938,0.010146724601932888,0
1595822409.9000409,163.8287879384187,0.010146724601932888,0
1595822409.9100301,165.62685503131422,0.010146724601932888,0
1595822409.9200385,167.4283553517488,0.010146724601932888,0
1595822409.9300292,169.22667993670973,0.010146724601932888,0
1595822409.9400454,171.02959646350416,0.010146724601932888,0
1595822409.9500313,172.82706274158033,0.010146724601932888,0
1595822409.9600286,174.62658895617994,0.010146724601932888,0
1595822409.970036,176.42791761523756,0.010146724601932888,0
1595822409.9800413,178.22886003619703,0.010146724601932888,0
1595822409.9900398,180.02860082751783,0.010146724601932888,0
1595822410.0000343,181.82761205798658,0.010146724601932888,0
1595822410.0097227,183.57151998645338,0.010146724601932888,0
1595822410.0097227,183.57151998645338,0.010146724601932888,0
1595822410.0100367,183.6280394948152,0.010146724601932888,0
1595822410.0200317,185.42713655597242,0.010146724601932888,0
1595822410.0300395,187.22855104571852,0.010146724601932888,0
1595822410.040033,189.02739061481032,0.010146724601932888,0
1595822410.0500333,190.82743181354078,0.010146724601932888,0
1595822410.0600398,192.62858881122145,0.010146724601932888,0
1595822410.07003,194.4268275654939,0.010146724601932888,0
1595822410.0800316,196.2271262562898,0.010146724601932888,0
1595822410.0900342,198.02759660846266,0.010146724601932888,0
1595822410.100041,199.82879652148756,0.010146724601932888,0
1595822410.1100283,201.62652029162916,0.010146724601932888,0
1595822410.120033,203.42737688190016,0.010146724601932888,0
1595822410.1300406,205.22874845630201,0.010146724601932888,0
1595822410.1400354,207.027802602115,0.010146724601932888,0
1595822410.1500413,208.8288737691072,0.010146724601932888,0
1595822410.160035,210.627713338199,0.010146724601932888,0
1595822410.170027,212.42629541522535,0.010146724601932888,0
1595822410.1800313,214.22706617480787,0.010146724601932888,0
1595822410.190037,216.02809442645582,0.010146724601932888,0
1595822410.2000287,217.8265906727937,0.010146724601932888,0
1595822410.2100286,219.62658895617994,0.010146724601932888,0
1595822410.2200413,221.4288617528108,0.010146724601932888,0
1595822410.2300427,223.22911752826246,0.010146724601932888,0
1595822410.240037,225.02808584338698,0.010146724601932888,0
1595822410.2500405,226.82872785693678,0.010146724601932888,0
1595822410.260045,228.62954153186354,0.010146724601932888,0
1595822410.270043,230.42915357715162,0.010146724601932888,0
1595822410.2800264,232.2261907017854,0.010146724601932888,0
1595822410.290042,234.02897848254713,0.010146724601932888,0
1595822410.3000305,235.82691682940992,0.010146724601932888,0
1595822410.3100271,237.62631429797682,0.010146724601932888,0
1595822410.3200393,239.4285012639192,0.010146724601932888,0
1595822410.33003,241.22682584888014,0.010146724601932888,0
1595822410.340031,243.02699579364332,0.010146724601932888,0
1595822410.3500392,244.8284961140779,0.010146724601932888,0
1595822410.3600292,246.62669195300612,0.010146724601932888,0
1595822410.3700404,248.42870725757155,0.010146724601932888,0
1595822410.3800359,250.22789014941725,0.010146724601932888,0
1595822410.3900268,252.02625764972242,0.010146724601932888,0
1595822410.4000294,253.82672800189528,0.010146724601932888,0
1595822410.4100292,255.62668336993727,0.010146724601932888,0
1595822410.420029,257.42663873797926,0.010146724601932888,0
1595822410.4300282,259.2265082753328,0.010146724601932888,0
1595822410.4400434,261.02925314075026,0.010146724601932888,0
1595822410.450038,262.828264371219,0.010146724601932888,0
1595822410.4600277,264.626417294803,0.010146724601932888,0
1595822410.470033,266.42735971576246,0.010146724601932888,0
1595822410.48003,268.22684301501783,0.010146724601932888,0
1595822410.4900386,270.02838625079664,0.010146724601932888,0
1595822410.50004,271.8286420262483,0.010146724601932888,0
1595822410.510042,273.62898363238844,0.010146724601932888,0
1595822410.5200357,275.4278661168245,0.010146724601932888,0
1595822410.5300422,277.22902311450514,0.010146724601932888,0
1595822410.5400434,279.02923597461256,0.010146724601932888,0
1595822410.5500422,280.8290196812776,0.010146724601932888,0
1595822410.5600429,282.62914671069655,0.010146724601932888,0
1595822410.570031,284.42699922687086,0.010146724601932888,0
1595822410.5800304,286.2269116795686,0.010146724601932888,0
1595822410.5900388,288.0284120000032,0.010146724601932888,0
1595822410.6000388,289.8284102833894,0.010146724601932888,0
1595822410.610035,291.62772192126783,0.010146724601932888,0
1595822410.6200309,293.426990643802,0.010146724601932888,0
1595822410.630039,295.22844804889235,0.010146724601932888,0
1595822410.6400292,297.0266868031648,0.010146724601932888,0
1595822410.6500423,298.82904543048414,0.010146724601932888,0
1595822410.6600366,300.62801374560865,0.010146724601932888,0
1595822410.6700282,302.42650999194655,0.010146724601932888,0
1595822410.6800337,304.22749532825026,0.010146724601932888,0
1595822410.6900265,306.02620615130934,0.010146724601932888,0
1595822410.7000356,307.8278352177766,0.010146724601932888,0
1595822410.710026,309.6261168873933,0.010146724601932888,0
1595822410.7200427,311.42911924487623,0.010146724601932888,0
1595822410.730028,313.2264567769197,0.010146724601932888,0
1595822410.7400427,315.0291158116487,0.010146724601932888,0
1595822410.7500422,316.82902826434645,0.010146724601932888,0
1595822410.760029,318.6266662037996,0.010146724601932888,0
1595822410.7700293,320.42670740253004,0.010146724601932888,0
1595822410.7800324,322.22726358539137,0.010146724601932888,0
1595822410.790032,324.0271760380891,0.010146724601932888,0
1595822410.8000388,325.82841886645826,0.010146724601932888,0
1595822410.8100367,327.62803091174635,0.010146724601932888,0
1595822410.8200352,329.42777170306715,0.010146724601932888,0
1595822410.8300436,331.2292720235017,0.010146724601932888,0
1595822410.8400354,333.02781118518385,0.010146724601932888,0
1595822410.850033,334.8273803151277,0.010146724601932888,0
1595822410.8600304,336.6269065297273,0.010146724601932888,0
1595822410.8700418,338.428964749637,0.010146724601932888,0
1595822410.880026,340.2261306203035,0.010146724601932888,0
1595822410.8900404,342.028703824344,0.010146724601932888,0
1595822410.9000304,343.82689966327223,0.010146724601932888,0
1595822410.91004,345.628614560428,0.010146724601932888,0
1595822410.9200416,347.4289132512239,0.010146724601932888,0
1595822410.9300349,349.22770990497145,0.010146724601932888,0
1595822410.9400349,351.0277081883577,0.010146724601932888,0
1595822410.9500322,352.8272344029573,0.010146724601932888,0
1595822410.9600313,354.62706102496657,0.010146724601932888,0
1595822410.9700353,356.42778886920485,0.010146724601932888,0
1595822410.9800293,358.2267142689851,0.010146724601932888,0
1595822410.989895,360,0.010146724601932888,1
1595822410.989895,0,0,0
1595822410.9999034,3.646424768193124,0.010249580265325298,0
1595822411.009897,5.445264337284921,0.010249580265325298,0
1595822411.0199034,7.246421334965585,0.010249580265325298,0
1595822411.0299015,9.04607629559791,0.010249580265325298,0
1595822411.0398972,10.845302102787851,0.010249580265325298,0
1595822411.0499063,12.646931169255136,0.010249580265325298,0
1595822411.0599113,14.44783067487037,0.010249580265325298,0
1595822411.0699112,16.2478289582566,0.010249580265325298,0
1595822411.0799122,18.047998903019785,0.010249580265325298,0
1595822411.0899117,19.84791135571754,0.010249580265325298,0
1595822411.099904,21.646536348088144,0.010249580265325298,0
1595822411.1099057,23.446835038884043,0.010249580265325298,0
1595822411.1199036,25.24644708417213,0.010249580265325298,0
1595822411.129909,27.04743242047584,0.010249580265325298,0
1595822411.1399007,28.84592866681373,0.010249580265325298,0
1595822411.149908,30.647257325871347,0.010249580265325298,0
1595822411.159895,32.44489526532447,0.010249580265325298,0
1595822411.1699038,34.246481416447516,0.010249580265325298,0
1595822411.1798978,36.04540681622779,0.010249580265325298,0
1595822411.1899087,37.84737920544898,0.010249580265325298,0
1595822411.199903,39.64634752057349,0.010249580265325298,0
1595822411.2099097,41.447547433598395,0.010249580265325298,0
1595822411.2199001,43.245829103215094,0.010249580265325298,0
1595822411.2299058,45.04685735486304,0.010249580265325298,0
1595822411.2399118,46.84792852185523,0.010249580265325298,0
1595822411.2499065,48.64698266766822,0.010249580265325298,0
1595822411.2599022,50.44620847485816,0.010249580265325298,0
1595822411.2698953,52.24496221326148,0.010249580265325298,0
1595822411.2799127,54.048093316777106,0.010249580265325298,0
1595822411.289911,55.84779119275367,0.010249580265325298,0
1595822411.2998958,57.64504289410865,0.010249580265325298,0
1595822411.309907,59.44705819867408,0.010249580265325298,0
1595822411.3199115,61.247871873600836,0.010249580265325298,0
1595822411.3299067,63.0470118501023,0.010249580265325298,0
1595822411.3399117,64.84791135571754,0.010249580265325298,0
1595822411.3499045,66.64662217877662,0.010249580265325298,0
1595822411.3599033,68.44640588544166,0.010249580265325298,0
1595822411.3699112,70.24782037518776,0.010249580265325298,0
1595822411.3799129,72.04811906598366,0.010249580265325298,0
1595822411.3899019,73.84614324353493,0.010249580265325298,0
1595822411.3999052,75.64674234174049,0.010249580265325298,0
1595822411.4098985,77.44553899548805,0.010249580265325298,0
1595822411.419905,79.24669599316871,0.010249580265325298,0
1595822411.429908,81.04725217603004,0.010249580265325298,0
1595822411.4399085,82.84733629010475,0.010249580265325298,0
1595822411.4499094,84.64750623486793,0.010249580265325298,0
1595822411.4598994,86.44570207379616,0.010249580265325298,0
1595822411.469907,88.24707364819801,0.010249580265325298,0
1595822411.4799092,90.04745816968239,0.010249580265325298,0
1595822411.4899008,91.84595441602028,0.010249580265325298,0
1595822411.4999037,93.64646768353737,0.010249580265325298,0
1595822411.5099075,95.44715261243141,0.010249580265325298,0
1595822411.519897,97.24526262067116,0.010249580265325298,0
1595822411.5299077,99.04719209454811,0.010249580265325298,0
1595822411.5399106,100.8477053620652,0.010249580265325298,0
1595822411.5498958,102.64504289410866,0.010249580265325298,0
1595822411.559903,104.44632863782203,0.010249580265325298,0
1595822411.5699043,106.2465844132737,0.010249580265325298,0
1595822411.5799015,108.04606771252907,0.010249580265325298,0
1595822411.5898964,109.84516477368629,0.010249580265325298,0
1595822411.5999115,111.64786672375953,0.010249580265325298,0
1595822411.609897,113.44524717114723,0.010249580265325298,0
1595822411.6199124,115.24803495190895,0.010249580265325298,0
1595822411.629909,117.04743242047584,0.010249580265325298,0
1595822411.6399102,118.84764528058327,0.010249580265325298,0
1595822411.6499014,120.64605569623268,0.010249580265325298,0
1595822411.6599061,122.44691228650368,0.010249580265325298,0
1595822411.6699119,124.24794053815162,0.010249580265325298,0
1595822411.6798983,126.04549264691627,0.010249580265325298,0
1595822411.6899078,127.84720754407203,0.010249580265325298,0
1595822411.699905,129.6466908433274,0.010249580265325298,0
1595822411.709902,131.44617414258278,0.010249580265325298,0
1595822411.7198958,133.2450566270188,0.010249580265325298,0
1595822411.7299,135.0457844712571,0.010249580265325298,0
1595822411.7399023,136.8462119080857,0.010249580265325298,0
1595822411.7498944,138.64479398511207,0.010249580265325298,0
1595822411.759898,140.44543599866188,0.010249580265325298,0
1595822411.769897,142.24526262067116,0.010249580265325298,0
1595822411.779909,144.0474066712693,0.010249580265325298,0
1595822411.7898962,145.8451304414109,0.010249580265325298,0
1595822411.799901,147.6459870316819,0.010249580265325298,0
1595822411.8099031,149.44637155316627,0.010249580265325298,0
1595822411.8199065,151.24697065137184,0.010249580265325298,0
1595822411.8299108,153.04774141095436,0.010249580265325298,0
1595822411.839896,154.84507894299782,0.010249580265325298,0
1595822411.8499072,156.64709424756325,0.010249580265325298,0
1595822411.8599095,158.44752168439186,0.010249580265325298,0
1595822411.8699021,160.2461895921067,0.010249580265325298,0
1595822411.8799014,162.04605912946022,0.010249580265325298,0
1595822411.88991,163.84760236523903,0.010249580265325298,0
1595822411.8999054,165.64678525708473,0.010249580265325298,0
1595822411.909909,167.44742727063453,0.010249580265325298,0
1595822411.9199023,169.2462239243821,0.010249580265325298,0
1595822411.929897,171.04527807019508,0.010249580265325298,0
1595822411.9398966,172.84519052289284,0.010249580265325298,0
1595822411.949899,174.64561795972145,0.010249580265325298,0
1595822411.9599037,176.44647454999244,0.010249580265325298,0
1595822411.9699042,178.24655866406715,0.010249580265325298,0
1595822411.979896,180.04509782574928,0.010249580265325298,0
1595822411.9899027,181.84629773877418,0.010249580265325298,0
1595822411.9998245,183.63221978925026,0.010249580265325298,0
1595822411.9998245,183.63221978925026,0.010249580265325298,0
1595822411.9999292,183.65105962537086,0.010249580265325298,0
1595822412.0099099,185.4475817658738,0.010249580265325298,0
1595822412.019897,187.24526262067116,0.010249580265325298,0
1595822412.0298958,189.0450463273362,0.010249580265325298,0
1595822412.0399034,190.84641790173805,0.010249580265325298,0
1595822412.049894,192.644742486699,0.010249580265325298,0
1595822412.059905,194.44671487592018,0.010249580265325298,0
1595822412.0699124,196.2480435349778,0.010249580265325298,0
1595822412.0799062,198.04692601941383,0.010249580265325298,0
1595822412.0899067,199.84701013348854,0.010249580265325298,0
1595822412.0999043,201.6465792634324,0.010249580265325298,0
1595822412.1099076,203.44717836163795,0.010249580265325298,0
1595822412.1198983,205.2455029465989,0.010249580265325298,0
1595822412.1299007,207.0459303834275,0.010249580265325298,0
1595822412.1399078,208.84721612714088,0.010249580265325298,0
1595822412.149898,210.64545488141334,0.010249580265325298,0
1595822412.1599078,212.44721269391334,0.010249580265325298,0
1595822412.169899,214.24562310956276,0.010249580265325298,0
1595822412.179908,216.04725217603004,0.010249580265325298,0
1595822412.1898959,217.84506177686012,0.010249580265325298,0
1595822412.199911,219.6478066422776,0.010249580265325298,0
1595822412.2098956,221.44501542828834,0.010249580265325298,0
1595822412.2198968,223.24522828839577,0.010249580265325298,0
1595822412.229912,225.04797315381325,0.010249580265325298,0
1595822412.2399077,226.8471989610032,0.010249580265325298,0
1595822412.2499022,228.64621019147194,0.010249580265325298,0
1595822412.2598987,230.4455647446946,0.010249580265325298,0
1595822412.2699077,232.24719381116188,0.010249580265325298,0
1595822412.2799048,234.04667711041725,0.010249580265325298,0
1595822412.2899113,235.8478341080979,0.010249580265325298,0
1595822412.2999082,237.64727449200905,0.010249580265325298,0
1595822412.3099017,239.44611406110084,0.010249580265325298,0
1595822412.3199053,241.24675607465065,0.010249580265325298,0
1595822412.3299003,243.04585313580787,0.010249580265325298,0
1595822412.339903,244.84636640332496,0.010249580265325298,0
1595822412.3498986,246.64554929517067,0.010249580265325298,0
1595822412.3598988,248.44559049390114,0.010249580265325298,0
1595822412.369909,250.2474341370896,0.010249580265325298,0
1595822412.3798962,252.04511499188698,0.010249580265325298,0
1595822412.3898978,253.84541368268287,0.010249580265325298,0
1595822412.399908,255.64725732587135,0.010249580265325298,0
1595822412.4099064,257.4469552018479,0.010249580265325298,0
1595822412.4199042,259.246567247136,0.010249580265325298,0
1595822412.4299102,261.0476384141282,0.010249580265325298,0
1595822412.439906,262.8468642213181,0.010249580265325298,0
1595822412.4499054,264.6467766740159,0.010249580265325298,0
1595822412.4598942,266.4447579362229,0.010249580265325298,0
1595822412.4698966,268.2451853730515,0.010249580265325298,0
1595822412.4798996,270.04574155591285,0.010249580265325298,0
1595822412.4898946,271.8448386170701,0.010249580265325298,0
1595822412.4998937,273.64466523907936,0.010249580265325298,0
1595822412.5098944,275.4447922684983,0.010249580265325298,0
1595822412.5199034,277.2464213349656,0.010249580265325298,0
1595822412.5299056,279.04680585644996,0.010249580265325298,0
1595822412.5399113,280.8478341080979,0.010249580265325298,0
1595822412.5498948,282.6448712327317,0.010249580265325298,0
1595822412.5599093,284.44748735211647,0.010249580265325298,0
1595822412.5699048,286.24667024396217,0.010249580265325298,0
1595822412.579912,288.04795598767555,0.010249580265325298,0
1595822412.5898962,289.84512185834205,0.010249580265325298,0
1595822412.599902,291.64615010999,0.010249580265325298,0
1595822412.609899,293.4456334092454,0.010249580265325298,0
1595822412.6199043,295.24657583020485,0.010249580265325298,0
1595822412.6298966,297.04520082257545,0.010249580265325298,0
1595822412.6399007,298.84592866681373,0.010249580265325298,0
1595822412.6498957,300.64502572797096,0.010249580265325298,0
1595822412.6599045,302.446611879094,0.010249580265325298,0
1595822412.669894,304.24472188733375,0.010249580265325298,0
1595822412.6799014,306.04605054639137,0.010249580265325298,0
1595822412.6898963,307.8451476075486,0.010249580265325298,0
1595822412.6999056,309.6468195893601,0.010249580265325298,0
1595822412.709896,311.4451012589768,0.010249580265325298,0
1595822412.7199073,313.24711656354225,0.010249580265325298,0
1595822412.7298987,315.0455698945359,0.010249580265325298,0
1595822412.7399042,316.8465552308396,0.010249580265325298,0
1595822412.7499003,318.64586686871803,0.010249580265325298,0
1595822412.7598987,320.4455647446946,0.010249580265325298,0
1595822412.769902,322.24616384290016,0.010249580265325298,0
1595822412.7799103,324.04766416333473,0.010249580265325298,0
1595822412.7899013,325.8460316636399,0.010249580265325298,0
1595822412.799894,327.644742486699,0.010249580265325298,0
1595822412.8098946,329.4448266007737,0.010249580265325298,0
1595822412.8198946,331.2448248841599,0.010249580265325298,0
1595822412.829895,333.04490899823463,0.010249580265325298,0
1595822412.8399086,334.84735345624244,0.010249580265325298,0
1595822412.8498983,336.64550637982643,0.010249580265325298,0
1595822412.8599038,338.44649171613014,0.010249580265325298,0
1595822412.8698971,340.2452883698777,0.010249580265325298,0
1595822412.8799055,342.04678869031227,0.010249580265325298,0
1595822412.8899097,343.8475594498948,0.010249580265325298,0
1595822412.899901,345.6459698655442,0.010249580265325298,0
1595822412.909899,347.4456248261765,0.010249580265325298,0
1595822412.9199073,349.2471251466111,0.010249580265325298,0
1595822412.9298959,351.0450634934739,0.010249580265325298,0
1595822412.939906,352.8468642213181,0.010249580265325298,0
1595822412.9499116,354.6478924729661,0.010249580265325298,0
1595822412.9599078,356.4472041108445,0.010249580265325298,0
1595822412.9698937,358.24467038892067,0.010249580265325298,0
1595822412.9796495,360,0.010249580265325298,1
1595822412.9796495,0,0,0
1595822412.989654,3.646348165845379,0.01025296939399234,0
1595822412.9996502,5.445659803723797,0.01025296939399234,0
1595822413.0096714,7.249477552747234,0.01025296939399234,0
1595822413.0196507,9.045742201184733,0.01025296939399234,0
1595822413.0296721,10.84960286555241,0.01025296939399234,0
1595822413.0396526,12.6460820907111,0.01025296939399234,0
1595822413.049672,14.449556516980632,0.01025296939399234,0
1595822413.0596616,16.247709440564616,0.01025296939399234,0
1595822413.0696628,18.047922300672038,0.01025296939399234,0
1595822413.0796728,19.849723028516276,0.01025296939399234,0
1595822413.0896616,21.647704290723308,0.01025296939399234,0
1595822413.0996525,23.446071791028483,0.01025296939399234,0
1595822413.1096551,25.246542143201335,0.01025296939399234,0
1595822413.119664,27.048128294324382,0.01025296939399234,0
1595822413.129657,28.846882032727702,0.01025296939399234,0
1595822413.1396608,30.647566961621745,0.01025296939399234,0
1595822413.149673,32.44975392756413,0.01025296939399234,0
1595822413.1596577,34.24700562891911,0.01025296939399234,0
1595822413.1696584,36.04713265833806,0.01025296939399234,0
1595822413.1796725,37.849662947034346,0.01025296939399234,0
1595822413.1896734,39.64983289179753,0.01025296939399234,0
1595822413.1996615,41.447685407971846,0.01025296939399234,0
1595822413.2096596,43.24734036860417,0.01025296939399234,0
1595822413.21965,45.04562203822087,0.01025296939399234,0
1595822413.2296576,46.846993612622725,0.01025296939399234,0
1595822413.2396495,48.645532774304854,0.01025296939399234,0
1595822413.24966,50.44741933283757,0.01025296939399234,0
1595822413.2596493,52.24548642573308,0.01025296939399234,0
1595822413.2696571,54.04690091547917,0.01025296939399234,0
1595822413.279662,55.84775750575017,0.01025296939399234,0
1595822413.289668,57.64887158808659,0.01025296939399234,0
1595822413.2996602,59.44745366511296,0.01025296939399234,0
1595822413.3096604,61.24749486384343,0.01025296939399234,0
1595822413.3196735,63.049853491162764,0.01025296939399234,0
1595822413.329656,64.84667603907536,0.01025296939399234,0
1595822413.339652,66.64598767695378,0.01025296939399234,0
1595822413.349657,68.44688718256901,0.01025296939399234,0
1595822413.3596559,70.24667088923405,0.01025296939399234,0
1595822413.3696575,72.04696958002995,0.01025296939399234,0
1595822413.3796718,73.84954278407048,0.01025296939399234,0
1595822413.3896594,75.64730946955632,0.01025296939399234,0
1595822413.3996563,77.44674985346745,0.01025296939399234,0
1595822413.4096718,79.24953763422917,0.01025296939399234,0
1595822413.4196556,81.0466176742072,0.01025296939399234,0
1595822413.429658,82.84704511103581,0.01025296939399234,0
1595822413.4396582,84.64708630976628,0.01025296939399234,0
1595822413.449653,86.44614045557927,0.01025296939399234,0
1595822413.459654,88.24635331568669,0.01025296939399234,0
1595822413.4696538,90.04630868372868,0.01025296939399234,0
1595822413.4796536,91.84626405177067,0.01025296939399234,0
1595822413.4896686,93.64896600184392,0.01025296939399234,0
1595822413.4996538,95.44630353388737,0.01025296939399234,0
1595822413.5096588,97.24720303950261,0.01025296939399234,0
1595822413.519649,99.04544179377507,0.01025296939399234,0
1595822413.5296504,100.84569756922673,0.01025296939399234,0
1595822413.5396595,102.64732663569401,0.01025296939399234,0
1595822413.549669,104.44904153284978,0.01025296939399234,0
1595822413.5596733,106.2498122924323,0.01025296939399234,0
1595822413.5696728,108.04972474513005,0.01025296939399234,0
1595822413.5796556,109.84663312373112,0.01025296939399234,0
1595822413.589668,111.64886300501774,0.01025296939399234,0
1595822413.599651,113.44581429896306,0.01025296939399234,0
1595822413.609656,115.24671380457829,0.01025296939399234,0
1595822413.619658,117.04705541071843,0.01025296939399234,0
1595822413.6296663,118.848555731153,0.01025296939399234,0
1595822413.639651,120.64580743250798,0.01025296939399234,0
1595822413.649655,122.44653527674626,0.01025296939399234,0
1595822413.6596537,124.24627606806706,0.01025296939399234,0
1595822413.6696577,126.04700391230534,0.01025296939399234,0
1595822413.679668,127.84884755549382,0.01025296939399234,0
1595822413.6896505,129.64571301875066,0.01025296939399234,0
1595822413.6996915,131.45309274134587,0.01025296939399234,0
1595822413.7096553,133.24656789240788,0.01025296939399234,0
1595822413.7196658,135.0484544509406,0.01025296939399234,0
1595822413.7296557,136.84665028986882,0.01025296939399234,0
1595822413.73967,138.64922349390935,0.01025296939399234,0
1595822413.749654,140.4463464492316,0.01025296939399234,0
1595822413.7596679,142.24883382258366,0.01025296939399234,0
1595822413.7696652,144.04836003718327,0.01025296939399234,0
1595822413.7796493,145.84548299250554,0.01025296939399234,0
1595822413.789652,147.64599626002263,0.01025296939399234,0
1595822413.7996702,149.44925610957097,0.01025296939399234,0
1595822413.8096557,151.24663655695866,0.01025296939399234,0
1595822413.8196554,153.04659192500066,0.01025296939399234,0
1595822413.8296633,154.84800641474675,0.01025296939399234,0
1595822413.8396559,156.6466743224616,0.01025296939399234,0
1595822413.8496668,158.44864671168278,0.01025296939399234,0
1595822413.8596542,160.24637048182439,0.01025296939399234,0
1595822413.8696532,162.04619710383366,0.01025296939399234,0
1595822413.8796518,163.84593789515446,0.01025296939399234,0
1595822413.8896568,165.6468374007697,0.01025296939399234,0
1595822413.899666,167.44850938258122,0.01025296939399234,0
1595822413.9096515,169.24588982996892,0.01025296939399234,0
1595822413.9196644,171.04820554194401,0.01025296939399234,0
1595822413.9296505,172.84571473536442,0.01025296939399234,0
1595822413.9396677,174.6488029235358,0.01025296939399234,0
1595822413.9496486,176.44536797938298,0.01025296939399234,0
1595822413.9596665,178.24858491358708,0.01025296939399234,0
1595822413.9696684,180.04892651972722,0.01025296939399234,0
1595822413.9796693,181.8490964644904,0.01025296939399234,0
1595822413.988699,183.47442929682683,0.01025296939399234,0
1595822413.988699,183.47442929682683,0.01025296939399234,0
1595822413.989654,183.64634816584538,0.01025296939399234,0
1595822413.9996517,185.44591729578923,0.01025296939399234,0
1595822414.0096626,187.24788968501042,0.01025296939399234,0
1595822414.0196545,189.04642884669255,0.01025296939399234,0
1595822414.0296602,190.8474570983405,0.01025296939399234,0
1595822414.0396545,192.646425413465,0.01025296939399234,0
1595822414.0496485,194.44535081324528,0.01025296939399234,0
1595822414.0596611,196.24762360987614,0.01025296939399234,0
1595822414.0696633,198.04800813136052,0.01025296939399234,0
1595822414.0796525,199.84607522425603,0.01025296939399234,0
1595822414.0896683,201.64890592036198,0.01025296939399234,0
1595822414.0996633,203.4480029815192,0.01025296939399234,0
1595822414.109665,205.2483016723151,0.01025296939399234,0
1595822414.119664,207.04812829432439,0.01025296939399234,0
1595822414.1296585,208.84713952479314,0.01025296939399234,0
1595822414.1396663,210.64855401453923,0.01025296939399234,0
1595822414.149656,212.4467069381232,0.01025296939399234,0
1595822414.1596484,214.24533193049382,0.01025296939399234,0
1595822414.1696546,216.04644601283024,0.01025296939399234,0
1595822414.1796632,217.84798924860905,0.01025296939399234,0
1595822414.189663,219.64794461665105,0.01025296939399234,0
1595822414.1996577,221.44699876246403,0.01025296939399234,0
1595822414.2096643,223.24819867548894,0.01025296939399234,0
1595822414.2196648,225.04828278956364,0.01025296939399234,0
1595822414.22965,226.8456203216071,0.01025296939399234,0
1595822414.2396502,228.64566152033757,0.01025296939399234,0
1595822414.2496674,230.44874970850896,0.01025296939399234,0
1595822414.2596507,232.2457439177985,0.01025296939399234,0
1595822414.2696636,234.0480596297736,0.01025296939399234,0
1595822414.2796683,235.8489162200446,0.01025296939399234,0
1595822414.2896485,237.64535252985905,0.01025296939399234,0
1595822414.2996674,239.4487411254401,0.01025296939399234,0
1595822414.3096678,241.24882523951482,0.01025296939399234,0
1595822414.3196614,243.0476648086066,0.01025296939399234,0
1595822414.329649,244.84543149409245,0.01025296939399234,0
1595822414.33966,246.64740388331364,0.01025296939399234,0
1595822414.3496492,248.44547097620915,0.01025296939399234,0
1595822414.3596556,250.24662797388982,0.01025296939399234,0
1595822414.3696501,252.04563920435857,0.01025296939399234,0
1595822414.3796673,253.84872739252995,0.01025296939399234,0
1595822414.3896558,255.64666573939274,0.01025296939399234,0
1595822414.399667,257.4486810439582,0.01025296939399234,0
1595822414.4096613,259.2476493590827,0.01025296939399234,0
1595822414.4196484,261.04533021388005,0.01025296939399234,0
1595822414.4296563,262.84674470362614,0.01025296939399234,0
1595822414.4396594,264.64730088648747,0.01025296939399234,0
1595822414.449659,266.44725625452946,0.01025296939399234,0
1595822414.4596622,268.2478124373908,0.01025296939399234,0
1595822414.4696639,270.0481111281867,0.01025296939399234,0
1595822414.479651,271.84579198298405,0.01025296939399234,0
1595822414.4896507,273.64574735102605,0.01025296939399234,0
1595822414.4996662,275.44853513178776,0.01025296939399234,0
1595822414.5096552,277.24655930933903,0.01025296939399234,0
1595822414.5196626,279.04788796839665,0.01025296939399234,0
1595822414.5296662,280.84852998194646,0.01025296939399234,0
1595822414.539651,282.64578168330144,0.01025296939399234,0
1595822414.5496671,284.44869821009587,0.01025296939399234,0
1595822414.559654,286.246336149549,0.01025296939399234,0
1595822414.569659,288.04723565516423,0.01025296939399234,0
1595822414.5796642,289.8481780761237,0.01025296939399234,0
1595822414.5896587,291.64718930659245,0.01025296939399234,0
1595822414.5996614,293.4476596587653,0.01025296939399234,0
1595822414.6096673,295.2487308257575,0.01025296939399234,0
1595822414.6196642,297.0481712096686,0.01025296939399234,0
1595822414.6296482,298.8452941649909,0.01025296939399234,0
1595822414.639659,300.64722363886784,0.01025296939399234,0
1595822414.6496527,302.4461061233039,0.01025296939399234,0
1595822414.6596675,304.2487651580329,0.01025296939399234,0
1595822414.6696541,306.04636018214177,0.01025296939399234,0
1595822414.6796677,307.8488046401496,0.01025296939399234,0
1595822414.6896656,309.64841668543767,0.01025296939399234,0
1595822414.6996632,311.4479858153815,0.01025296939399234,0
1595822414.7096574,313.246954130506,0.01025296939399234,0
1595822414.7196486,315.04536454615544,0.01025296939399234,0
1595822414.7296555,316.8466073745246,0.01025296939399234,0
1595822414.7396643,318.6481935256476,0.01025296939399234,0
1595822414.7496662,320.44853513178776,0.01025296939399234,0
1595822414.7596514,322.2458726638312,0.01025296939399234,0
1595822414.7696626,324.04788796839665,0.01025296939399234,0
1595822414.779662,325.84775750575017,0.01025296939399234,0
1595822414.7896533,327.6462108367438,0.01025296939399234,0
1595822414.7996645,329.44822614130925,0.01025296939399234,0
1595822414.8096573,331.24693696436833,0.01025296939399234,0
1595822414.8196611,333.0476218932624,0.01025296939399234,0
1595822414.8296654,334.8483926528449,0.01025296939399234,0
1595822414.8396554,336.6465884917731,0.01025296939399234,0
1595822414.8496516,338.44590012965153,0.01025296939399234,0
1595822414.8596547,340.24645631251286,0.01025296939399234,0
1595822414.8696609,342.0475703948493,0.01025296939399234,0
1595822414.8796608,343.8475686782355,0.01025296939399234,0
1595822414.889656,345.646708654737,0.01025296939399234,0
1595822414.8996649,347.44829480586003,0.01025296939399234,0
1595822414.9096675,349.2487651580329,0.01025296939399234,0
1595822414.9196541,351.04636018214177,0.01025296939399234,0
1595822414.9296558,352.84665887293767,0.01025296939399234,0
1595822414.9396524,354.64605634150456,0.01025296939399234,0
1595822414.9496508,356.4457542174811,0.01025296939399234,0
1595822414.9596548,358.2464820617194,0.01025296939399234,0
1595822414.9694154,360,0.01025296939399234,1
1595822414.9694154,0,0,0
1595822414.9794283,3.646264382080573,0.010244159278363751,0
1595822414.9894335,5.447206803040046,0.010244159278363751,0
1595822414.9994218,7.2451022345586,0.010244159278363751,0
1595822415.0094318,9.04690296240284,0.010244159278363751,0
1595822415.019419,10.844583817200203,0.010244159278363751,0
1595822415.0294235,12.64539749212696,0.010244159278363751,0
1595822415.0394185,14.444494553284187,0.010244159278363751,0
1595822415.0494246,16.245608635620613,0.010244159278363751,0
1595822415.0594215,18.045049019531746,0.010244159278363751,0
1595822415.0694213,19.845004387573738,0.010244159278363751,0
1595822415.079424,21.64547473974659,0.010244159278363751,0
1595822415.0894203,23.444829292969246,0.010244159278363751,0
1595822415.0994184,25.24448425360157,0.010244159278363751,0
1595822415.1094282,27.04624206610157,0.010244159278363751,0
1595822415.1194298,28.84654075689747,0.010244159278363751,0
1595822415.1294162,30.644092865662117,0.010244159278363751,0
1595822415.1394234,32.445378609375496,0.010244159278363751,0
1595822415.1494174,34.24430400915577,0.010244159278363751,0
1595822415.1594157,36.04400188513233,0.010244159278363751,0
1595822415.1694226,37.84524471350147,0.010244159278363751,0
1595822415.1794202,39.64481384344532,0.010244159278363751,0
1595822415.1894283,41.44627124853565,0.010244159278363751,0
1595822415.199423,43.24532539434864,0.010244159278363751,0
1595822415.2094188,45.04455120153858,0.010244159278363751,0
1595822415.2194304,46.84665233679249,0.010244159278363751,0
1595822415.2294214,48.645019837097664,0.010244159278363751,0
1595822415.2394216,50.44506103582813,0.010244159278363751,0
1595822415.2494318,52.24690467901661,0.010244159278363751,0
1595822415.259433,54.04711753912403,0.010244159278363751,0
1595822415.2694306,55.84668666906788,0.010244159278363751,0
1595822415.2794154,57.64393837042286,0.010244159278363751,0
1595822415.2894323,59.44698364325001,0.010244159278363751,0
1595822415.299429,61.2463811118169,0.010244159278363751,0
1595822415.3094172,63.04427654333546,0.010244159278363751,0
1595822415.3194172,64.84427482672169,0.010244159278363751,0
1595822415.3294184,66.64448768682911,0.010244159278363751,0
1595822415.339425,68.44568759985401,0.010244159278363751,0
1595822415.3494246,70.24560005255177,0.010244159278363751,0
1595822415.3594253,72.04572708197071,0.010244159278363751,0
1595822415.369427,73.84602577276661,0.010244159278363751,0
1595822415.379417,75.64422161169483,0.010244159278363751,0
1595822415.389425,77.44567901678516,0.010244159278363751,0
1595822415.3994317,79.24687892981007,0.010244159278363751,0
1595822415.409427,81.04601890631153,0.010244159278363751,0
1595822415.4194334,82.8471759039922,0.010244159278363751,0
1595822415.429432,84.646916695313,0.010244159278363751,0
1595822415.4394178,86.44438297338917,0.010244159278363751,0
1595822415.4494154,88.24395210333302,0.010244159278363751,0
1595822415.4594254,90.04575283117725,0.010244159278363751,0
1595822415.4694262,91.8458798605962,0.010244159278363751,0
1595822415.4794247,93.645620651917,0.010244159278363751,0
1595822415.489419,95.44458896704151,0.010244159278363751,0
1595822415.4994276,97.24613220282032,0.010244159278363751,0
1595822415.509419,99.04458553381397,0.010244159278363751,0
1595822415.519423,100.84531337805225,0.010244159278363751,0
1595822415.5294228,102.64526874609425,0.010244159278363751,0
1595822415.539431,104.44676906652882,0.010244159278363751,0
1595822415.5494287,106.24633819647266,0.010244159278363751,0
1595822415.5594301,108.04659397192432,0.010244159278363751,0
1595822415.569421,109.8449614722295,0.010244159278363751,0
1595822415.5794284,111.64629013128712,0.010244159278363751,0
1595822415.589425,113.44568759985401,0.010244159278363751,0
1595822415.599432,115.24693042822315,0.010244159278363751,0
1595822415.6094275,117.04611332006886,0.010244159278363751,0
1595822415.6194298,118.84654075689747,0.010244159278363751,0
1595822415.6294212,120.64499408789112,0.010244159278363751,0
1595822415.639426,122.44585067816212,0.010244159278363751,0
1595822415.6494262,124.24589187689259,0.010244159278363751,0
1595822415.6594195,126.04468853064014,0.010244159278363751,0
1595822415.6694257,127.84580261297657,0.010244159278363751,0
1595822415.6794298,129.64653045721485,0.010244159278363751,0
1595822415.6894298,131.44652874060108,0.010244159278363751,0
1595822415.69943,133.24656993933155,0.010244159278363751,0
1595822415.7094219,135.04510910101368,0.010244159278363751,0
1595822415.7194338,136.84725315161182,0.010244159278363751,0
1595822415.7294197,138.644719429688,0.010244159278363751,0
1595822415.7394307,140.4466918189092,0.010244159278363751,0
1595822415.749415,142.2438576895757,0.010244159278363751,0
1595822415.759421,144.04497177191212,0.010244159278363751,0
1595822415.7694302,145.8466008383794,0.010244159278363751,0
1595822415.7794223,147.64518291540577,0.010244159278363751,0
1595822415.7894237,149.44543869085743,0.010244159278363751,0
1595822415.799415,151.24389202185108,0.010244159278363751,0
1595822415.8094203,153.04483444281055,0.010244159278363751,0
1595822415.8194273,154.8460772711797,0.010244159278363751,0
1595822415.829419,156.64457351751759,0.010244159278363751,0
1595822415.8394165,158.44414264746143,0.010244159278363751,0
1595822415.849418,160.2443984229131,0.010244159278363751,0
1595822415.8594334,162.0471862036748,0.010244159278363751,0
1595822415.8694305,163.84666950293018,0.010244159278363751,0
1595822415.8794248,165.6456378180547,0.010244159278363751,0
1595822415.889415,167.44387657232716,0.010244159278363751,0
1595822415.8994195,169.2446902472539,0.010244159278363751,0
1595822415.9094312,171.04679138250782,0.010244159278363751,0
1595822415.9194226,172.84524471350147,0.010244159278363751,0
1595822415.9294286,174.64631588049366,0.010244159278363751,0
1595822415.9394226,176.44524128027393,0.010244159278363751,0
1595822415.949432,178.24691326208546,0.010244159278363751,0
1595822415.9594288,180.0463536459966,0.010244159278363751,0
1595822415.969423,181.8453219611211,0.010244159278363751,0
1595822415.9787936,183.53202373571827,0.010244159278363751,0
1595822415.9787936,183.53202373571827,0.010244159278363751,0
1595822415.9794283,183.64626438208057,0.010244159278363751,0
1595822415.9894319,185.44690639563038,0.010244159278363751,0
1595822415.999421,187.24493057318165,0.010244159278363751,0
1595822416.009423,189.04531509466602,0.010244159278363751,0
1595822416.0194204,190.84484130926563,0.010244159278363751,0
1595822416.0294278,192.64616996832325,0.010244159278363751,0
1595822416.0394258,194.44582492895557,0.010244159278363751,0
1595822416.0494187,196.24453575201466,0.010244159278363751,0
1595822416.0594206,198.0448773581548,0.010244159278363751,0
1595822416.0694196,199.84470398016407,0.010244159278363751,0
1595822416.0794218,201.64508850164844,0.010244159278363751,0
1595822416.0894227,203.44525844641163,0.010244159278363751,0
1595822416.0994158,205.24401218481495,0.010244159278363751,0
1595822416.1094174,207.04431087561085,0.010244159278363751,0
1595822416.1194227,208.84525329657032,0.010244159278363751,0
1595822416.129419,210.64460784979298,0.010244159278363751,0
1595822416.1394289,212.44636566229298,0.010244159278363751,0
1595822416.149417,214.2442181784673,0.010244159278363751,0
1595822416.1594174,216.044302292542,0.010244159278363751,0
1595822416.1694286,217.84631759710743,0.010244159278363751,0
1595822416.1794178,219.64438469000294,0.010244159278363751,0
1595822416.1894264,221.44592792578175,0.010244159278363751,0
1595822416.1994288,223.24635536261036,0.010244159278363751,0
1595822416.2094321,225.04695446081593,0.010244159278363751,0
1595822416.219432,226.84695274420216,0.010244159278363751,0
1595822416.2294252,228.64570648260548,0.010244159278363751,0
1595822416.2394261,230.44587642736866,0.010244159278363751,0
1595822416.2494211,232.2449734885259,0.010244159278363751,0
1595822416.2594247,234.0456155020757,0.010244159278363751,0
1595822416.2694252,235.8456996161504,0.010244159278363751,0
1595822416.2794166,237.64415294714405,0.010244159278363751,0
1595822416.289429,239.44638282843067,0.010244159278363751,0
1595822416.299429,241.2463811118169,0.010244159278363751,0
1595822416.3094268,243.045993157105,0.010244159278363751,0
1595822416.319418,244.8444035727544,0.010244159278363751,0
1595822416.3294315,246.64684803076221,0.010244159278363751,0
1595822416.3394222,248.44517261572315,0.010244159278363751,0
1595822416.3494158,250.24401218481495,0.010244159278363751,0
1595822416.3594255,252.04576999731495,0.010244159278363751,0
1595822416.3694293,253.846454926209,0.010244159278363751,0
1595822416.379429,255.64641029425098,0.010244159278363751,0
1595822416.3894172,257.4442628104253,0.010244159278363751,0
1595822416.399426,259.24584896154835,0.010244159278363751,0
1595822416.4094317,261.0468772131963,0.010244159278363751,0
1595822416.419418,262.84442932196094,0.010244159278363751,0
1595822416.4294186,264.64451343603565,0.010244159278363751,0
1595822416.4394157,266.443996735291,0.010244159278363751,0
1595822416.4494205,268.244853325562,0.010244159278363751,0
1595822416.4594235,270.04540950842335,0.010244159278363751,0
1595822416.469422,271.84515029974415,0.010244159278363751,0
1595822416.4794161,273.6440756995244,0.010244159278363751,0
1595822416.4894297,275.44652015753223,0.010244159278363751,0
1595822416.499419,277.24458725042774,0.010244159278363751,0
1595822416.5094156,279.04398471899464,0.010244159278363751,0
1595822416.519424,280.8454850394292,0.010244159278363751,0
1595822416.5294178,282.64436752386524,0.010244159278363751,0
1595822416.5394278,284.4461682517095,0.010244159278363751,0
1595822416.5494246,286.2456086356206,0.010244159278363751,0
1595822416.5594249,288.0456498343511,0.010244159278363751,0
1595822416.5694187,289.8445323187871,0.010244159278363751,0
1595822416.5794168,291.64418727941944,0.010244159278363751,0
1595822416.5894282,293.4462454993291,0.010244159278363751,0
1595822416.5994167,295.2441838461919,0.010244159278363751,0
1595822416.609425,297.0456841666265,0.010244159278363751,0
1595822416.6194232,298.8453391272588,0.010244159278363751,0
1595822416.6294188,300.64456493444874,0.010244159278363751,0
1595822416.6394303,302.4466231543584,0.010244159278363751,0
1595822416.64942,304.2447760779424,0.010244159278363751,0
1595822416.659427,306.04601890631153,0.010244159278363751,0
1595822416.6694252,307.8457167822881,0.010244159278363751,0
1595822416.679431,309.64674503393604,0.010244159278363751,0
1595822416.689416,311.44403965063526,0.010244159278363751,0
1595822416.6994233,313.2453683096929,0.010244159278363751,0
1595822416.709422,315.0451520163579,0.010244159278363751,0
1595822416.7194295,316.84648067541553,0.010244159278363751,0
1595822416.7294302,318.6466077048345,0.010244159278363751,0
1595822416.739416,320.4440310675664,0.010244159278363751,0
1595822416.749421,322.24493057318165,0.010244159278363751,0
1595822416.7594137,324.04364139624073,0.010244159278363751,0
1595822416.769424,325.8454850394292,0.010244159278363751,0
1595822416.7794297,327.64651329107716,0.010244159278363751,0
1595822416.7894251,329.44569618292286,0.010244159278363751,0
1595822416.7994146,331.2438061911626,0.010244159278363751,0
1595822416.8094158,333.04401905127,0.010244159278363751,0
1595822416.8194268,334.8459914404912,0.010244159278363751,0
1595822416.8294137,336.64362937994434,0.010244159278363751,0
1595822416.8394296,338.44650299139454,0.010244159278363751,0
1595822416.8494227,340.24525672979786,0.010244159278363751,0
1595822416.8594232,342.04534084387257,0.010244159278363751,0
1595822416.869419,343.84460956640675,0.010244159278363751,0
1595822416.8794143,345.6437495429082,0.010244159278363751,0
1595822416.8894317,347.44688064642384,0.010244159278363751,0
1595822416.8994257,349.2458060462041,0.010244159278363751,0
1595822416.9094143,351.0437443930669,0.010244159278363751,0
1595822416.9194233,352.8453734595342,0.010244159278363751,0
1595822416.9294243,354.64554340429737,0.010244159278363751,0
1595822416.9394274,356.4460995871587,0.010244159278363751,0
1595822416.9494178,358.2443812567754,0.010244159278363751,0
1595822416.9591784,360,0.010244159278363751,1
1595822416.9591784,0,0,0
1595822416.9691901,3.6466286390933655,0.01024737502133033,0
1595822416.9791794,5.444695731988873,0.01024737502133033,0
1595822416.9891944,7.2473976820621155,0.01024737502133033,0
1595822416.9991956,9.047610542169537,0.01024737502133033,0
1595822417.0091949,10.847480079523052,0.01024737502133033,0
1595822417.019195,12.647521278253521,0.01024737502133033,0
1595822417.0291965,14.447777053705181,0.01024737502133033,0
1595822417.0391881,16.24627330004307,0.01024737502133033,0
1595822417.0491815,18.04506995379063,0.01024737502133033,0
1595822417.0591898,19.8465702742252,0.01024737502133033,0
1595822417.0691905,21.646697303644146,0.01024737502133033,0
1595822417.0791888,23.44639517962071,0.01024737502133033,0
1595822417.0891922,25.246994277826275,0.01024737502133033,0
1595822417.0991957,27.04763629137608,0.01024737502133033,0
1595822417.1091812,28.845016738763775,0.01024737502133033,0
1595822417.1191876,30.64617373644444,0.01024737502133033,0
1595822417.1291783,32.444498321405376,0.01024737502133033,0
1595822417.1391797,34.24475409685704,0.01024737502133033,0
1595822417.1491797,36.04475238024327,0.01024737502133033,0
1595822417.1591961,37.84771182238194,0.01024737502133033,0
1595822417.1691961,39.64771010576817,0.01024737502133033,0
1595822417.1791816,41.445090553155865,0.01024737502133033,0
1595822417.1891942,43.247363349786724,0.01024737502133033,0
1595822417.1991923,45.04701831041905,0.01024737502133033,0
1595822417.2091963,46.84774615465733,0.01024737502133033,0
1595822417.2191818,48.645126602045025,0.01024737502133033,0
1595822417.2291832,50.445382377496685,0.01024737502133033,0
1595822417.2391887,52.246367713800396,0.01024737502133033,0
1595822417.2491865,54.04597975908848,0.01024737502133033,0
1595822417.2591813,55.84503390490147,0.01024737502133033,0
1595822417.269181,57.64498927294346,0.01024737502133033,0
1595822417.2791946,59.447433730951275,0.01024737502133033,0
1595822417.2891927,61.2470886915836,0.01024737502133033,0
1595822417.2991848,63.045670768609966,0.01024737502133033,0
1595822417.3091793,64.84468199907872,0.01024737502133033,0
1595822417.3191915,66.6468689650211,0.01024737502133033,0
1595822417.3291922,68.44699599444004,0.01024737502133033,0
1595822417.3391814,70.24506308733555,0.01024737502133033,0
1595822417.3491948,72.04746462999913,0.01024737502133033,0
1595822417.3591805,73.84488799273106,0.01024737502133033,0
1595822417.3691936,75.6472466200504,0.01024737502133033,0
1595822417.3791869,77.44604327379795,0.01024737502133033,0
1595822417.3891954,79.24758650957676,0.01024737502133033,0
1595822417.3991957,81.04762770830723,0.01024737502133033,0
1595822417.4091942,82.84736849962803,0.01024737502133033,0
1595822417.4191954,84.64758135973545,0.01024737502133033,0
1595822417.4291902,86.44663550554844,0.01024737502133033,0
1595822417.4391935,88.24723460375401,0.01024737502133033,0
1595822417.4491827,90.04530169664952,0.01024737502133033,0
1595822417.459184,91.84551455675694,0.01024737502133033,0
1595822417.4691803,93.6448691099796,0.01024737502133033,0
1595822417.4791834,95.44542529284092,0.01024737502133033,0
1595822417.4891891,97.24645354448887,0.01024737502133033,0
1595822417.4991922,99.0470097273502,0.01024737502133033,0
1595822417.5091832,100.84537722765538,0.01024737502133033,0
1595822417.5191917,102.64692046343418,0.01024737502133033,0
1595822417.5291796,104.44473006426426,0.01024737502133033,0
1595822417.5391822,106.24520041643711,0.01024737502133033,0
1595822417.549195,108.04751612841221,0.01024737502133033,0
1595822417.5591908,109.84674193560215,0.01024737502133033,0
1595822417.569189,111.64643981157872,0.01024737502133033,0
1595822417.5791867,113.44600894152256,0.01024737502133033,0
1595822417.5891912,115.24682261644932,0.01024737502133033,0
1595822417.5991888,117.04639174639317,0.01024737502133033,0
1595822417.6091838,118.8454888075504,0.01024737502133033,0
1595822417.619181,120.64497210680577,0.01024737502133033,0
1595822417.6291914,122.44685866533848,0.01024737502133033,0
1595822417.6391904,124.24668528734776,0.01024737502133033,0
1595822417.649193,126.04715563952061,0.01024737502133033,0
1595822417.6591823,127.84522273241612,0.01024737502133033,0
1595822417.669188,129.64625098406407,0.01024737502133033,0
1595822417.6791844,131.44560553728672,0.01024737502133033,0
1595822417.689188,133.24624755083653,0.01024737502133033,0
1595822417.6991942,135.04736163317295,0.01024737502133033,0
1595822417.7091935,136.84723117052647,0.01024737502133033,0
1595822417.7191958,138.64765860735508,0.01024737502133033,0
1595822417.7291915,140.44688441454502,0.01024737502133033,0
1595822417.7391963,142.24774100481602,0.01024737502133033,0
1595822417.749182,144.04516436754795,0.01024737502133033,0
1595822417.7591825,145.84524848162266,0.01024737502133033,0
1595822417.7691948,147.64747836290928,0.01024737502133033,0
1595822417.779181,149.4449875563297,0.01024737502133033,0
1595822417.7891881,151.24627330004307,0.01024737502133033,0
1595822417.7991836,153.04545619188877,0.01024737502133033,0
1595822417.8091815,154.84506823717686,0.01024737502133033,0
1595822417.8191912,156.64682604967686,0.01024737502133033,0
1595822417.829196,158.44768263994786,0.01024737502133033,0
1595822417.8391795,160.24471976458165,0.01024737502133033,0
1595822417.8491833,162.0454046934757,0.01024737502133033,0
1595822417.859179,163.84463050066563,0.01024737502133033,0
1595822417.8691943,165.6473753660831,0.01024737502133033,0
1595822417.8791835,167.44544245897862,0.01024737502133033,0
1595822417.889188,169.24625613390538,0.01024737502133033,0
1595822417.8991847,171.04565360247227,0.01024737502133033,0
1595822417.909185,172.84569480120274,0.01024737502133033,0
1595822417.9191961,174.64771010576817,0.01024737502133033,0
1595822417.92919,176.4465925902042,0.01024737502133033,0
1595822417.9391837,178.24547507464024,0.01024737502133033,0
1595822417.9491794,180.04470088183018,0.01024737502133033,0
1595822417.9591858,181.84585787951085,0.01024737502133033,0
1595822417.968864,183.5879204481754,0.01024737502133033,0
1595822417.968864,183.5879204481754,0.01024737502133033,0
1595822417.9691775,183.64435412584874,0.01024737502133033,0
1595822417.9791832,185.44538237749668,0.01024737502133033,0
1595822417.9891846,187.24563815294835,0.01024737502133033,0
1595822417.9991791,189.0446493834171,0.01024737502133033,0
1595822418.009192,190.8469650953922,0.01024737502133033,0
1595822418.019187,192.64606215654942,0.01024737502133033,0
1595822418.0291836,194.4454596251163,0.01024737502133033,0
1595822418.039179,196.24464251696202,0.01024737502133033,0
1595822418.0491917,198.04691531359288,0.01024737502133033,0
1595822418.059188,199.8462269514713,0.01024737502133033,0
1595822418.0691884,201.646311065546,0.01024737502133033,0
1595822418.0791845,203.44562270342442,0.01024737502133033,0
1595822418.0891857,205.24583556353184,0.01024737502133033,0
1595822418.099181,207.0449755400333,0.01024737502133033,0
1595822418.1091962,208.8477204054508,0.01024737502133033,0
1595822418.1191895,210.64651705919835,0.01024737502133033,0
1595822418.129194,212.4473307341251,0.01024737502133033,0
1595822418.1391826,214.2452690809879,0.01024737502133033,0
1595822418.1491807,216.04492404162022,0.01024737502133033,0
1595822418.1591866,217.8459952086124,0.01024737502133033,0
1595822418.1691852,219.6457359999332,0.01024737502133033,0
1595822418.179182,221.44517638384434,0.01024737502133033,0
1595822418.1891906,223.24671961962315,0.01024737502133033,0
1595822418.19919,225.04658915697667,0.01024737502133033,0
1595822418.2091906,226.8467161863956,0.01024737502133033,0
1595822418.2191918,228.64692904650303,0.01024737502133033,0
1595822418.2291868,230.44602610766026,0.01024737502133033,0
1595822418.239188,232.24623896776768,0.01024737502133033,0
1595822418.2491903,234.0466664045963,0.01024737502133033,0
1595822418.259178,235.84443309008213,0.01024737502133033,0
1595822418.2691789,237.64460303484532,0.01024737502133033,0
1595822418.2791934,239.44721915423008,0.01024737502133033,0
1595822418.2891881,241.24627330004307,0.01024737502133033,0
1595822418.2991896,243.04652907549473,0.01024737502133033,0
1595822418.3091958,244.84764315783116,0.01024737502133033,0
1595822418.3191948,246.64746977984043,0.01024737502133033,0
1595822418.3291786,248.44454981981846,0.01024737502133033,0
1595822418.33919,250.24660803972813,0.01024737502133033,0
1595822418.349192,252.04694964586827,0.01024737502133033,0
1595822418.3591835,253.84544589220616,0.01024737502133033,0
1595822418.369183,255.6453583449039,0.01024737502133033,0
1595822418.3791814,257.4450562208805,0.01024737502133033,0
1595822418.3891897,259.24655654131504,0.01024737502133033,0
1595822418.399189,261.04642607866856,0.01024737502133033,0
1595822418.4091797,262.8447506636295,0.01024737502133033,0
1595822418.4191933,264.6471951216373,0.01024737502133033,0
1595822418.429193,266.4471504896793,0.01024737502133033,0
1595822418.439193,268.24714877306553,0.01024737502133033,0
1595822418.4491816,270.0450871199283,0.01024737502133033,0
1595822418.4591908,271.84675910173985,0.01024737502133033,0
1595822418.4691784,273.6445257872257,0.01024737502133033,0
1595822418.4791799,275.44478156267735,0.01024737502133033,0
1595822418.4891922,277.24701144396397,0.01024737502133033,0
1595822418.4991915,279.0468809813175,0.01024737502133033,0
1595822418.5091884,280.8463213652286,0.01024737502133033,0
1595822418.5191884,282.64631964861485,0.01024737502133033,0
1595822418.529183,284.4453308790836,0.01024737502133033,0
1595822418.5391943,286.24738909899327,0.01024737502133033,0
1595822418.5491793,288.0446837156925,0.01024737502133033,0
1595822418.5591834,289.84541155993077,0.01024737502133033,0
1595822418.5691826,291.6452810972843,0.01024737502133033,0
1595822418.5791795,293.4447214811954,0.01024737502133033,0
1595822418.5891788,295.24459101854893,0.01024737502133033,0
1595822418.5991907,297.0467350691471,0.01024737502133033,0
1595822418.6091857,298.8458321303043,0.01024737502133033,0
1595822418.619177,300.64428546129795,0.01024737502133033,0
1595822418.6291912,302.44681574999424,0.01024737502133033,0
1595822418.6391878,304.24621321856114,0.01024737502133033,0
1595822418.6491942,306.0473702162418,0.01024737502133033,0
1595822418.6591852,307.845737716547,0.01024737502133033,0
1595822418.669177,309.6442768782291,0.01024737502133033,0
1595822418.6791945,311.44740798174473,0.01024737502133033,0
1595822418.6891804,313.2448742598209,0.01024737502133033,0
1595822418.6991932,315.047189971796,0.01024737502133033,0
1595822418.7091804,316.84487082659336,0.01024737502133033,0
1595822418.719195,318.64748694597813,0.01024737502133033,0
1595822418.7291918,320.44692732988926,0.01024737502133033,0
1595822418.7391872,322.24611022173497,0.01024737502133033,0
1595822418.7491837,324.0454647749576,0.01024737502133033,0
1595822418.7591922,325.84700801073643,0.01024737502133033,0
1595822418.7691853,327.64576174913975,0.01024737502133033,0
1595822418.7791784,329.4445154875431,0.01024737502133033,0
1595822418.7891946,331.2474320143375,0.01024737502133033,0
1595822418.7991881,333.0462715834293,0.01024737502133033,0
1595822418.8091836,334.845454475275,0.01024737502133033,0
1595822418.819189,336.6464398115787,0.01024737502133033,0
1595822418.8291945,338.4474251478824,0.01024737502133033,0
1595822418.839184,340.2455351561222,0.01024737502133033,0
1595822418.8491874,342.04613425432774,0.01024737502133033,0
1595822418.8591852,343.8457462996158,0.01024737502133033,0
1595822418.869178,345.6444571226749,0.01024737502133033,0
1595822418.8791819,347.44514205156895,0.01024737502133033,0
1595822418.889183,349.2453549116764,0.01024737502133033,0
1595822418.899188,351.0462544172916,0.01024737502133033,0
1595822418.9091787,352.84457900225254,0.01024737502133033,0
1595822418.9191828,354.6453068464908,0.01024737502133033,0
1595822418.929183,356.4453480452213,0.01024737502133033,0
1595822418.9391809,358.2449600905094,0.01024737502133033,0
1595822418.9489446,360,0.01024737502133033,1
1595822418.9489446,0,0,0
1595822418.9589522,3.6464608495409534,0.010250495972994988,0
1595822418.9689534,5.446673709648375,0.010250495972994988,0
1595822418.9789577,7.247444469230895,0.010250495972994988,0
1595822418.988961,9.048043567436462,0.010250495972994988,0
1595822418.9989471,10.845552760856872,0.010250495972994988,0
1595822419.0089552,12.647010165947204,0.010250495972994988,0
1595822419.0189455,14.445248920219665,0.010250495972994988,0
1595822419.0289578,16.247478801506286,0.010250495972994988,0
1595822419.0389533,18.04666169335199,0.010250495972994988,0
1595822419.0489624,19.848290759819275,0.010250495972994988,0
1595822419.0589545,21.646872836845642,0.010250495972994988,0
1595822419.068946,23.445326167839294,0.010250495972994988,0
1595822419.0789564,25.24721272637201,0.010250495972994988,0
1595822419.0889564,27.04721100975824,0.010250495972994988,0
1595822419.0989454,28.84523518730951,0.010250495972994988,0
1595822419.108955,30.64695008446527,0.010250495972994988,0
1595822419.1189575,32.44742043663812,0.010250495972994988,0
1595822419.128947,34.245530444877865,0.010250495972994988,0
1595822419.1389475,36.04561455895257,0.010250495972994988,0
1595822419.1489556,37.847071964042904,0.010250495972994988,0
1595822419.1589534,39.64668400933099,0.010250495972994988,0
1595822419.1689456,41.44526608635736,0.010250495972994988,0
1595822419.1789513,43.246294338005306,0.010250495972994988,0
1595822419.188953,45.046593028801205,0.010250495972994988,0
1595822419.1989596,46.84779294182611,0.010250495972994988,0
1595822419.2089558,48.647104579704525,0.010250495972994988,0
1595822419.218946,50.445343333976986,0.010250495972994988,0
1595822419.2289627,52.248345691459896,0.010250495972994988,0
1595822419.2389445,54.04508240868402,0.010250495972994988,0
1595822419.2489595,55.84778435875726,0.010250495972994988,0
1595822419.2589579,57.64748223473382,0.010250495972994988,0
1595822419.2689588,59.447652179497005,0.010250495972994988,0
1595822419.2789576,61.247435886162044,0.010250495972994988,0
1595822419.2889576,63.047434169548275,0.010250495972994988,0
1595822419.298945,64.84515793968988,0.010250495972994988,0
1595822419.308952,66.64644368340326,0.010250495972994988,0
1595822419.3189576,68.44742901970697,0.010250495972994988,0
1595822419.3289464,70.245410281914,0.010250495972994988,0
1595822419.3389606,72.04798348595453,0.010250495972994988,0
1595822419.348958,73.84750970055414,0.010250495972994988,0
1595822419.3589523,75.64647801567865,0.010250495972994988,0
1595822419.3689592,77.4477208440478,0.010250495972994988,0
1595822419.3789527,79.24656041313959,0.010250495972994988,0
1595822419.3889465,81.04544289757563,0.010250495972994988,0
1595822419.3989537,82.846728641289,0.010250495972994988,0
1595822419.4089491,84.64591153313471,0.010250495972994988,0
1595822419.41896,86.4478839223559,0.010250495972994988,0
1595822419.428957,88.24732430626703,0.010250495972994988,0
1595822419.4389534,90.04667885948969,0.010250495972994988,0
1595822419.4489524,91.84650548149897,0.010250495972994988,0
1595822419.4589598,93.64783414055658,0.010250495972994988,0
1595822419.4689445,95.44508584191156,0.010250495972994988,0
1595822419.4789553,97.24701531578852,0.010250495972994988,0
1595822419.488959,99.04770024468256,0.010250495972994988,0
1595822419.4989562,100.84718354393793,0.010250495972994988,0
1595822419.5089498,102.64602311302973,0.010250495972994988,0
1595822419.518944,104.44499142815424,0.010250495972994988,0
1595822419.528957,106.24730714012934,0.010250495972994988,0
1595822419.5389547,108.04691918541742,0.010250495972994988,0
1595822419.5489519,109.8464024846728,0.010250495972994988,0
1595822419.5589552,111.64700158287836,0.010250495972994988,0
1595822419.5689464,113.44541199852777,0.010250495972994988,0
1595822419.5789614,115.24811394860102,0.010250495972994988,0
1595822419.588954,117.04678185631586,0.010250495972994988,0
1595822419.5989606,118.84798176934076,0.010250495972994988,0
1595822419.6089509,120.64622052361322,0.010250495972994988,0
1595822419.6189573,122.44737752129389,0.010250495972994988,0
1595822419.6289465,124.2454446141894,0.010250495972994988,0
1595822419.6389449,126.04514249016596,0.010250495972994988,0
1595822419.6489525,127.84651406456781,0.010250495972994988,0
1595822419.6589556,129.64707024742913,0.010250495972994988,0
1595822419.6689603,131.44792683770012,0.010250495972994988,0
1595822419.6789548,133.24693806816887,0.010250495972994988,0
1595822419.6889575,135.04740842034172,0.010250495972994988,0
1595822419.6989484,136.8457759206469,0.010250495972994988,0
1595822419.7089474,138.64560254265618,0.010250495972994988,0
1595822419.7189524,140.4465020482714,0.010250495972994988,0
1595822419.7289474,142.24559910942864,0.010250495972994988,0
1595822419.7389486,144.04581196953606,0.010250495972994988,0
1595822419.748953,145.84662564446282,0.010250495972994988,0
1595822419.7589529,147.6465810125048,0.010250495972994988,0
1595822419.7689528,149.44657929589104,0.010250495972994988,0
1595822419.7789474,151.2455905263598,0.010250495972994988,0
1595822419.7889528,153.0465758626635,0.010250495972994988,0
1595822419.7989533,154.8466599767382,0.010250495972994988,0
1595822419.8089547,156.64691575218987,0.010250495972994988,0
1595822419.8189545,158.44687112023186,0.010250495972994988,0
1595822419.8289483,160.2457536046679,0.010250495972994988,0
1595822419.8389547,162.04691060234856,0.010250495972994988,0
1595822419.8489544,163.84686597039055,0.010250495972994988,0
1595822419.8589447,165.645104724663,0.010250495972994988,0
1595822419.8689573,167.44737752129387,0.010250495972994988,0
1595822419.8789582,169.24754746605706,0.010250495972994988,0
1595822419.8889515,171.04634411980462,0.010250495972994988,0
1595822419.8989525,172.8465140645678,0.010250495972994988,0
1595822419.9089503,174.64612610985589,0.010250495972994988,0
1595822419.9189563,176.44719727684807,0.010250495972994988,0
1595822419.9289465,178.24543603112053,0.010250495972994988,0
1595822419.9389544,180.04685052086663,0.010250495972994988,0
1595822419.9489534,181.8466771428759,0.010250495972994988,0
1595822419.9589546,183.64689000298333,0.010250495972994988,0
1595822419.9590042,183.6558163945849,0.010250495972994988,0
1595822419.9590042,183.6558163945849,0.010250495972994988,0
1595822419.9689565,185.44723160912346,0.010250495972994988,0
1595822419.978952,187.24641450096917,0.010250495972994988,0
1595822419.9889436,189.04491074730706,0.010250495972994988,0
1595822419.9989505,190.8461535756762,0.010250495972994988,0
1595822420.0089443,192.64503606011223,0.010250495972994988,0
1595822420.0189555,194.44705136467766,0.010250495972994988,0
1595822420.0289497,196.24601967980217,0.010250495972994988,0
1595822420.038944,198.0449879949267,0.010250495972994988,0
1595822420.0489554,199.84704621483635,0.010250495972994988,0
1595822420.0589507,201.64618619133782,0.010250495972994988,0
1595822420.068961,203.4480298345263,0.010250495972994988,0
1595822420.0789511,205.24626858879876,0.010250495972994988,0
1595822420.0889466,207.04545148064446,0.010250495972994988,0
1595822420.098962,208.84823926140618,0.010250495972994988,0
1595822420.1089475,210.64561970879387,0.010250495972994988,0
1595822420.1189435,212.44488843132805,0.010250495972994988,0
1595822420.1289477,214.24565919091057,0.010250495972994988,0
1595822420.1389594,216.04776032616448,0.010250495972994988,0
1595822420.1489506,217.8461707418139,0.010250495972994988,0
1595822420.1589534,219.64668400933098,0.010250495972994988,0
1595822420.1689515,221.4463389699633,0.010250495972994988,0
1595822420.1789448,223.24513562371087,0.010250495972994988,0
1595822420.188945,225.04517682244133,0.010250495972994988,0
1595822420.1989484,226.8457759206469,0.010250495972994988,0
1595822420.2089484,228.64577420403313,0.010250495972994988,0
1595822420.2189524,230.4465020482714,0.010250495972994988,0
1595822420.2289517,232.24637158562493,0.010250495972994988,0
1595822420.2389462,234.04538281609368,0.010250495972994988,0
1595822420.2489605,235.8479560201342,0.010250495972994988,0
1595822420.2589557,237.64709599663567,0.010250495972994988,0
1595822420.2689576,239.4474376027758,0.010250495972994988,0
1595822420.2789485,241.24580510308098,0.010250495972994988,0
1595822420.2889485,243.0458033864672,0.010250495972994988,0
1595822420.2989547,244.84691746880364,0.010250495972994988,0
1595822420.3089566,246.64725907494378,0.010250495972994988,0
1595822420.3189616,248.448158580559,0.010250495972994988,0
1595822420.3289602,250.2478993718798,0.010250495972994988,0
1595822420.3389528,252.04656727959465,0.010250495972994988,0
1595822420.3489506,253.84617932488274,0.010250495972994988,0
1595822420.3589542,255.64682133843255,0.010250495972994988,0
1595822420.3689442,257.4450171773608,0.010250495972994988,0
1595822420.3789542,259.24681790520503,0.010250495972994988,0
1595822420.388959,261.04767449547603,0.010250495972994988,0
1595822420.39896,262.84788735558345,0.010250495972994988,0
1595822420.4089499,264.64604027916744,0.010250495972994988,0
1595822420.4189587,266.4476264302905,0.010250495972994988,0
1595822420.4289458,268.24530728508785,0.010250495972994988,0
1595822420.4389503,270.0461209600146,0.010250495972994988,0
1595822420.448954,271.84680588890865,0.010250495972994988,0
1595822420.4589472,273.64555962731197,0.010250495972994988,0
1595822420.4689577,275.4474461858447,0.010250495972994988,0
1595822420.478953,277.24658616234615,0.010250495972994988,0
1595822420.488943,279.0448249166186,0.010250495972994988,0
1595822420.4989462,280.84538109947994,0.010250495972994988,0
1595822420.5089574,282.64739640404537,0.010250495972994988,0
1595822420.518944,284.44499142815425,0.010250495972994988,0
1595822420.5289469,286.24550469567134,0.010250495972994988,0
1595822420.5389612,288.04807789971187,0.010250495972994988,0
1595822420.548952,289.84644540001705,0.010250495972994988,0
1595822420.558946,291.6453278844531,0.010250495972994988,0
1595822420.5689497,293.4460128133471,0.010250495972994988,0
1595822420.578956,295.24712689568355,0.010250495972994988,0
1595822420.5889492,297.0459235494311,0.010250495972994988,0
1595822420.5989573,298.84738095452144,0.010250495972994988,0
1595822420.6089435,300.64489014794185,0.010250495972994988,0
1595822420.6189573,302.4473775212939,0.010250495972994988,0
1595822420.628944,304.2449725454028,0.010250495972994988,0
1595822420.6389606,306.0479749028857,0.010250495972994988,0
1595822420.648961,307.8480590169604,0.010250495972994988,0
1595822420.6589532,309.6466410939868,0.010250495972994988,0
1595822420.6689522,311.44646771599605,0.010250495972994988,0
1595822420.6789587,313.2476247136767,0.010250495972994988,0
1595822420.6889484,315.0457776372607,0.010250495972994988,0
1595822420.6989553,316.84702046562984,0.010250495972994988,0
1595822420.7089553,318.64701874901607,0.010250495972994988,0
1595822420.7189476,320.4456437413867,0.010250495972994988,0
1595822420.728958,322.24748738457515,0.010250495972994988,0
1595822420.7389476,324.04564030815914,0.010250495972994988,0
1595822420.7489607,325.8479989354785,0.010250495972994988,0
1595822420.7589505,327.64615185906246,0.010250495972994988,0
1595822420.7689545,329.44687970330074,0.010250495972994988,0
1595822420.7789462,331.2453759496386,0.010250495972994988,0
1595822420.7889457,333.0452884023364,0.010250495972994988,0
1595822420.7989557,334.8470891301806,0.010250495972994988,0
1595822420.8089573,336.6473878209765,0.010250495972994988,0
1595822420.818957,338.4473431890185,0.010250495972994988,0
1595822420.8289495,340.2459681813891,0.010250495972994988,0
1595822420.8389595,342.04776890923335,0.010250495972994988,0
1595822420.8489566,343.8472522084887,0.010250495972994988,0
1595822420.8589525,345.6465209310229,0.010250495972994988,0
1595822420.8689473,347.4455750768359,0.010250495972994988,0
1595822420.8789554,349.2470324819262,0.010250495972994988,0
1595822420.8889587,351.0476315801318,0.010250495972994988,0
1595822420.8989515,352.8463424031909,0.010250495972994988,0
1595822420.9089448,354.64513905693843,0.010250495972994988,0
1595822420.9189546,356.44689686943843,0.010250495972994988,0
1595822420.9289606,358.2479680364306,0.010250495972994988,0
1595822420.9387088,360,0.010250495972994988,1
1595822420.9387088,0,0,0
1595822420.9487278,3.6492031516701706,0.010254286893027098,0
1595822420.9587276,5.449158519712163,0.010254286893027098,0
1595822420.9687178,7.247397273984624,0.010254286893027098,0
1595822420.978723,9.048339694944097,0.010254286893027098,0
1595822420.988709,10.84580597302027,0.010254286893027098,0
1595822420.9987192,12.647649616208746,0.010254286893027098,0
1595822421.008717,14.447261661496832,0.010254286893027098,0
1595822421.0187175,16.24734577557154,0.010254286893027098,0
1595822421.0287259,18.04884609600611,0.010254286893027098,0
1595822421.038718,19.847428173032476,0.010254286893027098,0
1595822421.048715,21.646911472287847,0.010254286893027098,0
1595822421.0587177,23.4473818244607,0.010254286893027098,0
1595822421.0687172,25.247294277158453,0.010254286893027098,0
1595822421.0787115,27.046262592282964,0.010254286893027098,0
1595822421.0887103,28.846046298948004,0.010254286893027098,0
1595822421.098718,30.64741787334986,0.010254286893027098,0
1595822421.108724,32.448531955686285,0.010254286893027098,0
1595822421.1187174,34.24732860943384,0.010254286893027098,0
1595822421.1287184,36.04749855419703,0.010254286893027098,0
1595822421.138726,37.84887012859888,0.010254286893027098,0
1595822421.1487103,39.646035999265386,0.010254286893027098,0
1595822421.1587157,41.4470213355691,0.010254286893027098,0
1595822421.168718,43.24744877239771,0.010254286893027098,0
1595822421.1787133,45.046588748899175,0.010254286893027098,0
1595822421.18872,46.84778866192408,0.010254286893027098,0
1595822421.1987252,48.64873108288355,0.010254286893027098,0
1595822421.2087243,50.44855770489283,0.010254286893027098,0
1595822421.2187266,52.24898514172144,0.010254286893027098,0
1595822421.2287233,54.048382610288336,0.010254286893027098,0
1595822421.2387257,55.84881004711695,0.010254286893027098,0
1595822421.2487173,57.64730629345484,0.010254286893027098,0
1595822421.2587125,59.446446269956304,0.010254286893027098,0
1595822421.268724,61.24850448986597,0.010254286893027098,0
1595822421.2787247,63.04863151928492,0.010254286893027098,0
1595822421.2887232,64.84837231060571,0.010254286893027098,0
1595822421.2987127,66.64648231884546,0.010254286893027098,0
1595822421.3087127,68.44648060223169,0.010254286893027098,0
1595822421.3187106,70.24609264751977,0.010254286893027098,0
1595822421.3287222,72.04819378277368,0.010254286893027098,0
1595822421.3387284,73.8493078651101,0.010254286893027098,0
1595822421.348727,75.6490486564309,0.010254286893027098,0
1595822421.3587203,77.44784531017847,0.010254286893027098,0
1595822421.3687177,79.24737152477807,0.010254286893027098,0
1595822421.3787107,81.0461252631814,0.010254286893027098,0
1595822421.3887134,82.84659561535425,0.010254286893027098,0
1595822421.3987162,84.64710888287134,0.010254286893027098,0
1595822421.408719,86.44762215038843,0.010254286893027098,0
1595822421.4187229,88.24830707928247,0.010254286893027098,0
1595822421.4287283,90.04929241558618,0.010254286893027098,0
1595822421.4387136,91.84662994762964,0.010254286893027098,0
1595822421.4487262,93.6489027442605,0.010254286893027098,0
1595822421.458714,95.44671234509057,0.010254286893027098,0
1595822421.468715,97.24688228985376,0.010254286893027098,0
1595822421.4787138,99.0466659965188,0.010254286893027098,0
1595822421.4887154,100.8469646873147,0.010254286893027098,0
1595822421.4987233,102.64837917706079,0.010254286893027098,0
1595822421.5087233,104.44837746044702,0.010254286893027098,0
1595822421.5187263,106.24893364330835,0.010254286893027098,0
1595822421.5287158,108.0470436515481,0.010254286893027098,0
1595822421.5387087,109.84575447460718,0.010254286893027098,0
1595822421.5487227,111.64828476330347,0.010254286893027098,0
1595822421.558727,113.44905552288598,0.010254286893027098,0
1595822421.5687141,115.24673637768335,0.010254286893027098,0
1595822421.5787168,117.0472067298562,0.010254286893027098,0
1595822421.588721,118.84797748943872,0.010254286893027098,0
1595822421.5987206,120.64788994213647,0.010254286893027098,0
1595822421.608715,122.44690117260522,0.010254286893027098,0
1595822421.618728,124.24921688458032,0.010254286893027098,0
1595822421.6287205,126.04788479229516,0.010254286893027098,0
1595822421.6387236,127.84844097515649,0.010254286893027098,0
1595822421.6487117,129.64629349133082,0.010254286893027098,0
1595822421.6587224,131.44822296520778,0.010254286893027098,0
1595822421.6687229,133.24830707928248,0.010254286893027098,0
1595822421.6787105,135.04607376476832,0.010254286893027098,0
1595822421.6887255,136.84877571484157,0.010254286893027098,0
1595822421.6987147,138.64684280773707,0.010254286893027098,0
1595822421.7087228,140.4483002128274,0.010254286893027098,0
1595822421.718718,142.24744018932887,0.010254286893027098,0
1595822421.7287166,144.04718098064967,0.010254286893027098,0
1595822421.7387102,145.84602054974147,0.010254286893027098,0
1595822421.7487142,147.64674839397975,0.010254286893027098,0
1595822421.758728,149.4492357673318,0.010254286893027098,0
1595822421.7687273,151.24910530468532,0.010254286893027098,0
1595822421.7787235,153.04841694256373,0.010254286893027098,0
1595822421.788718,154.84742817303248,0.010254286893027098,0
1595822421.7987149,156.64686855694362,0.010254286893027098,0
1595822421.808708,158.44562229534694,0.010254286893027098,0
1595822421.8187137,160.24665054699489,0.010254286893027098,0
1595822421.8287284,162.0493095817239,0.010254286893027098,0
1595822421.8387148,163.84686169048854,0.010254286893027098,0
1595822421.8487144,165.6467741431863,0.010254286893027098,0
1595822421.858725,167.44870361706325,0.010254286893027098,0
1595822421.8687093,169.24586948772975,0.010254286893027098,0
1595822421.8787212,171.0480135383279,0.010254286893027098,0
1595822421.8887277,172.84917053600856,0.010254286893027098,0
1595822421.8987095,174.64590725323268,0.010254286893027098,0
1595822421.9087248,176.44865211865016,0.010254286893027098,0
1595822421.91872,178.24779209515162,0.010254286893027098,0
1595822421.928725,180.04869160076686,0.010254286893027098,0
1595822421.9387095,181.8459003867776,0.010254286893027098,0
1595822421.9487097,183.64594158550807,0.010254286893027098,0
1595822421.9491227,183.72027096172877,0.010254286893027098,0
1595822421.9491227,183.72027096172877,0.010254286893027098,0
1595822421.9587224,185.44821438213893,0.010254286893027098,0
1595822421.9687212,187.24799808880397,0.010254286893027098,0
1595822421.9787185,189.04752430340358,0.010254286893027098,0
1595822421.988723,190.84833797833033,0.010254286893027098,0
1595822421.9987218,192.64812168499537,0.010254286893027098,0
