Type = Reachback Firefly,Function = Reachback Firefly (ln/e^),Refract = 0.1,Epsilon = 0.05,Start_phase = 0
Timestamp,Phase,Offset,Ping?
1595822457.0000184,0,0,0
1595822457.01003,1.8010282516479492,0.0,0
1595822457.020026,3.600296974182129,0.0,0
1595822457.030027,5.4004669189453125,0.0,0
1595822457.040041,7.202997207641602,0.0,0
1595822457.0500314,9.0012788772583,0.0,0
1595822457.0600266,10.800418853759766,0.0,0
1595822457.0700247,12.60007381439209,0.0,0
1595822457.080034,14.401745796203613,0.0,0
1595822457.0900407,16.202945709228516,0.0,0
1595822457.1000276,18.00058364868164,0.0,0
1595822457.110027,19.800496101379395,0.0,0
1595822457.120035,21.60191059112549,0.0,0
1595822457.1300411,23.403024673461914,0.0,0
1595822457.1400342,25.201778411865234,0.0,0
1595822457.1500301,27.001047134399414,0.0,0
1595822457.1600325,28.801474571228027,0.0,0
1595822457.1700346,30.601859092712402,0.0,0
1595822457.1800327,32.40151405334473,0.0,0
1595822457.1900358,34.202070236206055,0.0,0
1595822457.2000396,36.0027551651001,0.0,0
1595822457.2100294,37.80090808868408,0.0,0
1595822457.220038,39.60245132446289,0.0,0
1595822457.2300336,41.40167713165283,0.0,0
1595822457.240028,43.200645446777344,0.0,0
1595822457.2500384,45.00253200531006,0.0,0
1595822457.2600367,46.80222988128662,0.0,0
1595822457.270037,48.60227108001709,0.0,0
1595822457.2800252,50.400166511535645,0.0,0
1595822457.2900326,52.20149517059326,0.0,0
1595822457.3000343,54.00179386138916,0.0,0
1595822457.3100297,55.80097675323486,0.0,0
1595822457.3200252,57.600159645080566,0.0,0
1595822457.330032,59.40140247344971,0.0,0
1595822457.3400288,61.2007999420166,0.0,0
1595822457.350033,63.00157070159912,0.0,0
1595822457.3600266,64.80041027069092,0.0,0
1595822457.3700264,66.60036563873291,0.0,0
1595822457.380039,68.40263843536377,0.0,0
1595822457.390037,70.2022933959961,0.0,0
1595822457.4000287,72.00078964233398,0.0,0
1595822457.4100292,73.80087375640869,0.0,0
1595822457.4200315,75.6013011932373,0.0,0
1595822457.4300408,77.40297317504883,0.0,0
1595822457.4400356,79.20202732086182,0.0,0
1595822457.4500425,81.00327014923096,0.0,0
1595822457.460029,82.8008222579956,0.0,0
1595822457.4700367,84.6022367477417,0.0,0
1595822457.4800308,86.40116214752197,0.0,0
1595822457.4900377,88.20240497589111,0.0,0
1595822457.500032,90.00137329101562,0.0,0
1595822457.51004,91.80283069610596,0.0,0
1595822457.5200357,93.6020565032959,0.0,0
1595822457.5300243,95.39999485015869,0.0,0
1595822457.5400271,97.20050811767578,0.0,0
1595822457.5500255,99.00020599365234,0.0,0
1595822457.5600278,100.80063343048096,0.0,0
1595822457.570031,102.60118961334229,0.0,0
1595822457.5800414,104.403076171875,0.0,0
1595822457.5900354,106.20200157165527,0.0,0
1595822457.600025,108.00011157989502,0.0,0
1595822457.6100316,109.80131149291992,0.0,0
1595822457.6200256,111.6002368927002,0.0,0
1595822457.6300323,113.4014368057251,0.0,0
1595822457.6400385,115.20255088806152,0.0,0
1595822457.650038,117.00246334075928,0.0,0
1595822457.6600351,118.80194664001465,0.0,0
1595822457.6700287,120.60078620910645,0.0,0
1595822457.680024,122.39992618560791,0.0,0
1595822457.6900408,124.20297145843506,0.0,0
1595822457.7000248,126.00009441375732,0.0,0
1595822457.710033,127.80155181884766,0.0,0
1595822457.7200246,129.60004806518555,0.0,0
1595822457.7300413,131.40305042266846,0.0,0
1595822457.7400405,133.20291996002197,0.0,0
1595822457.750038,135.00244617462158,0.0,0
1595822457.760039,136.802659034729,0.0,0
1595822457.770034,138.60175609588623,0.0,0
1595822457.7800336,140.40166854858398,0.0,0
1595822457.790024,142.19995021820068,0.0,0
1595822457.800033,144.00157928466797,0.0,0
1595822457.810034,145.80174922943115,0.0,0
1595822457.82004,147.60282039642334,0.0,0
1595822457.8300242,149.39998626708984,0.0,0
1595822457.8400383,151.20251655578613,0.0,0
1595822457.8500407,153.00294399261475,0.0,0
1595822457.8600285,154.80075359344482,0.0,0
1595822457.8700294,156.600923538208,0.0,0
1595822457.880042,158.40319633483887,0.0,0
1595822457.8900254,160.20019054412842,0.0,0
1595822457.900035,162.00190544128418,0.0,0
1595822457.910025,163.8001012802124,0.0,0
1595822457.9200277,165.6006145477295,0.0,0
1595822457.9300375,167.4023723602295,0.0,0
1595822457.9400353,169.20198440551758,0.0,0
1595822457.9500296,171.0009527206421,0.0,0
1595822457.9600298,172.80099391937256,0.0,0
1595822457.970041,174.603009223938,0.0,0
1595822457.980032,176.40137672424316,0.0,0
1595822457.9900317,178.20133209228516,0.0,0
1595822458.0000303,180.00107288360596,0.0,0
1595822458.0100272,181.8005132675171,0.0,0
1595822458.0101454,181.82179927825928,0.0,0
1595822458.0101454,181.82179927825928,0.0,0
1595822458.0200357,183.6020565032959,0.0,0
1595822458.0300243,185.3999948501587,0.0,0
1595822458.040031,187.2011947631836,0.0,0
1595822458.05003,189.00102138519287,0.0,0
1595822458.0600386,190.80256462097168,0.0,0
1595822458.0700366,192.602219581604,0.0,0
1595822458.0800316,194.40131664276123,0.0,0
1595822458.0900364,196.20217323303223,0.0,0
1595822458.100036,198.00208568572998,0.0,0
1595822458.1100342,199.80178356170654,0.0,0
1595822458.1200402,201.60285472869873,0.0,0
1595822458.1300313,203.40126514434814,0.0,0
1595822458.1400366,205.20220756530762,0.0,0
1595822458.1500394,207.0027208328247,0.0,0
1595822458.1600413,208.80306243896484,0.0,0
1595822458.1700282,210.60070037841797,0.0,0
1595822458.1800244,212.4000120162964,0.0,0
1595822458.1900392,214.2026710510254,0.0,0
1595822458.2000277,216.00060939788818,0.0,0
1595822458.2100239,217.7999210357666,0.0,0
1595822458.2200394,219.60270881652832,0.0,0
1595822458.230037,221.40227794647217,0.0,0
1595822458.240035,223.2019329071045,0.0,0
1595822458.250038,225.00244617462158,0.0,0
1595822458.2600396,226.80274486541748,0.0,0
1595822458.270032,228.6013698577881,0.0,0
1595822458.280026,230.40029525756836,0.0,0
1595822458.2900398,232.2027826309204,0.0,0
1595822458.3000321,234.00140762329102,0.0,0
1595822458.3100336,235.80166339874268,0.0,0
1595822458.32004,237.60282039642334,0.0,0
1595822458.3300385,239.40256118774414,0.0,0
1595822458.3400285,241.20075702667236,0.0,0
1595822458.3500316,243.0013132095337,0.0,0
1595822458.360023,244.79976654052734,0.0,0
1595822458.370037,246.60229682922363,0.0,0
1595822458.380035,248.40190887451172,0.0,0
1595822458.3900344,250.20182132720947,0.0,0
1595822458.4000247,252.00006008148193,0.0,0
1595822458.41003,253.8010025024414,0.0,0
1595822458.4200234,255.5998420715332,0.0,0
1595822458.4300332,257.4015998840332,0.0,0
1595822458.4400394,259.20271396636963,0.0,0
1595822458.4500406,261.00292682647705,0.0,0
1595822458.4600303,262.80107975006104,0.0,0
1595822458.470037,264.60227966308594,0.0,0
1595822458.480039,266.4026212692261,0.0,0
1595822458.4900317,268.20133209228516,0.0,0
1595822458.5000303,270.00107288360596,0.0,0
1595822458.5100238,271.79991245269775,0.0,0
1595822458.5200348,273.60188484191895,0.0,0
1595822458.5300293,275.4008960723877,0.0,0
1595822458.5400372,277.2023105621338,0.0,0
1595822458.5500336,279.00166511535645,0.0,0
1595822458.5600245,280.8000326156616,0.0,0
1595822458.570033,282.60157585144043,0.0,0
1595822458.5800323,284.40144538879395,0.0,0
1595822458.5900264,286.2003707885742,0.0,0
1595822458.6000373,288.0023431777954,0.0,0
1595822458.6100364,289.8021697998047,0.0,0
1595822458.6200364,291.6021680831909,0.0,0
1595822458.6300251,293.40014934539795,0.0,0
1595822458.6400259,295.2002763748169,0.0,0
1595822458.6500309,297.00117588043213,0.0,0
1595822458.660028,298.8006591796875,0.0,0
1595822458.6700408,300.6029748916626,0.0,0
1595822458.6800277,302.4006128311157,0.0,0
1595822458.6900306,304.2011260986328,0.0,0
1595822458.7000282,306.00069522857666,0.0,0
1595822458.710034,307.8017234802246,0.0,0
1595822458.7200277,309.60060596466064,0.0,0
1595822458.7300394,311.40270709991455,0.0,0
1595822458.7400346,313.201847076416,0.0,0
1595822458.750036,315.0021028518677,0.0,0
1595822458.7600274,316.8005561828613,0.0,0
1595822458.7700362,318.6021423339844,0.0,0
1595822458.7800353,320.40196895599365,0.0,0
1595822458.790027,322.20046520233154,0.0,0
1595822458.800031,324.0011930465698,0.0,0
1595822458.810024,325.79994678497314,0.0,0
1595822458.8200357,327.60204792022705,0.0,0
1595822458.8300366,329.40221786499023,0.0,0
1595822458.840033,331.2015724182129,0.0,0
1595822458.8500392,333.0026865005493,0.0,0
1595822458.8600354,334.80199813842773,0.0,0
1595822458.8700242,336.59997940063477,0.0,0
1595822458.880026,338.4003210067749,0.0,0
1595822458.890037,340.2022933959961,0.0,0
1595822458.9000354,342.00199127197266,0.0,0
1595822458.910035,343.8019037246704,0.0,0
1595822458.9200249,345.60009956359863,0.0,0
1595822458.9300332,347.4015998840332,0.0,0
1595822458.9400384,349.2025423049927,0.0,0
1595822458.9500232,350.99979400634766,0.0,0
1595822458.9600234,352.7998352050781,0.0,0
1595822458.9700308,354.60116386413574,0.0,0
1595822458.9800255,356.40021800994873,0.0,0
1595822458.9900284,358.2007312774658,0.0,0
1595822459.0000267,360,0.0,1
1595822459.0000267,0,0,0
1595822459.0100286,11.122544600197859,0.05179001663365401,0
1595822459.020036,12.923873259255476,0.05179001663365401,0
1595822459.030027,14.722240759560652,0.05179001663365401,0
1595822459.0400267,16.522196127602644,0.05179001663365401,0
1595822459.050033,18.323353125283308,0.05179001663365401,0
1595822459.0600448,20.125454260537214,0.05179001663365401,0
1595822459.070033,21.92334969205577,0.05179001663365401,0
1595822459.080028,23.722446753212996,0.05179001663365401,0
1595822459.0900447,25.525449110695906,0.05179001663365401,0
1595822459.1000383,27.324288679787703,0.05179001663365401,0
1595822459.1100361,29.12390072507579,0.05179001663365401,0
1595822459.1200292,30.92265446347911,0.05179001663365401,0
1595822459.1300387,32.72436936063487,0.05179001663365401,0
1595822459.140028,34.522436453530375,0.05179001663365401,0
1595822459.1500347,36.32363636655528,0.05179001663365401,0
1595822459.1600316,38.12307675046641,0.05179001663365401,0
1595822459.1700318,39.92311794919688,0.05179001663365401,0
1595822459.180038,41.724232031533305,0.05179001663365401,0
1595822459.1900318,43.52311451596934,0.05179001663365401,0
1595822459.2000408,45.324743582436625,0.05179001663365401,0
1595822459.210033,47.12332565946299,0.05179001663365401,0
1595822459.2200384,48.9243109957667,0.05179001663365401,0
1595822459.2300272,50.722292257973734,0.05179001663365401,0
1595822459.240029,52.52263386411387,0.05179001663365401,0
1595822459.2500436,54.32524998349864,0.05179001663365401,0
1595822459.260031,56.12297375364024,0.05179001663365401,0
1595822459.27004,57.92460282010752,0.05179001663365401,0
1595822459.2800286,59.722541166970316,0.05179001663365401,0
1595822459.2900367,61.52399857206065,0.05179001663365401,0
1595822459.3000445,63.32541306180674,0.05179001663365401,0
1595822459.310029,65.12262184781748,0.05179001663365401,0
1595822459.3200397,66.92455132169444,0.05179001663365401,0
1595822459.3300269,68.7222321764918,0.05179001663365401,0
1595822459.3400323,70.52321751279551,0.05179001663365401,0
1595822459.3500407,72.32471783323008,0.05179001663365401,0
1595822459.3600302,74.12282784146983,0.05179001663365401,0
1595822459.3700292,75.9226544634791,0.05179001663365401,0
1595822459.3800442,77.72535641355235,0.05179001663365401,0
1595822459.3900447,79.52544052762705,0.05179001663365401,0
1595822459.4000287,81.32256348294932,0.05179001663365401,0
1595822459.4100356,83.12380631131846,0.05179001663365401,0
1595822459.4200447,84.92543537778575,0.05179001663365401,0
1595822459.4300277,86.72238667173106,0.05179001663365401,0
1595822459.4400375,88.52414448423106,0.05179001663365401,0
1595822459.4500337,90.32345612210948,0.05179001663365401,0
1595822459.4600427,92.12508518857676,0.05179001663365401,0
1595822459.470028,93.92242272062022,0.05179001663365401,0
1595822459.4800324,95.72323639554698,0.05179001663365401,0
1595822459.4900272,97.52229054135996,0.05179001663365401,0
1595822459.500036,99.32387669248301,0.05179001663365401,0
1595822459.510034,101.12353165311534,0.05179001663365401,0
1595822459.5200322,102.92318661374766,0.05179001663365401,0
1595822459.5300317,104.72309906644541,0.05179001663365401,0
1595822459.5400388,106.5243848101588,0.05179001663365401,0
1595822459.550043,108.32515556974131,0.05179001663365401,0
1595822459.5600326,110.12326557798106,0.05179001663365401,0
1595822459.5700366,111.92399342221934,0.05179001663365401,0
1595822459.5800326,113.72326214475352,0.05179001663365401,0
1595822459.5900288,115.52257378263194,0.05179001663365401,0
1595822459.6000428,117.32510407132823,0.05179001663365401,0
1595822459.6100433,119.12518818540293,0.05179001663365401,0
1595822459.6200306,120.92291195554454,0.05179001663365401,0
1595822459.6300323,122.72321064634043,0.05179001663365401,0
1595822459.6400404,124.52466805143077,0.05179001663365401,0
1595822459.6500278,126.32239182157237,0.05179001663365401,0
1595822459.660044,128.12530834836681,0.05179001663365401,0
1595822459.6700284,129.92251713437756,0.05179001663365401,0
1595822459.680043,131.72513325376232,0.05179001663365401,0
1595822459.6900265,133.5221703783961,0.05179001663365401,0
1595822459.7000313,135.3230269686671,0.05179001663365401,0
1595822459.710043,137.125128103921,0.05179001663365401,0
1595822459.7200358,138.9238389269801,0.05179001663365401,0
1595822459.7300317,140.72310764951428,0.05179001663365401,0
1595822459.7400367,142.5240071551295,0.05179001663365401,0
1595822459.7500386,144.32434876126965,0.05179001663365401,0
1595822459.7600424,146.1250336901637,0.05179001663365401,0
1595822459.7700303,147.92284329099377,0.05179001663365401,0
1595822459.7800355,149.72378571195324,0.05179001663365401,0
1595822459.790035,151.523698164651,0.05179001663365401,0
1595822459.8000355,153.3237822787257,0.05179001663365401,0
1595822459.8100371,155.1240809695216,0.05179001663365401,0
1595822459.8200376,156.9241650835963,0.05179001663365401,0
1595822459.8300328,158.72330506009777,0.05179001663365401,0
1595822459.8400335,160.52343208951672,0.05179001663365401,0
1595822459.8500395,162.3245032565089,0.05179001663365401,0
1595822459.860044,164.12531693143566,0.05179001663365401,0
1595822459.8700287,165.92256863279064,0.05179001663365401,0
1595822459.880039,167.72441227597912,0.05179001663365401,0
1595822459.8900375,169.52415306729992,0.05179001663365401,0
1595822459.9000404,171.324666334817,0.05179001663365401,0
1595822459.910026,173.12208969754894,0.05179001663365401,0
1595822459.9200404,174.92466290158947,0.05179001663365401,0
1595822459.9300404,176.7246611849757,0.05179001663365401,0
1595822459.9400425,178.52504570646008,0.05179001663365401,0
1595822459.9500282,180.322469069192,0.05179001663365401,0
1595822459.9600337,182.12345440549572,0.05179001663365401,0
1595822459.9700367,183.92401058835705,0.05179001663365401,0
1595822459.98004,185.72460968656262,0.05179001663365401,0
1595822459.9900386,187.52435047788342,0.05179001663365401,0
1595822460.000044,189.32533581418713,0.05179001663365401,0
1595822460.0091345,190.96161205930431,0.05179001663365401,0
1595822460.0091345,190.96161205930431,0.05179001663365401,0
1595822460.0100353,191.12374622983654,0.05179001663365401,0
1595822460.0200274,192.9223283068629,0.05179001663365401,0
1595822460.0300264,194.7221549288722,0.05179001663365401,0
1595822460.0400279,196.52241070432385,0.05179001663365401,0
1595822460.050044,198.32532723111828,0.05179001663365401,0
1595822460.0600295,200.12270767850598,0.05179001663365401,0
1595822460.0700374,201.92412216825207,0.05179001663365401,0
1595822460.0800276,203.72236092252453,0.05179001663365401,0
1595822460.090034,205.5235179202052,0.05179001663365401,0
1595822460.100032,207.32317288083752,0.05179001663365401,0
1595822460.1100318,209.1231282488795,0.05179001663365401,0
1595822460.1200264,210.92213947934826,0.05179001663365401,0
1595822460.130035,212.72368271512707,0.05179001663365401,0
1595822460.1400409,214.52475388211926,0.05179001663365401,0
1595822460.1500347,216.3236363665553,0.05179001663365401,0
1595822460.1600327,218.12329132718762,0.05179001663365401,0
1595822460.170044,219.92530663175305,0.05179001663365401,0
1595822460.1800265,221.72217209500988,0.05179001663365401,0
1595822460.1900399,223.52457363767346,0.05179001663365401,0
1595822460.2000265,225.32216866178234,0.05179001663365401,0
1595822460.2100384,227.1243127123805,0.05179001663365401,0
1595822460.2200377,228.924182249734,0.05179001663365401,0
1595822460.2300255,230.72199185056408,0.05179001663365401,0
1595822460.2400267,232.5222047106715,0.05179001663365401,0
1595822460.2500298,234.32276089353283,0.05179001663365401,0
1595822460.2600336,236.12344582242687,0.05179001663365401,0
1595822460.2700303,237.92284329099377,0.05179001663365401,0
1595822460.2800422,239.7249873415919,0.05179001663365401,0
1595822460.2900357,241.5238269106837,0.05179001663365401,0
1595822460.300038,243.32425434751232,0.05179001663365401,0
1595822460.3100388,245.12438137693127,0.05179001663365401,0
1595822460.3200324,246.92322094602306,0.05179001663365401,0
1595822460.3300347,248.72364838285168,0.05179001663365401,0
1595822460.3400419,250.52493412656506,0.05179001663365401,0
1595822460.350029,252.32261498136242,0.05179001663365401,0
1595822460.3600335,254.12342865628918,0.05179001663365401,0
1595822460.3700306,255.92291195554455,0.05179001663365401,0
1595822460.3800309,257.722953154275,0.05179001663365401,0
1595822460.3900266,259.52217896146493,0.05179001663365401,0
1595822460.400039,261.32440884275155,0.05179001663365401,0
1595822460.410032,263.1231625811549,0.05179001663365401,0
1595822460.4200404,264.92466290158944,0.05179001663365401,0
1595822460.4300308,266.72294457120614,0.05179001663365401,0
1595822460.440029,268.52259953183847,0.05179001663365401,0
1595822460.4500399,270.32457192105966,0.05179001663365401,0
1595822460.460028,272.122424437234,0.05179001663365401,0
1595822460.4700344,273.92358143491464,0.05179001663365401,0
1595822460.4800344,275.72357971830087,0.05179001663365401,0
1595822460.4900382,277.5242646471949,0.05179001663365401,0
1595822460.5000405,279.3246920840235,0.05179001663365401,0
1595822460.5100303,281.1228450076075,0.05179001663365401,0
1595822460.5200367,282.9240020052882,0.05179001663365401,0
1595822460.5300426,284.72507317228036,0.05179001663365401,0
1595822460.540031,286.5229686037989,0.05179001663365401,0
1595822460.5500343,288.3235677020045,0.05179001663365401,0
1595822460.5600362,290.1239093081446,0.05179001663365401,0
1595822460.57003,291.92279179258065,0.05179001663365401,0
1595822460.5800328,293.72330506009774,0.05179001663365401,0
1595822460.5900435,295.5252345339747,0.05179001663365401,0
1595822460.6000397,297.3245461718531,0.05179001663365401,0
1595822460.6100411,299.1248019473048,0.05179001663365401,0
1595822460.620042,300.92497189206796,0.05179001663365401,0
1595822460.6300285,302.7225240008326,0.05179001663365401,0
1595822460.6400256,304.522007300088,0.05179001663365401,0
1595822460.6500278,306.32239182157235,0.05179001663365401,0
1595822460.6600266,308.1221755282374,0.05179001663365401,0
1595822460.670039,309.924405409524,0.05179001663365401,0
1595822460.6800268,311.7222150103541,0.05179001663365401,0
1595822460.6900272,313.5222991244288,0.05179001663365401,0
1595822460.7000332,315.323370291421,0.05179001663365401,0
1595822460.710039,317.12439854306893,0.05179001663365401,0
1595822460.7200282,318.92246563596444,0.05179001663365401,0
1595822460.7300298,320.72276432676034,0.05179001663365401,0
1595822460.7400298,322.5227626101466,0.05179001663365401,0
1595822460.750026,324.322074248025,0.05179001663365401,0
1595822460.760038,326.12421829862313,0.05179001663365401,0
1595822460.7700353,327.92374451322274,0.05179001663365401,0
1595822460.7800255,329.7219832674952,0.05179001663365401,0
1595822460.7900403,331.5246423022242,0.05179001663365401,0
1595822460.8000422,333.32498390836435,0.05179001663365401,0
1595822460.8100386,335.124338461587,0.05179001663365401,0
1595822460.8200414,336.9248517291041,0.05179001663365401,0
1595822460.830042,338.7249358431788,0.05179001663365401,0
1595822460.8400264,340.52214462918954,0.05179001663365401,0
1595822460.8500357,342.32381661100106,0.05179001663365401,0
1595822460.860027,344.1222699419947,0.05179001663365401,0
1595822460.8700418,345.9249289767237,0.05179001663365401,0
1595822460.8800251,347.72192318601327,0.05179001663365401,0
1595822460.890025,349.52187855405526,0.05179001663365401,0
1595822460.9000273,351.3223059908839,0.05179001663365401,0
1595822460.9100404,353.1246646182032,0.05179001663365401,0
1595822460.9200308,354.9229462878199,0.05179001663365401,0
1595822460.9300258,356.72204334897714,0.05179001663365401,0
1595822460.9400425,358.52504570646005,0.05179001663365401,0
1595822460.9482439,360,0.05179001663365401,1
1595822460.9482439,0,0,0
1595822460.9582453,11.591066991465171,0.054393395644519504,0
1595822460.968257,13.393168126719077,0.054393395644519504,0
1595822460.9782577,15.193295156138023,0.054393395644519504,0
1595822460.9882612,16.993937169687825,0.054393395644519504,0
1595822460.99825,18.791918431894857,0.054393395644519504,0
1595822461.008258,20.59337583698519,0.054393395644519504,0
1595822461.0182502,22.391957914011556,0.054393395644519504,0
1595822461.0282617,24.194016133921224,0.054393395644519504,0
1595822461.0382466,25.991310750620443,0.054393395644519504,0
1595822461.0482593,27.793583547251302,0.054393395644519504,0
1595822461.0582476,29.591478978769857,0.054393395644519504,0
1595822461.0682595,31.393623029368,0.054393395644519504,0
1595822461.078261,33.19387880481966,0.054393395644519504,0
1595822461.0882459,34.99117342151888,0.054393395644519504,0
1595822461.0982585,36.79344621814974,0.054393395644519504,0
1595822461.108247,38.59138456501253,0.054393395644519504,0
1595822461.1182497,40.391854917185384,0.054393395644519504,0
1595822461.1282442,42.190866147654134,0.054393395644519504,0
1595822461.1382616,43.99399725116976,0.054393395644519504,0
1595822461.1482437,45.79077688373812,0.054393395644519504,0
1595822461.1582465,47.59129015125521,0.054393395644519504,0
1595822461.1682594,49.393605863230306,0.054393395644519504,0
1595822461.178255,51.19283167042025,0.054393395644519504,0
1595822461.1882584,52.993430768625814,0.054393395644519504,0
1595822461.1982515,54.792184507029134,0.054393395644519504,0
1595822461.2082458,56.591152822153646,0.054393395644519504,0
1595822461.2182438,58.39080778278597,0.054393395644519504,0
1595822461.2282462,60.19123521961458,0.054393395644519504,0
1595822461.2382562,61.99303594745882,0.054393395644519504,0
1595822461.2482533,63.79251924671419,0.054393395644519504,0
1595822461.2582436,65.59075800098665,0.054393395644519504,0
1595822461.2682607,67.39384618915804,0.054393395644519504,0
1595822461.2782574,69.19324365772493,0.054393395644519504,0
1595822461.2882555,70.99289861835726,0.054393395644519504,0
1595822461.2982612,72.79392687000521,0.054393395644519504,0
1595822461.3082488,74.59169355549105,0.054393395644519504,0
1595822461.318262,76.39409509815462,0.054393395644519504,0
1595822461.328256,78.19297758259066,0.054393395644519504,0
1595822461.3382564,79.99306169666536,0.054393395644519504,0
1595822461.3482485,81.79164377369173,0.054393395644519504,0
1595822461.3582535,83.59254327930697,0.054393395644519504,0
1595822461.3682537,85.39258447803743,0.054393395644519504,0
1595822461.3782454,87.19108072437533,0.054393395644519504,0
1595822461.3882556,88.9929243675638,0.054393395644519504,0
1595822461.3982592,90.7935663811136,0.054393395644519504,0
1595822461.4082556,92.59292093433626,0.054393395644519504,0
1595822461.4182575,94.3932625404764,0.054393395644519504,0
1595822461.4282525,96.19235960163363,0.054393395644519504,0
1595822461.4382484,97.9916283241678,0.054393395644519504,0
1595822461.4482586,99.79347196735628,0.054393395644519504,0
1595822461.4582446,101.59093824543245,0.054393395644519504,0
1595822461.4682572,103.39321104206331,0.054393395644519504,0
1595822461.4782522,105.19230810322054,0.054393395644519504,0
1595822461.4882572,106.99320760883577,0.054393395644519504,0
1595822461.4982586,108.79346338428743,0.054393395644519504,0
1595822461.5082583,110.59341875232943,0.054393395644519504,0
1595822461.5182536,112.39255872883089,0.054393395644519504,0
1595822461.528244,114.19084039844759,0.054393395644519504,0
1595822461.5382614,115.99397150196322,0.054393395644519504,0
1595822461.5482564,117.79306856312044,0.054393395644519504,0
1595822461.5582566,119.59310976185091,0.054393395644519504,0
1595822461.568251,121.39207807697542,0.054393395644519504,0
1595822461.5782473,123.19143263019808,0.054393395644519504,0
1595822461.588248,124.99155965961702,0.054393395644519504,0
1595822461.5982583,126.7934033028055,0.054393395644519504,0
1595822461.6082506,128.5920282951761,0.054393395644519504,0
1595822461.6182454,130.3910824409891,0.054393395644519504,0
1595822461.6282582,132.1933981529642,0.054393395644519504,0
1595822461.6382513,133.9921518913675,0.054393395644519504,0
1595822461.6482491,135.7917639366556,0.054393395644519504,0
1595822461.658248,137.59154764332064,0.054393395644519504,0
1595822461.6682496,139.39184633411654,0.054393395644519504,0
1595822461.6782515,141.19218794025667,0.054393395644519504,0
1595822461.6882563,142.99304453052767,0.054393395644519504,0
1595822461.6982508,144.79205576099642,0.054393395644519504,0
1595822461.7082455,146.5911099068094,0.054393395644519504,0
1595822461.7182508,148.39205232776888,0.054393395644519504,0
1595822461.7282546,150.19273725666292,0.054393395644519504,0
1595822461.7382598,151.9936796776224,0.054393395644519504,0
1595822461.748244,153.7908455482889,0.054393395644519504,0
1595822461.7582495,155.5918308845926,0.054393395644519504,0
1595822461.7682612,157.39393201984652,0.054393395644519504,0
1595822461.7782483,159.19161287464388,0.054393395644519504,0
1595822461.7882454,160.99109617389925,0.054393395644519504,0
1595822461.7982433,162.79070821918734,0.054393395644519504,0
1595822461.808256,164.5929810158182,0.054393395644519504,0
1595822461.8182583,166.3934084526468,0.054393395644519504,0
1595822461.828254,168.19263425983675,0.054393395644519504,0
1595822461.8382485,169.9916454903055,0.054393395644519504,0
1595822461.848247,171.7913862816263,0.054393395644519504,0
1595822461.8582523,173.59232870258577,0.054393395644519504,0
1595822461.8682513,175.39215532459505,0.054393395644519504,0
1595822461.8782494,177.19181028522738,0.054393395644519504,0
1595822461.8882527,178.99240938343294,0.054393395644519504,0
1595822461.8982549,180.79279390491732,0.054393395644519504,0
1595822461.9082537,182.59257761158236,0.054393395644519504,0
1595822461.9182491,184.39176050342806,0.054393395644519504,0
1595822461.9282565,186.19308916248568,0.054393395644519504,0
1595822461.938259,187.9935165993143,0.054393395644519504,0
1595822461.9482548,189.79278532184847,0.054393395644519504,0
1595822461.9579892,191.54497591175326,0.054393395644519504,0
1595822461.9579892,191.54497591175326,0.054393395644519504,0
1595822461.958244,191.59085241474398,0.054393395644519504,0
1595822461.9682515,193.3921810738016,0.054393395644519504,0
1595822461.978252,195.1922651878763,0.054393395644519504,0
1595822461.9882488,196.99170557178743,0.054393395644519504,0
1595822461.9982464,198.79127470173128,0.054393395644519504,0
1595822462.0082526,200.5923887840677,0.054393395644519504,0
1595822462.0182574,202.3932453743387,0.054393395644519504,0
1595822462.0282447,204.1909691444803,0.054393395644519504,0
1595822462.038249,205.99173990406283,0.054393395644519504,0
1595822462.0482504,207.79199567951449,0.054393395644519504,0
1595822462.0582566,209.5931097618509,0.054393395644519504,0
1595822462.068244,211.3908335319925,0.054393395644519504,0
1595822462.0782566,213.19310632862337,0.054393395644519504,0
1595822462.0882509,214.99207464374788,0.054393395644519504,0
1595822462.0982487,216.79168668903597,0.054393395644519504,0
1595822462.1082442,218.59086958088167,0.054393395644519504,0
1595822462.1182587,220.39348570026644,0.054393395644519504,0
1595822462.1282492,222.19176736988314,0.054393395644519504,0
1595822462.1382437,223.9907786003519,0.054393395644519504,0
1595822462.1482608,225.79386678852327,0.054393395644519504,0
1595822462.1582503,227.59197679676302,0.054393395644519504,0
1595822462.1682463,229.3912455192972,0.054393395644519504,0
1595822462.178252,231.19227377094515,0.054393395644519504,0
1595822462.1882555,232.99291578449495,0.054393395644519504,0
1595822462.1982439,234.7908112160135,0.054393395644519504,0
1595822462.2082505,236.5920111290384,0.054393395644519504,0
1595822462.2182558,238.39295354999788,0.054393395644519504,0
1595822462.228243,240.19067732013949,0.054393395644519504,0
1595822462.2382474,241.991448079722,0.054393395644519504,0
1595822462.2482467,243.79131761707552,0.054393395644519504,0
1595822462.2582526,245.5923887840677,0.054393395644519504,0
1595822462.2682517,247.39221540607699,0.054393395644519504,0
1595822462.2782433,249.19071165241488,0.054393395644519504,0
1595822462.2882607,250.9938427559305,0.054393395644519504,0
1595822462.298248,252.7915665260721,0.054393395644519504,0
1595822462.3082561,254.59302393116243,0.054393395644519504,0
1595822462.3182611,256.3939234367777,0.054393395644519504,0
1595822462.3282557,258.19293466724645,0.054393395644519504,0
1595822462.3382535,259.99254671253453,0.054393395644519504,0
1595822462.3482533,261.7925020805765,0.054393395644519504,0
1595822462.3582542,263.5926720253397,0.054393395644519504,0
1595822462.3682587,265.39348570026647,0.054393395644519504,0
1595822462.378259,267.19352689899694,0.054393395644519504,0
1595822462.3882427,268.99060693897496,0.054393395644519504,0
1595822462.3982453,270.7910772911478,0.054393395644519504,0
1595822462.4082541,272.59266344227086,0.054393395644519504,0
1595822462.4182596,274.3936487785746,0.054393395644519504,0
1595822462.4282532,276.19248834766637,0.054393395644519504,0
1595822462.4382513,277.9921433082987,0.054393395644519504,0
1595822462.4482517,279.7922274223734,0.054393395644519504,0
1595822462.4582498,281.5918823830057,0.054393395644519504,0
1595822462.4682546,283.3927389732767,0.054393395644519504,0
1595822462.4782486,285.191664373057,0.054393395644519504,0
1595822462.488246,286.9911905876566,0.054393395644519504,0
1595822462.4982471,288.791403447764,0.054393395644519504,0
1595822462.508253,290.5924746147562,0.054393395644519504,0
1595822462.5182474,292.3914429298807,0.054393395644519504,0
1595822462.5282536,294.19255701221715,0.054393395644519504,0
1595822462.5382597,295.9936710945536,0.054393395644519504,0
1595822462.5482442,297.7908798805643,0.054393395644519504,0
1595822462.55825,299.59190813221227,0.054393395644519504,0
1595822462.5682561,301.3930222145487,0.054393395644519504,0
1595822462.5782483,303.19160429157506,0.054393395644519504,0
1595822462.5882514,304.9921604744364,0.054393395644519504,0
1595822462.5982544,306.7927166572977,0.054393395644519504,0
1595822462.608249,308.59172788776647,0.054393395644519504,0
1595822462.618256,310.39301363147985,0.054393395644519504,0
1595822462.6282454,312.19108072437535,0.054393395644519504,0
1595822462.6382546,313.9927527061869,0.054393395644519504,0
1595822462.6482584,315.7934376350809,0.054393395644519504,0
1595822462.658254,317.5926205269266,0.054393395644519504,0
1595822462.6682425,319.3905588737894,0.054393395644519504,0
1595822462.6782548,321.19278875507604,0.054393395644519504,0
1595822462.688245,322.9910275093485,0.054393395644519504,0
1595822462.6982434,324.79072538532506,0.054393395644519504,0
1595822462.7082562,326.59304109730016,0.054393395644519504,0
1595822462.7182508,328.3920523277689,0.054393395644519504,0
1595822462.728258,330.1933380714823,0.054393395644519504,0
1595822462.7382607,331.9938513389994,0.054393395644519504,0
1595822462.7482548,333.79277673877965,0.054393395644519504,0
1595822462.758255,335.5928179375101,0.054393395644519504,0
1595822462.7682498,337.3918720833231,0.054393395644519504,0
1595822462.7782507,339.1920420280863,0.054393395644519504,0
1595822462.7882557,340.9929415337015,0.054393395644519504,0
1595822462.7982428,342.7906223884989,0.054393395644519504,0
1595822462.8082433,344.5907065025736,0.054393395644519504,0
1595822462.8182578,346.39332262195836,0.054393395644519504,0
1595822462.82825,348.19190469898473,0.054393395644519504,0
1595822462.8382452,349.9910446754862,0.054393395644519504,0
1595822462.848257,351.79318872608434,0.054393395644519504,0
1595822462.8582428,353.5906120888163,0.054393395644519504,0
1595822462.8682494,355.3918120018412,0.054393395644519504,0
1595822462.8782485,357.19163862385045,0.054393395644519504,0
1595822462.888251,358.9921089760233,0.054393395644519504,0
1595822462.8938594,360,0.054393395644519504,1
1595822462.8938594,0,0,0
1595822462.9038765,11.623809108486096,0.05455956066841505,0
1595822462.9138684,13.422348270168225,0.05455956066841505,0
1595822462.9238677,15.22221780752174,0.05455956066841505,0
1595822462.9338694,17.02251649831764,0.05455956066841505,0
1595822462.9438686,18.822386035671155,0.05455956066841505,0
1595822462.9538639,20.62152601217262,0.05455956066841505,0
1595822462.96386,22.420837650051038,0.05455956066841505,0
1595822462.973876,24.223711261501233,0.05455956066841505,0
1595822462.9838777,26.02400995229713,0.05455956066841505,0
1595822462.993866,27.821905383815686,0.05455956066841505,0
1595822463.0038593,29.620702037563245,0.05455956066841505,0
1595822463.0138738,31.42331815694801,0.05455956066841505,0
1595822463.0238643,33.22159982656471,0.05455956066841505,0
1595822463.0338752,35.023572215785904,0.05455956066841505,0
1595822463.0438623,36.82125307058327,0.05455956066841505,0
1595822463.053864,38.621551761379166,0.05455956066841505,0
1595822463.0638702,40.42266584371559,0.05455956066841505,0
1595822463.0738766,42.223822841396256,0.05455956066841505,0
1595822463.083873,44.02317739461891,0.05455956066841505,0
1595822463.0938687,45.822403201808854,0.05455956066841505,0
1595822463.1038604,47.620899448146744,0.05455956066841505,0
1595822463.1138616,49.421112308254166,0.05455956066841505,0
1595822463.1238737,51.22329927419655,0.05455956066841505,0
1595822463.1338766,53.02381254171364,0.05455956066841505,0
1595822463.1438603,54.820892581691666,0.05455956066841505,0
1595822463.153868,56.62226415609352,0.05455956066841505,0
1595822463.1638677,58.422219524135514,0.05455956066841505,0
1595822463.173867,60.22208906148903,0.05455956066841505,0
1595822463.183867,62.02208734487526,0.05455956066841505,0
1595822463.1938615,63.82109857534401,0.05455956066841505,0
1595822463.2038734,65.62324262594215,0.05455956066841505,0
1595822463.2138696,67.42255426382057,0.05455956066841505,0
1595822463.2238684,69.22233797048561,0.05455956066841505,0
1595822463.233861,71.02100587820046,0.05455956066841505,0
1595822463.243877,72.82387948965065,0.05455956066841505,0
1595822463.2538617,74.62113119100563,0.05455956066841505,0
1595822463.2638667,76.42203069662087,0.05455956066841505,0
1595822463.2738745,78.22344518636696,0.05455956066841505,0
1595822463.2838666,80.02202726339333,0.05455956066841505,0
1595822463.2938683,81.82232595418922,0.05455956066841505,0
1595822463.303859,83.62065053915016,0.05455956066841505,0
1595822463.3138757,85.42365289663307,0.05455956066841505,0
1595822463.323865,87.22171998952858,0.05455956066841505,0
1595822463.3338625,89.02128911947243,0.05455956066841505,0
1595822463.3438618,90.82115865682594,0.05455956066841505,0
1595822463.3538682,92.62231565450661,0.05455956066841505,0
1595822463.363877,94.42390180562965,0.05455956066841505,0
1595822463.3738697,96.2225697133445,0.05455956066841505,0
1595822463.383874,98.02334047292702,0.05455956066841505,0
1595822463.3938627,99.82132173513405,0.05455956066841505,0
1595822463.4038718,101.62295080160133,0.05455956066841505,0
1595822463.413864,103.4215328786277,0.05455956066841505,0
1595822463.4238777,105.22402025197975,0.05455956066841505,0
1595822463.4338667,107.02204442953102,0.05455956066841505,0
1595822463.4438627,108.8213131520652,0.05455956066841505,0
1595822463.4538658,110.62186933492653,0.05455956066841505,0
1595822463.4638622,112.42122388814919,0.05455956066841505,0
1595822463.473872,114.22298170064919,0.05455956066841505,0
1595822463.4838715,116.02289415334694,0.05455956066841505,0
1595822463.4938707,117.82276369070046,0.05455956066841505,0
1595822463.503867,119.62207532857887,0.05455956066841505,0
1595822463.513864,121.42155862783424,0.05455956066841505,0
1595822463.5238767,123.2238314244651,0.05455956066841505,0
1595822463.5338614,125.02108312582008,0.05455956066841505,0
1595822463.543869,126.82245470022194,0.05455956066841505,0
1595822463.5538752,128.62356878255835,0.05455956066841505,0
1595822463.5638707,130.42275167440405,0.05455956066841505,0
1595822463.5738661,132.22193456624976,0.05455956066841505,0
1595822463.5838668,134.0220615956687,0.05455956066841505,0
1595822463.5938616,135.8211157414817,0.05455956066841505,0
1595822463.603869,137.6224444005393,0.05455956066841505,0
1595822463.6138759,139.42368722890845,0.05455956066841505,0
1595822463.6238716,141.2229130360984,0.05455956066841505,0
1595822463.6338634,143.02145219778052,0.05455956066841505,0
1595822463.6438668,144.82205129598609,0.05455956066841505,0
1595822463.6538746,146.62346578573218,0.05455956066841505,0
1595822463.6638637,148.42148996328345,0.05455956066841505,0
1595822463.6738656,150.22183156942359,0.05455956066841505,0
1595822463.6838748,152.0235035512351,0.05455956066841505,0
1595822463.6938632,153.82139898275366,0.05455956066841505,0
1595822463.7038612,155.621053943386,0.05455956066841505,0
1595822463.713867,157.42208219503394,0.05455956066841505,0
1595822463.723864,159.2215654942893,0.05455956066841505,0
1595822463.7338655,161.02182126974097,0.05455956066841505,0
1595822463.7438624,162.8212616536521,0.05455956066841505,0
1595822463.7538774,164.62396360372534,0.05455956066841505,0
1595822463.7638643,166.42160154317847,0.05455956066841505,0
1595822463.773863,168.2213852498435,0.05455956066841505,0
1595822463.7838588,170.02061105703345,0.05455956066841505,0
1595822463.7938733,171.82322717641821,0.05455956066841505,0
1595822463.8038657,173.62185216878882,0.05455956066841505,0
1595822463.8138642,175.42159296010962,0.05455956066841505,0
1595822463.8238723,177.22305036519995,0.05455956066841505,0
1595822463.8338773,179.0239498708152,0.05455956066841505,0
1595822463.843861,180.82102991079321,0.05455956066841505,0
1595822463.8538613,182.62107110952368,0.05455956066841505,0
1595822463.8638701,184.42265726064673,0.05455956066841505,0
1595822463.8738685,186.2223551366233,0.05455956066841505,0
1595822463.883865,188.0217526051902,0.05455956066841505,0
1595822463.8938766,189.82381082509986,0.05455956066841505,0
1595822463.9038584,191.62054754232398,0.05455956066841505,0
1595822463.9068692,192.162482509365,0.05455956066841505,0
1595822463.9068692,192.162482509365,0.05455956066841505,0
1595822463.9138763,193.42376447652808,0.05455956066841505,0
1595822463.9238706,195.2227327916526,0.05455956066841505,0
1595822463.9338608,197.02097154592505,0.05455956066841505,0
1595822463.9438586,198.82058359121314,0.05455956066841505,0
1595822463.9538693,200.6225130650901,0.05455956066841505,0
1595822463.963869,202.42246843313208,0.05455956066841505,0
1595822463.9738605,204.22092176412573,0.05455956066841505,0
1595822463.9838686,206.02237916921607,0.05455956066841505,0
1595822463.9938757,207.82366491292944,0.05455956066841505,0
1595822464.0038657,209.62186075185767,0.05455956066841505,0
1595822464.0138686,211.42237401937476,0.05455956066841505,0
1595822464.023871,213.22280145620337,0.05455956066841505,0
1595822464.0338655,215.02181268667212,0.05455956066841505,0
1595822464.0438635,216.82146764730444,0.05455956066841505,0
1595822464.0538769,218.62386918996802,0.05455956066841505,0
1595822464.0638673,220.42215085958472,0.05455956066841505,0
1595822464.0738661,222.22193456624976,0.05455956066841505,0
1595822464.0838637,224.0215036961936,0.05455956066841505,0
1595822464.0938604,225.8209011647605,0.05455956066841505,0
1595822464.1038616,227.62111402486792,0.05455956066841505,0
1595822464.1138678,229.42222810720435,0.05455956066841505,0
1595822464.1238666,231.2220118138694,0.05455956066841505,0
1595822464.1338682,233.02231050466528,0.05455956066841505,0
1595822464.143866,234.82192254995337,0.05455956066841505,0
1595822464.1538672,236.6221354100608,0.05455956066841505,0
1595822464.1638696,238.4225628468894,0.05455956066841505,0
1595822464.1738737,240.2232906911277,0.05455956066841505,0
1595822464.1838617,242.021143207302,0.05455956066841505,0
1595822464.1938653,243.8217852208518,0.05455956066841505,0
1595822464.203866,245.62191225027075,0.05455956066841505,0
1595822464.213859,247.42066598867407,0.05455956066841505,0
1595822464.2238755,249.22362543081275,0.05455956066841505,0
1595822464.2338717,251.02293706869116,0.05455956066841505,0
1595822464.2438626,252.82130456899634,0.05455956066841505,0
1595822464.2538738,254.62331987356177,0.05455956066841505,0
1595822464.263866,256.42190195058816,0.05455956066841505,0
1595822464.2738726,258.22310186361307,0.05455956066841505,0
1595822464.2838635,260.02146936391824,0.05455956066841505,0
1595822464.2938654,261.8218109700584,0.05455956066841505,0
1595822464.3038754,263.6236116979026,0.05455956066841505,0
1595822464.3138707,265.4227516744041,0.05455956066841505,0
1595822464.3238738,267.2233078572654,0.05455956066841505,0
1595822464.3338633,269.02141786550516,0.05455956066841505,0
1595822464.3438647,270.8216736409568,0.05455956066841505,0
1595822464.35386,272.6208136174583,0.05455956066841505,0
1595822464.363868,274.4222710225486,0.05455956066841505,0
1595822464.3738618,276.22115350698465,0.05455956066841505,0
1595822464.3838737,278.0232975575828,0.05455956066841505,0
1595822464.3938727,279.82312417959207,0.05455956066841505,0
1595822464.4038763,281.6237661931419,0.05455956066841505,0
1595822464.413862,283.4211895558738,0.05455956066841505,0
1595822464.423859,285.22062993978494,0.05455956066841505,0
1595822464.4338663,287.02195859884256,0.05455956066841505,0
1595822464.4438682,288.8223002049827,0.05455956066841505,0
1595822464.453869,290.6224701497459,0.05455956066841505,0
1595822464.4638748,292.42349840139383,0.05455956066841505,0
1595822464.473859,294.22066427206033,0.05455956066841505,0
1595822464.4838629,296.0213492009544,0.05455956066841505,0
1595822464.493873,297.8231499287986,0.05455956066841505,0
1595822464.5038636,299.62147451375955,0.05455956066841505,0
1595822464.513869,301.42245985006326,0.05455956066841505,0
1595822464.5238762,303.22374559377664,0.05455956066841505,0
1595822464.5338633,305.021426448574,0.05455956066841505,0
1595822464.5438669,306.8220684621238,0.05455956066841505,0
1595822464.5538752,308.6235687825584,0.05455956066841505,0
1595822464.563861,310.4209921452903,0.05455956066841505,0
1595822464.5738764,312.22377992605203,0.05455956066841505,0
1595822464.5838625,314.02128911947244,0.05455956066841505,0
1595822464.5938618,315.82115865682596,0.05455956066841505,0
1595822464.6038628,317.62132860158914,0.05455956066841505,0
1595822464.6138763,319.42377305959695,0.05455956066841505,0
1595822464.6238608,321.2209818456077,0.05455956066841505,0
1595822464.6338577,323.02042222951883,0.05455956066841505,0
1595822464.6438665,324.8220083806419,0.05455956066841505,0
1595822464.6538658,326.6218779179954,0.05455956066841505,0
1595822464.6638756,328.4236357304954,0.05455956066841505,0
1595822464.6738648,330.2217028233909,0.05455956066841505,0
1595822464.6838732,332.02320314382547,0.05455956066841505,0
1595822464.6938753,333.82358766530984,0.05455956066841505,0
1595822464.7038615,335.62109685873025,0.05455956066841505,0
1595822464.713866,337.421910533657,0.05455956066841505,0
1595822464.7238615,339.2210934255027,0.05455956066841505,0
1595822464.7338643,341.0216066930198,0.05455956066841505,0
1595822464.7438715,342.8228924367332,0.05455956066841505,0
1595822464.7538636,344.62147451375955,0.05455956066841505,0
1595822464.7638705,346.4227173421287,0.05455956066841505,0
1595822464.7738585,348.220569858303,0.05455956066841505,0
1595822464.7838655,350.02181268667215,0.05455956066841505,0
1595822464.793875,351.8235275838279,0.05455956066841505,0
1595822464.8038695,353.62253881429666,0.05455956066841505,0
1595822464.8138602,355.4208633992576,0.05455956066841505,0
1595822464.8238747,357.22347951864236,0.05455956066841505,0
1595822464.8338637,359.02150369619363,0.05455956066841505,0
1595822464.8393016,360,0.05455956066841505,1
1595822464.8393016,0,0,0
1595822464.8493128,11.654396465159111,0.05473545089218712,0
1595822464.8593142,13.454652240610772,0.05473545089218712,0
1595822464.8693042,15.252848079538994,0.05473545089218712,0
1595822464.879307,17.053361347056082,0.05473545089218712,0
1595822464.889316,18.854990413523367,0.05473545089218712,0
1595822464.899305,20.653014591074637,0.05473545089218712,0
1595822464.9093142,22.454643657541922,0.05473545089218712,0
1595822464.9193077,24.25348322663372,0.05473545089218712,0
1595822464.9293034,26.05270903382366,0.05473545089218712,0
1595822464.939307,27.853351047373465,0.05473545089218712,0
1595822464.9493022,29.65249102387493,0.05473545089218712,0
1595822464.9593163,31.45502131257122,0.05473545089218712,0
1595822464.9693148,33.25476210389202,0.05473545089218712,0
1595822464.979306,35.053172519541434,0.05473545089218712,0
1595822464.9893177,36.85527365479534,0.05473545089218712,0
1595822464.9993098,38.65385573182171,0.05473545089218712,0
1595822465.0093038,40.45278113160198,0.05473545089218712,0
1595822465.0193083,42.25359480652874,0.05473545089218712,0
1595822465.029306,44.053163936472586,0.05473545089218712,0
1595822465.0393078,45.85350554261272,0.05473545089218712,0
1595822465.049313,47.654447963572196,0.05473545089218712,0
1595822465.0593147,49.454746654368094,0.05473545089218712,0
1595822465.0693104,51.253972461558035,0.05473545089218712,0
1595822465.079319,53.055515697336844,0.05473545089218712,0
1595822465.0893118,54.854226520395926,0.05473545089218712,0
1595822465.0993037,56.652765682078055,0.05473545089218712,0
1595822465.10931,58.45387976441448,0.05473545089218712,0
1595822465.1193178,60.255294254160574,0.05473545089218712,0
1595822465.1293056,62.05310385499065,0.05473545089218712,0
1595822465.139311,63.854089191294364,0.05473545089218712,0
1595822465.1493113,65.65413039002483,0.05473545089218712,0
1595822465.1593125,67.45434325013225,0.05473545089218712,0
1595822465.1693037,69.25275366578167,0.05473545089218712,0
1595822465.1793046,71.05292361054485,0.05473545089218712,0
1595822465.1893024,72.85253565583294,0.05473545089218712,0
1595822465.1993136,74.65455096039837,0.05473545089218712,0
1595822465.2093024,76.4525322226054,0.05473545089218712,0
1595822465.2193158,78.25493376526897,0.05473545089218712,0
1595822465.2293036,80.05274336609905,0.05473545089218712,0
1595822465.2393029,81.85261290345257,0.05473545089218712,0
1595822465.2493103,83.65394156251018,0.05473545089218712,0
1595822465.2593057,85.45312445435589,0.05473545089218712,0
1595822465.2693114,87.25415270600384,0.05473545089218712,0
1595822465.279306,89.05316393647259,0.05473545089218712,0
1595822465.2893057,90.85311930451458,0.05473545089218712,0
1595822465.2993147,92.65474837098186,0.05473545089218712,0
1595822465.3093174,94.45521872315472,0.05473545089218712,0
1595822465.3193142,96.25465910706585,0.05473545089218712,0
1595822465.3293111,98.05409949097698,0.05473545089218712,0
1595822465.3393095,99.85379736695354,0.05473545089218712,0
1595822465.3493073,101.65340941224163,0.05473545089218712,0
1595822465.3593028,103.45259230408733,0.05473545089218712,0
1595822465.3693037,105.25276224885052,0.05473545089218712,0
1595822465.3793015,107.0523742941386,0.05473545089218712,0
1595822465.389308,108.85353129181927,0.05473545089218712,0
1595822465.3993032,110.65267126832073,0.05473545089218712,0
1595822465.4093156,112.45490114960735,0.05473545089218712,0
1595822465.4193063,114.25322573456829,0.05473545089218712,0
1595822465.4293182,116.05536978516643,0.05473545089218712,0
1595822465.4393098,117.85386603150432,0.05473545089218712,0
1595822465.4493096,119.65382139954632,0.05473545089218712,0
1595822465.4593077,121.45347636017864,0.05473545089218712,0
1595822465.4693117,123.25420420441692,0.05473545089218712,0
1595822465.4793148,125.05476038727825,0.05473545089218712,0
1595822465.489305,126.85299914155071,0.05473545089218712,0
1595822465.4993167,128.65510027680463,0.05473545089218712,0
1595822465.509301,130.45226614747114,0.05473545089218712,0
1595822465.5193133,132.25449602875776,0.05473545089218712,0
1595822465.5293033,134.05269186768598,0.05473545089218712,0
1595822465.5393038,135.8527759817607,0.05473545089218712,0
1595822465.549318,137.6553491858012,0.05473545089218712,0
1595822465.5593014,139.45234339509076,0.05473545089218712,0
1595822465.5693028,141.25259917054242,0.05473545089218712,0
1595822465.5793118,143.0542282370097,0.05473545089218712,0
1595822465.5893054,144.8530678061015,0.05473545089218712,0
1595822465.5993197,146.65564101014203,0.05473545089218712,0
1595822465.609305,148.4529785421855,0.05473545089218712,0
1595822465.6193032,150.25267641816205,0.05473545089218712,0
1595822465.6293054,152.05306093964643,0.05473545089218712,0
1595822465.639307,153.85335963044233,0.05473545089218712,0
1595822465.649318,155.65533201966352,0.05473545089218712,0
1595822465.6593149,157.45477240357465,0.05473545089218712,0
1595822465.669317,159.25515692505903,0.05473545089218712,0
1595822465.6793108,161.05403940949506,0.05473545089218712,0
1595822465.6893091,162.85373728547162,0.05473545089218712,0
1595822465.6993177,164.65528052125043,0.05473545089218712,0
1595822465.7093103,166.45394842896528,0.05473545089218712,0
1595822465.7193055,168.25308840546674,0.05473545089218712,0
1595822465.7293115,170.05415957245893,0.05473545089218712,0
1595822465.7393024,171.8525270727641,0.05473545089218712,0
1595822465.749302,173.65243952546186,0.05473545089218712,0
1595822465.7593055,175.45308153901166,0.05473545089218712,0
1595822465.7693079,177.25350897584028,0.05473545089218712,0
1595822465.7793052,179.05303519043989,0.05473545089218712,0
1595822465.789303,180.85264723572797,0.05473545089218712,0
1595822465.7993162,182.6550058630473,0.05473545089218712,0
1595822465.8093128,184.4544033316142,0.05473545089218712,0
1595822465.8193061,186.25319998536176,0.05473545089218712,0
1595822465.8293133,188.05448572907514,0.05473545089218712,0
1595822465.839301,189.85229532990522,0.05473545089218712,0
1595822465.8493104,191.65396731171674,0.05473545089218712,0
1595822465.8544612,192.58111040864057,0.05473545089218712,0
1595822465.8544612,192.58111040864057,0.05473545089218712,0
1595822465.8593016,193.45237772736616,0.05473545089218712,0
1595822465.869313,195.25443594727582,0.05473545089218712,0
1595822465.8793182,197.0553783682353,0.05473545089218712,0
1595822465.8893085,198.85361712250776,0.05473545089218712,0
1595822465.8993094,200.65378706727094,0.05473545089218712,0
1595822465.9093156,202.45490114960737,0.05473545089218712,0
1595822465.9193165,204.25507109437055,0.05473545089218712,0
1595822465.9293022,206.05249445710248,0.05473545089218712,0
1595822465.9393067,207.85330813202924,0.05473545089218712,0
1595822465.9493034,209.65270560059614,0.05473545089218712,0
1595822465.9593084,211.45360510621137,0.05473545089218712,0
1595822465.9693072,213.2533888128764,0.05473545089218712,0
1595822465.979305,215.0530008581645,0.05473545089218712,0
1595822465.9893177,216.85527365479535,0.05473545089218712,0
1595822465.9993057,218.65312617096967,0.05473545089218712,0
1595822466.009318,220.4553560522563,0.05473545089218712,0
1595822466.019313,222.25445311341352,0.05473545089218712,0
1595822466.0293095,224.05380766663617,0.05473545089218712,0
1595822466.0393007,225.8522180822856,0.05473545089218712,0
1595822466.049301,227.65225928101606,0.05473545089218712,0
1595822466.0593038,229.45277254853315,0.05473545089218712,0
1595822466.0693192,231.25556032929487,0.05473545089218712,0
1595822466.0793054,233.05306952271528,0.05473545089218712,0
1595822466.0893178,234.8552994040019,0.05473545089218712,0
1595822466.099302,236.6524652746684,0.05473545089218712,0
1595822466.109319,238.45551054749555,0.05473545089218712,0
1595822466.1193109,240.25404970917768,0.05473545089218712,0
1595822466.129308,242.05353300843305,0.05473545089218712,0
1595822466.139305,243.85301630768842,0.05473545089218712,0
1595822466.1493065,245.65327208314008,0.05473545089218712,0
1595822466.1593068,247.45331328187055,0.05473545089218712,0
1595822466.1693075,249.2534403112895,0.05473545089218712,0
1595822466.1793122,251.0542969015605,0.05473545089218712,0
1595822466.189309,252.85369437012739,0.05473545089218712,0
1595822466.1993194,254.6555809286601,0.05473545089218712,0
1595822466.2093043,256.4528755453593,0.05473545089218712,0
1595822466.2193067,258.2533029821879,0.05473545089218712,0
1595822466.2293053,260.0530437735087,0.05473545089218712,0
1595822466.2393165,261.85505907807413,0.05473545089218712,0
1595822466.2493029,263.6526111868388,0.05473545089218712,0
1595822466.2593062,265.45321028504435,0.05473545089218712,0
1595822466.269317,267.2551397589213,0.05473545089218712,0
1595822466.2793078,269.0535072592265,0.05473545089218712,0
1595822466.2893124,270.85432093415324,0.05473545089218712,0
1595822466.2993064,272.6532463339335,0.05473545089218712,0
1595822466.3093135,274.4545320776469,0.05473545089218712,0
1595822466.3193085,276.2536291388041,0.05473545089218712,0
1595822466.329318,278.0553440359599,0.05473545089218712,0
1595822466.339305,279.852981975413,0.05473545089218712,0
1595822466.3493156,281.65491144928995,0.05473545089218712,0
1595822466.3593113,283.4541372564799,0.05473545089218712,0
1595822466.369307,285.25336306366984,0.05473545089218712,0
1595822466.3793151,287.05482046876017,0.05473545089218712,0
1595822466.3893077,288.853488376475,0.05473545089218712,0
1595822466.3993056,290.6531004217631,0.05473545089218712,0
1595822466.4093084,292.4536136892802,0.05473545089218712,0
1595822466.4193165,294.2550710943705,0.05473545089218712,0
1595822466.4293008,296.052236965037,0.05473545089218712,0
1595822466.4393067,297.8533081320292,0.05473545089218712,0
1595822466.4493062,299.65322058472697,0.05473545089218712,0
1595822466.4593132,301.4544634130961,0.05473545089218712,0
1595822466.4693189,303.25549166474406,0.05473545089218712,0
1595822466.4793134,305.0545028952128,0.05473545089218712,0
1595822466.4893131,306.8544582632548,0.05473545089218712,0
1595822466.4993174,308.6552290228373,0.05473545089218712,0
1595822466.5093176,310.4552702215678,0.05473545089218712,0
1595822466.5193172,312.25518267426554,0.05473545089218712,0
1595822466.5293064,314.05324976716105,0.05473545089218712,0
1595822466.5393043,315.85286181244913,0.05473545089218712,0
1595822466.5493112,317.6541046408183,0.05473545089218712,0
1595822466.559314,319.45461790833536,0.05473545089218712,0
1595822466.5693054,321.253071239329,0.05473545089218712,0
1595822466.5793047,323.05294077668253,0.05473545089218712,0
1595822466.589311,324.85405485901896,0.05473545089218712,0
1595822466.599308,326.65353815827433,0.05473545089218712,0
1595822466.6093175,328.4552530554301,0.05473545089218712,0
1595822466.6193044,330.2528909948832,0.05473545089218712,0
1595822466.6293116,332.0541767385966,0.05473545089218712,0
1595822466.6393123,333.85430376801554,0.05473545089218712,0
1595822466.6493042,335.65284292969767,0.05473545089218712,0
1595822466.6593144,337.45468657288615,0.05473545089218712,0
1595822466.6693082,339.2535690573222,0.05473545089218712,0
1595822466.6792998,341.0520653036601,0.05473545089218712,0
1595822466.6893013,342.85232107911173,0.05473545089218712,0
1595822466.6993098,344.65386431489054,0.05473545089218712,0
1595822466.709307,346.4533476141459,0.05473545089218712,0
1595822466.719309,348.2537321356303,0.05473545089218712,0
1595822466.7293177,350.0552753714091,0.05473545089218712,0
1595822466.7393131,351.8544582632548,0.05473545089218712,0
1595822466.7493138,353.65458529267374,0.05473545089218712,0
1595822466.7593083,355.4535965231425,0.05473545089218712,0
1595822466.7693045,357.2529081610209,0.05473545089218712,0
1595822466.7793145,359.05470888886515,0.05473545089218712,0
1595822466.784567,360,0.05473545089218712,1
1595822466.784567,0,0,0
1595822466.794584,11.676889944790293,0.054854692622017476,0
1595822466.8045754,13.475343275783946,0.054854692622017476,0
1595822466.814586,15.27722983431666,0.054854692622017476,0
1595822466.8245676,17.073923636196543,0.054854692622017476,0
1595822466.834586,18.87722640108912,0.054854692622017476,0
1595822466.8445709,20.67452101778834,0.054854692622017476,0
1595822466.8545783,22.475849676845957,0.054854692622017476,0
1595822466.8645692,24.274217177151133,0.054854692622017476,0
1595822466.874576,26.075460005520274,0.054854692622017476,0
1595822466.8845773,27.875672865627696,0.054854692622017476,0
1595822466.8945696,29.6742978579983,0.054854692622017476,0
1595822466.904583,31.476699400661875,0.054854692622017476,0
1595822466.9145818,33.27648310732692,0.054854692622017476,0
1595822466.9245682,35.074035216091566,0.054854692622017476,0
1595822466.934568,36.87399058413356,0.054854692622017476,0
1595822466.9445796,38.676091719387465,0.054854692622017476,0
1595822466.9545705,40.47445921969264,0.054854692622017476,0
1595822466.964574,42.275101233242445,0.054854692622017476,0
1595822466.9745708,44.07449870180934,0.054854692622017476,0
1595822466.9845753,45.8753123767361,0.054854692622017476,0
1595822466.9945762,47.67548232149928,0.054854692622017476,0
1595822467.00457,49.474364805935316,0.054854692622017476,0
1595822467.0145738,51.27504973482936,0.054854692622017476,0
1595822467.0245738,53.07504801821559,0.054854692622017476,0
1595822467.034578,54.87581877779811,0.054854692622017476,0
1595822467.0445704,56.674443770168715,0.054854692622017476,0
1595822467.0545766,58.47555785250514,0.054854692622017476,0
1595822467.0646,60.27976183962672,0.054854692622017476,0
1595822467.0745804,62.076241064785414,0.054854692622017476,0
1595822467.0845828,63.87666850161403,0.054854692622017476,0
1595822467.0945857,65.67718176913111,0.054854692622017476,0
1595822467.1045768,67.47559218478052,0.054854692622017476,0
1595822467.1145792,69.27601962160914,0.054854692622017476,0
1595822467.124569,71.07417254519312,0.054854692622017476,0
1595822467.1345723,72.87477164339869,0.054854692622017476,0
1595822467.144581,74.67635779452173,0.054854692622017476,0
1595822467.1545851,76.47708563876002,0.054854692622017476,0
1595822467.1645703,78.27442317080347,0.054854692622017476,0
1595822467.174572,80.07472186159937,0.054854692622017476,0
1595822467.1845727,81.87484889101832,0.054854692622017476,0
1595822467.1945806,83.67626338076441,0.054854692622017476,0
1595822467.2045758,85.47540335726588,0.054854692622017476,0
1595822467.2145786,87.27591662478297,0.054854692622017476,0
1595822467.224575,89.07527117800562,0.054854692622017476,0
1595822467.2345822,90.876556921719,0.054854692622017476,0
1595822467.244577,92.67561106753199,0.054854692622017476,0
1595822467.2545762,94.4754806048855,0.054854692622017476,0
1595822467.2645705,96.27444892001002,0.054854692622017476,0
1595822467.2745736,98.07500510287134,0.054854692622017476,0
1595822467.2845736,99.87500338625757,0.054854692622017476,0
1595822467.294577,101.67560248446314,0.054854692622017476,0
1595822467.304567,103.4738412387356,0.054854692622017476,0
1595822467.3145843,105.27692942690699,0.054854692622017476,0
1595822467.3245802,107.07619814944117,0.054854692622017476,0
1595822467.3345666,108.87375025820582,0.054854692622017476,0
1595822467.3445797,110.67610888552515,0.054854692622017476,0
1595822467.3545728,112.47486262392847,0.054854692622017476,0
1595822467.364581,114.27636294436304,0.054854692622017476,0
1595822467.374578,116.07580332827418,0.054854692622017476,0
1595822467.3845701,117.87438540530054,0.054854692622017476,0
1595822467.3945808,119.6763148791775,0.054854692622017476,0
1595822467.4045672,121.47386698794215,0.054854692622017476,0
1595822467.4145842,123.2769122607693,0.054854692622017476,0
1595822467.4245815,125.0764384753689,0.054854692622017476,0
1595822467.4345677,126.87394766878931,0.054854692622017476,0
1595822467.4445717,128.6746755130276,0.054854692622017476,0
1595822467.45458,130.47617583346218,0.054854692622017476,0
1595822467.464577,132.2756162173733,0.054854692622017476,0
1595822467.4745717,134.0746703631863,0.054854692622017476,0
1595822467.484575,135.87526946139187,0.054854692622017476,0
1595822467.4945664,137.67372279238552,0.054854692622017476,0
1595822467.5045688,139.47415022921413,0.054854692622017476,0
1595822467.5145707,141.27449183535427,0.054854692622017476,0
1595822467.5245802,143.07620673251003,0.054854692622017476,0
1595822467.534578,144.87581877779812,0.054854692622017476,0
1595822467.5445805,146.67624621462673,0.054854692622017476,0
1595822467.5545828,148.47667365145534,0.054854692622017476,0
1595822467.5645792,150.276028204678,0.054854692622017476,0
1595822467.5745807,152.07628398012966,0.054854692622017476,0
1595822467.5845675,153.87392191958278,0.054854692622017476,0
1595822467.5945854,155.6771388537869,0.054854692622017476,0
1595822467.6045842,157.47692256045192,0.054854692622017476,0
1595822467.6145847,159.27700667452663,0.054854692622017476,0
1595822467.6245816,161.07644705843776,0.054854692622017476,0
1595822467.6345701,162.87438540530056,0.054854692622017476,0
1595822467.6445763,164.67549948763698,0.054854692622017476,0
1595822467.6545706,166.4744678027615,0.054854692622017476,0
1595822467.664576,168.2754531390652,0.054854692622017476,0
1595822467.6745741,170.07510809969753,0.054854692622017476,0
1595822467.6845772,171.87566428255886,0.054854692622017476,0
1595822467.6945748,173.6752334125027,0.054854692622017476,0
1595822467.7045836,175.47681956362575,0.054854692622017476,0
1595822467.7145746,177.27518706393093,0.054854692622017476,0
1595822467.724572,179.07471327853054,0.054854692622017476,0
1595822467.7345774,180.87569861483425,0.054854692622017476,0
1595822467.7445679,182.67398028445095,0.054854692622017476,0
1595822467.7545733,184.47496562075466,0.054854692622017476,0
1595822467.764583,186.27672343325466,0.054854692622017476,0
1595822467.7745793,188.07603507113308,0.054854692622017476,0
1595822467.7845688,189.87414507937282,0.054854692622017476,0
1595822467.7945843,191.67693286013454,0.054854692622017476,0
1595822467.8033037,193.24643282961696,0.054854692622017476,0
1595822467.8033037,193.24643282961696,0.054854692622017476,0
1595822467.804576,193.47542910647243,0.054854692622017476,0
1595822467.8145814,195.27641444277614,0.054854692622017476,0
1595822467.824576,197.0754256732449,0.054854692622017476,0
1595822467.8345785,198.87589602541775,0.054854692622017476,0
1595822467.8445687,200.6741347796902,0.054854692622017476,0
1595822467.8545833,202.47675089907497,0.054854692622017476,0
1595822467.8645704,204.27443175387234,0.054854692622017476,0
1595822467.8745828,206.07666163515896,0.054854692622017476,0
1595822467.884576,207.87545828890651,0.054854692622017476,0
1595822467.8945704,209.67442660403103,0.054854692622017476,0
1595822467.9045815,211.47644190859646,0.054854692622017476,0
1595822467.9145794,213.27605395388454,0.054854692622017476,0
1595822467.9245808,215.0763097293362,0.054854692622017476,0
1595822467.934567,216.8738189227566,0.054854692622017476,0
1595822467.9445817,218.67647795748562,0.054854692622017476,0
1595822467.9545732,220.47493128847927,0.054854692622017476,0
1595822467.9645793,222.2760453708157,0.054854692622017476,0
1595822467.9745712,224.07458453249782,0.054854692622017476,0
1595822467.9845693,225.87423949313015,0.054854692622017476,0
1595822467.9945784,227.67586855959743,0.054854692622017476,0
1595822468.004566,229.47363524508327,0.054854692622017476,0
1595822468.0145705,231.27444892001003,0.054854692622017476,0
1595822468.024567,233.0738034732327,0.054854692622017476,0
1595822468.0345795,234.87607626986355,0.054854692622017476,0
1595822468.04457,236.67435793948025,0.054854692622017476,0
1595822468.054579,238.47598700594753,0.054854692622017476,0
1595822468.064574,240.27508406710476,0.054854692622017476,0
1595822468.0745666,242.0737519748196,0.054854692622017476,0
1595822468.0845835,243.87679724764675,0.054854692622017476,0
1595822468.0945692,245.67422061037868,0.054854692622017476,0
1595822468.104571,247.47456221651882,0.054854692622017476,0
1595822468.1145728,249.27486090731472,0.054854692622017476,0
1595822468.124574,251.07507376742214,0.054854692622017476,0
1595822468.1345787,252.87593035769314,0.054854692622017476,0
1595822468.1445827,254.67665820193142,0.054854692622017476,0
1595822468.1545708,256.4745107181057,0.054854692622017476,0
1595822468.164568,258.2739940173611,0.054854692622017476,0
1595822468.1745832,260.07673888277856,0.054854692622017476,0
1595822468.1846101,261.8815866000637,0.054854692622017476,0
1595822468.1945686,263.6741176135525,0.054854692622017476,0
1595822468.2045817,265.4764762408718,0.054854692622017476,0
1595822468.2145693,267.27424292635766,0.054854692622017476,0
1595822468.224582,269.0765157229885,0.054854692622017476,0
1595822468.2345796,270.87608485293237,0.054854692622017476,0
1595822468.2445836,272.67681269717065,0.054854692622017476,0
1595822468.2545793,274.4760385043606,0.054854692622017476,0
1595822468.2645695,276.27427725863305,0.054854692622017476,0
1595822468.2745748,278.0752196795925,0.054854692622017476,0
1595822468.2845726,279.8748317248806,0.054854692622017476,0
1595822468.2945788,281.67594580721703,0.054854692622017476,0
1595822468.3045816,283.4764590747341,0.054854692622017476,0
1595822468.3145738,285.2750411517605,0.054854692622017476,0
1595822468.324569,287.07418112826196,0.054854692622017476,0
1595822468.3345668,288.87379317355004,0.054854692622017476,0
1595822468.3445837,290.6768384463772,0.054854692622017476,0
1595822468.3545744,292.4751630313381,0.054854692622017476,0
1595822468.364573,294.2749038226589,0.054854692622017476,0
1595822468.37458,296.07614665102807,0.054854692622017476,0
1595822468.3845665,297.87374167513696,0.054854692622017476,0
1595822468.3945708,299.6745124347195,0.054854692622017476,0
1595822468.4045658,301.4736094958767,0.054854692622017476,0
1595822468.4145772,303.27566771578637,0.054854692622017476,0
1595822468.4245663,305.07369189333764,0.054854692622017476,0
1595822468.4345727,306.8748488910183,0.054854692622017476,0
1595822468.4445662,308.6736884601101,0.054854692622017476,0
1595822468.4545686,310.4741158969387,0.054854692622017476,0
1595822468.4645827,312.276646185635,0.054854692622017476,0
1595822468.474578,314.07578616213647,0.054854692622017476,0
1595822468.4845674,315.8738961703762,0.054854692622017476,0
1595822468.4945734,317.6749673373684,0.054854692622017476,0
1595822468.5045676,319.4739356524929,0.054854692622017476,0
1595822468.5145657,321.27359061312524,0.054854692622017476,0
1595822468.5245843,323.07693629336205,0.054854692622017476,0
1595822468.5345762,324.8754754550442,0.054854692622017476,0
1595822468.5445695,326.67427210879174,0.054854692622017476,0
1595822468.5545723,328.47478537630883,0.054854692622017476,0
1595822468.5645738,330.2750411517605,0.054854692622017476,0
1595822468.5745842,332.0769277102932,0.054854692622017476,0
1595822468.5845993,333.87962966036645,0.054854692622017476,0
1595822468.594573,335.67490725588647,0.054854692622017476,0
1595822468.60458,337.4761500842556,0.054854692622017476,0
1595822468.6145794,339.27606253695336,0.054854692622017476,0
1595822468.6245809,341.076318312405,0.054854692622017476,0
1595822468.634566,342.8736558444485,0.054854692622017476,0
1595822468.644574,344.6750703341946,0.054854692622017476,0
1595822468.6545706,346.47446780276147,0.054854692622017476,0
1595822468.664571,348.2745519168362,0.054854692622017476,0
1595822468.6745713,350.07459311556664,0.054854692622017476,0
1595822468.6845777,351.8757501132473,0.054854692622017476,0
1595822468.6945727,353.67484717440453,0.054854692622017476,0
1595822468.70457,355.47437338900414,0.054854692622017476,0
1595822468.7145722,357.2747579104885,0.054854692622017476,0
1595822468.7245781,359.0758290774807,0.054854692622017476,0
1595822468.7297194,360,0.054854692622017476,1
1595822468.7297194,0,0,0
1595822468.73972,11.708083511349079,0.05504420267738963,0
1595822468.7497256,13.50906884765279,0.05504420267738963,0
1595822468.7597363,15.310998321529743,0.05504420267738963,0
1595822468.7697203,17.10812127685201,0.05504420267738963,0
1595822468.7797358,18.91090905761373,0.05504420267738963,0
1595822468.78973,20.70987737273824,0.05504420267738963,0
1595822468.7997363,22.510991455074667,0.05504420267738963,0
1595822468.8097262,24.30918729400289,0.05504420267738963,0
1595822468.8197305,26.10995805358541,0.05504420267738963,0
1595822468.82972,27.908068061825155,0.05504420267738963,0
1595822468.8397257,29.709096313473104,0.05504420267738963,0
1595822468.8497343,31.510639549251913,0.05504420267738963,0
1595822468.8597367,33.311066986080526,0.05504420267738963,0
1595822468.8697288,35.10964906310689,0.05504420267738963,0
1595822468.8797195,36.90797364806783,0.05504420267738963,0
1595822468.8897285,38.709602714535116,0.05504420267738963,0
1595822468.8997266,40.50925767516744,0.05504420267738963,0
1595822468.9097202,42.30809724425924,0.05504420267738963,0
1595822468.9197276,44.109425903316854,0.05504420267738963,0
1595822468.9297373,45.911183715816854,0.05504420267738963,0
1595822468.9397378,47.71126782989156,0.05504420267738963,0
1595822468.9497206,49.508176208492635,0.05504420267738963,0
1595822468.959734,51.31057775115621,0.05504420267738963,0
1595822468.969736,53.110962272640585,0.05504420267738963,0
1595822468.9797246,54.90890061950338,0.05504420267738963,0
1595822468.9897285,56.70958554839742,0.05504420267738963,0
1595822468.9997342,58.51061380004537,0.05504420267738963,0
1595822469.009734,60.31056916808736,0.05504420267738963,0
1595822469.0197277,62.1094516525234,0.05504420267738963,0
1595822469.0297244,63.90884912109029,0.05504420267738963,0
1595822469.0397196,65.70798909759175,0.05504420267738963,0
1595822469.0497363,67.51099145507466,0.05504420267738963,0
1595822469.059725,69.30897271728169,0.05504420267738963,0
1595822469.0697272,71.10935723876607,0.05504420267738963,0
1595822469.0797212,72.90828263854634,0.05504420267738963,0
1595822469.0897372,74.71115624999653,0.05504420267738963,0
1595822469.099726,76.50913751220357,0.05504420267738963,0
1595822469.1097314,78.31012284850728,0.05504420267738963,0
1595822469.1197298,80.10982072448384,0.05504420267738963,0
1595822469.1297345,81.91067731475484,0.05504420267738963,0
1595822469.1397214,83.70831525420796,0.05504420267738963,0
1595822469.1497197,85.50801313018452,0.05504420267738963,0
1595822469.159726,87.30912721252095,0.05504420267738963,0
1595822469.1697218,89.10839593505513,0.05504420267738963,0
1595822469.179723,90.90860879516255,0.05504420267738963,0
1595822469.1897213,92.70830667113911,0.05504420267738963,0
1595822469.1997297,94.50980699157368,0.05504420267738963,0
1595822469.2097247,96.30890405273091,0.05504420267738963,0
1595822469.2197347,98.11070478057515,0.05504420267738963,0
1595822469.2297375,99.91121804809224,0.05504420267738963,0
1595822469.239737,101.71113050078999,0.05504420267738963,0
1595822469.249722,103.50842511748921,0.05504420267738963,0
1595822469.2597327,105.31035459136616,0.05504420267738963,0
1595822469.2697208,107.10820710754048,0.05504420267738963,0
1595822469.2797368,108.91108071899068,0.05504420267738963,0
1595822469.289721,110.70824658965718,0.05504420267738963,0
1595822469.299733,112.51039064025532,0.05504420267738963,0
1595822469.309723,114.30858647918355,0.05504420267738963,0
1595822469.3197353,116.11081636047017,0.05504420267738963,0
1595822469.3297205,117.90815389251362,0.05504420267738963,0
1595822469.3397267,119.70926797485005,0.05504420267738963,0
1595822469.3497226,121.50853669738423,0.05504420267738963,0
1595822469.3597276,123.30943620299946,0.05504420267738963,0
1595822469.3697371,125.11115110015523,0.05504420267738963,0
1595822469.3797295,126.90977609252583,0.05504420267738963,0
1595822469.38973,128.70986020660055,0.05504420267738963,0
1595822469.3997319,130.5102018127407,0.05504420267738963,0
1595822469.4097269,132.30929887389792,0.05504420267738963,0
1595822469.4197328,134.1103700408901,0.05504420267738963,0
1595822469.4297223,135.90848004912985,0.05504420267738963,0
1595822469.4397366,137.71105325317038,0.05504420267738963,0
1595822469.4497216,139.5083478698696,0.05504420267738963,0
1595822469.4597335,141.31049192046774,0.05504420267738963,0
1595822469.4697282,143.10954606628073,0.05504420267738963,0
1595822469.4797316,144.9101451644863,0.05504420267738963,0
1595822469.4897323,146.71027219390524,0.05504420267738963,0
1595822469.4997294,148.5097554931606,0.05504420267738963,0
1595822469.5097191,150.3079084167446,0.05504420267738963,0
1595822469.5197287,152.10962331390036,0.05504420267738963,0
1595822469.5297203,153.90811956023825,0.05504420267738963,0
1595822469.5397294,155.70974862670553,0.05504420267738963,0
1595822469.54972,157.50807321166647,0.05504420267738963,0
1595822469.5597346,159.31068933105124,0.05504420267738963,0
1595822469.569721,161.10824143981588,0.05504420267738963,0
1595822469.579725,162.90896928405417,0.05504420267738963,0
1595822469.5897276,164.70943963622702,0.05504420267738963,0
1595822469.5997238,166.50875127410544,0.05504420267738963,0
1595822469.6097226,168.30853498077047,0.05504420267738963,0
1595822469.6197255,170.10904824828756,0.05504420267738963,0
1595822469.62973,171.90986192321432,0.05504420267738963,0
1595822469.6397238,173.70874440765036,0.05504420267738963,0
1595822469.6497285,175.50960099792135,0.05504420267738963,0
1595822469.6597347,177.31071508025778,0.05504420267738963,0
1595822469.6697245,179.10886800384176,0.05504420267738963,0
1595822469.679723,180.90860879516256,0.05504420267738963,0
1595822469.68973,182.7098516235317,0.05504420267738963,0
1595822469.6997285,184.5095924148525,0.05504420267738963,0
1595822469.709732,186.3102344284023,0.05504420267738963,0
1595822469.7197223,188.10847318267477,0.05504420267738963,0
1595822469.7297256,189.90907228088034,0.05504420267738963,0
1595822469.7397263,191.70919931029928,0.05504420267738963,0
1595822469.7497315,193.51014173125876,0.05504420267738963,0
1595822469.753412,194.1726259002651,0.05504420267738963,0
1595822469.753412,194.1726259002651,0.05504420267738963,0
1595822469.7597334,195.3104833373989,0.05504420267738963,0
1595822469.7697346,197.11069619750631,0.05504420267738963,0
1595822469.7797213,198.9082912216152,0.05504420267738963,0
1595822469.7897189,200.70786035155905,0.05504420267738963,0
1595822469.7997203,202.5081161270107,0.05504420267738963,0
1595822469.809727,204.3093160400356,0.05504420267738963,0
1595822469.819726,206.1091426620449,0.05504420267738963,0
1595822469.8297317,207.91017091369284,0.05504420267738963,0
1595822469.8397353,209.71081292724264,0.05504420267738963,0
1595822469.8497326,211.51033914184225,0.05504420267738963,0
1595822469.8597312,213.31007993316305,0.05504420267738963,0
1595822469.869725,215.1089624175991,0.05504420267738963,0
1595822469.879733,216.91041982268942,0.05504420267738963,0
1595822469.8897212,218.70827233886374,0.05504420267738963,0
1595822469.8997293,220.50972974395407,0.05504420267738963,0
1595822469.9097226,222.30852639770163,0.05504420267738963,0
1595822469.919729,224.1096833953823,0.05504420267738963,0
1595822469.929731,225.91002500152243,0.05504420267738963,0
1595822469.939724,227.70877873992575,0.05504420267738963,0
1595822469.9497325,229.51032197570456,0.05504420267738963,0
1595822469.9597323,231.31027734374655,0.05504420267738963,0
1595822469.9697328,233.11036145782126,0.05504420267738963,0
1595822469.9797306,234.90997350310934,0.05504420267738963,0
1595822469.9897296,236.70980012511862,0.05504420267738963,0
1595822469.9997182,238.5077384719814,0.05504420267738963,0
1595822470.0097303,240.3099254379238,0.05504420267738963,0
1595822470.0197248,242.10893666839254,0.05504420267738963,0
1595822470.0297291,243.90970742797506,0.05504420267738963,0
1595822470.0397336,245.71052110290182,0.05504420267738963,0
1595822470.0497212,247.50828778838766,0.05504420267738963,0
1595822470.059732,249.31021726226462,0.05504420267738963,0
1595822470.0697362,251.11098802184713,0.05504420267738963,0
1595822470.0797322,252.91025674438131,0.05504420267738963,0
1595822470.0897336,254.71051251983297,0.05504420267738963,0
1595822470.0997195,256.5079787979091,0.05504420267738963,0
1595822470.1097236,258.3087066421474,0.05504420267738963,0
1595822470.1197243,260.10883367156634,0.05504420267738963,0
1595822470.12973,261.9098619232143,0.05504420267738963,0
1595822470.1397243,263.7088302383388,0.05504420267738963,0
1595822470.149722,265.5084422836269,0.05504420267738963,0
1595822470.1597226,267.3085263977016,0.05504420267738963,0
1595822470.1697264,269.10921132659564,0.05504420267738963,0
1595822470.1797194,270.90796506499896,0.05504420267738963,0
1595822470.189724,272.7087787399257,0.05504420267738963,0
1595822470.1997204,274.5081332931484,0.05504420267738963,0
1595822470.2097325,276.31032025909076,0.05504420267738963,0
1595822470.2197344,278.1106618652309,0.05504420267738963,0
1595822470.229735,279.9107459793056,0.05504420267738963,0
1595822470.2397344,281.71065843200336,0.05504420267738963,0
1595822470.2497244,283.5088542709316,0.05504420267738963,0
1595822470.2597313,285.3100970993007,0.05504420267738963,0
1595822470.2697337,287.11052453612933,0.05504420267738963,0
1595822470.2797248,288.90893495177875,0.05504420267738963,0
1595822470.2897363,290.7109931716884,0.05504420267738963,0
1595822470.2997324,292.51030480956683,0.05504420267738963,0
1595822470.3097286,294.30961644744525,0.05504420267738963,0
1595822470.3197315,296.11012971496234,0.05504420267738963,0
1595822470.3297322,297.9102567443813,0.05504420267738963,0
1595822470.339733,299.71038377380023,0.05504420267738963,0
1595822470.3497326,301.5103391418422,0.05504420267738963,0
1595822470.359729,303.3096936950649,0.05504420267738963,0
1595822470.3697236,305.10870492553363,0.05504420267738963,0
1595822470.3797219,306.9084028015102,0.05504420267738963,0
1595822470.3897276,308.70943105315814,0.05504420267738963,0
1595822470.3997293,310.50972974395404,0.05504420267738963,0
1595822470.4097266,312.30925595855365,0.05504420267738963,0
1595822470.4197247,314.108910919186,0.05504420267738963,0
1595822470.4297209,315.9082225570644,0.05504420267738963,0
1595822470.4397266,317.70925080871234,0.05504420267738963,0
1595822470.4497344,319.51066529845843,0.05504420267738963,0
1595822470.45973,321.30984819030414,0.05504420267738963,0
1595822470.4697273,323.10937440490375,0.05504420267738963,0
1595822470.4797356,324.9108747253383,0.05504420267738963,0
1595822470.4897346,326.7107013473476,0.05504420267738963,0
1595822470.499718,328.50769555663715,0.05504420267738963,0
1595822470.5097258,330.30911004638324,0.05504420267738963,0
1595822470.519728,332.1094945678676,0.05504420267738963,0
1595822470.5297234,333.9086774597133,0.05504420267738963,0
1595822470.539729,335.70970571136127,0.05504420267738963,0
1595822470.54972,337.50807321166644,0.05504420267738963,0
1595822470.5597281,339.3095306167568,0.05504420267738963,0
1595822470.5697188,341.1078552017177,0.05504420267738963,0
1595822470.5797322,342.9102567443813,0.05504420267738963,0
1595822470.5897324,344.71029794311175,0.05504420267738963,0
1595822470.5997357,346.5108970413173,0.05504420267738963,0
1595822470.6097336,348.3105090866054,0.05504420267738963,0
1595822470.6197214,350.1083186874355,0.05504420267738963,0
1595822470.629732,351.9102052459682,0.05504420267738963,0
1595822470.6397269,353.7093023071254,0.05504420267738963,0
1595822470.6497207,355.50818479156146,0.05504420267738963,0
1595822470.6597342,357.3106292495693,0.05504420267738963,0
1595822470.6697352,359.11079919433246,0.05504420267738963,0
1595822470.6746926,360,0.05504420267738963,1
1595822470.6746926,0,0,0
1595822470.6846955,11.755956683635262,0.05530801897843429,0
1595822470.694693,13.55552581357911,0.05530801897843429,0
1595822470.7046993,15.356639895915535,0.05530801897843429,0
1595822470.7146955,17.155951533793953,0.05530801897843429,0
1595822470.724698,18.956421885966805,0.05530801897843429,0
1595822470.7347057,20.75779346036866,0.05530801897843429,0
1595822470.7446938,22.555645976542976,0.05530801897843429,0
1595822470.754702,24.357146296977547,0.05530801897843429,0
1595822470.7646964,26.15611461210206,0.05530801897843429,0
1595822470.7746952,27.955898318767098,0.05530801897843429,0
1595822470.7847002,29.756797824382332,0.05530801897843429,0
1595822470.7947073,31.55808356809571,0.05530801897843429,0
1595822470.8047037,33.35743812131837,0.05530801897843429,0
1595822470.814709,35.15838054227784,0.05530801897843429,0
1595822470.8247113,36.95880797910645,0.05530801897843429,0
1595822470.8346972,38.756274257182625,0.05530801897843429,0
1595822470.8447032,40.55734542417481,0.05530801897843429,0
1595822470.8547077,42.35815909910157,0.05530801897843429,0
1595822470.8647044,44.157556567668465,0.05530801897843429,0
1595822470.8747036,45.95742610502198,0.05530801897843429,0
1595822470.8846936,47.7556219439502,0.05530801897843429,0
1595822470.8947,49.55677894163087,0.05530801897843429,0
1595822470.904693,51.35548976468995,0.05530801897843429,0
1595822470.9147065,53.15793422269776,0.05530801897843429,0
1595822470.9246955,54.95595840024903,0.05530801897843429,0
1595822470.9346979,56.756385837077644,0.05530801897843429,0
1595822470.9447057,58.55780032682374,0.05530801897843429,0
1595822470.9546976,60.35633948850587,0.05530801897843429,0
1595822470.9646964,62.156123195170906,0.05530801897843429,0
1595822470.9746947,63.95582107114747,0.05530801897843429,0
1595822470.984711,65.7587375979419,0.05530801897843429,0
1595822470.9947047,67.55762008237794,0.05530801897843429,0
1595822471.0046968,69.3562021594043,0.05530801897843429,0
1595822471.0147014,71.15701583433106,0.05530801897843429,0
1595822471.0246942,72.95572665739014,0.05530801897843429,0
1595822471.034694,74.75568202543214,0.05530801897843429,0
1595822471.0447104,76.55864146757081,0.05530801897843429,0
1595822471.0547087,78.35833934354737,0.05530801897843429,0
1595822471.0647058,80.15782264280274,0.05530801897843429,0
1595822471.074707,81.95803550291016,0.05530801897843429,0
1595822471.084711,83.75876334714845,0.05530801897843429,0
1595822471.0947008,85.55691627073243,0.05530801897843429,0
1595822471.1047013,87.35700038480714,0.05530801897843429,0
1595822471.1146936,89.15562537717774,0.05530801897843429,0
1595822471.1246963,90.9560957293506,0.05530801897843429,0
1595822471.1347053,92.75772479581788,0.05530801897843429,0
1595822471.1447027,94.55725101041749,0.05530801897843429,0
1595822471.15471,96.3585796694751,0.05530801897843429,0
1595822471.1647096,98.15849212217286,0.05530801897843429,0
1595822471.1747081,99.95823291349366,0.05530801897843429,0
1595822471.1846952,101.75591376829102,0.05530801897843429,0
1595822471.1947021,103.55715659666016,0.05530801897843429,0
1595822471.2046957,105.35599616575196,0.05530801897843429,0
1595822471.2147071,107.15805438566163,0.05530801897843429,0
1595822471.2247007,108.95689395475343,0.05530801897843429,0
1595822471.2346995,110.75667766141846,0.05530801897843429,0
1595822471.2447097,112.55852130460694,0.05530801897843429,0
1595822471.2546983,114.35645965146973,0.05530801897843429,0
1595822471.2647078,116.1581745486255,0.05530801897843429,0
1595822471.2747064,117.9579153399463,0.05530801897843429,0
1595822471.284698,119.75641158628419,0.05530801897843429,0
1595822471.294697,121.55623820829346,0.05530801897843429,0
1595822471.3047035,123.35739520597413,0.05530801897843429,0
1595822471.3147008,125.15692142057374,0.05530801897843429,0
1595822471.3246956,126.95597556638673,0.05530801897843429,0
1595822471.3347,128.7567892413135,0.05530801897843429,0
1595822471.3447068,130.5579891543384,0.05530801897843429,0
1595822471.3547027,132.35725787687258,0.05530801897843429,0
1595822471.3647053,134.15772822904543,0.05530801897843429,0
1595822471.374694,135.95570949125246,0.05530801897843429,0
1595822471.3846998,137.7567377429004,0.05530801897843429,0
1595822471.3947046,139.5575943331714,0.05530801897843429,0
1595822471.4047098,141.35853675413088,0.05530801897843429,0
1595822471.4146976,143.15634635496096,0.05530801897843429,0
1595822471.4247017,144.95707419919924,0.05530801897843429,0
1595822471.4346995,146.75668624448733,0.05530801897843429,0
1595822471.4447005,148.5568561892505,0.05530801897843429,0
1595822471.4546998,150.35672572660403,0.05530801897843429,0
1595822471.4647036,152.15741065549807,0.05530801897843429,0
1595822471.4747,153.95676520872073,0.05530801897843429,0
1595822471.4846947,155.7558193545337,0.05530801897843429,0
1595822471.4946964,157.5561180453296,0.05530801897843429,0
1595822471.5046985,159.356502566814,0.05530801897843429,0
1595822471.5146992,161.15662959623293,0.05530801897843429,0
1595822471.5246928,162.95546916532473,0.05530801897843429,0
1595822471.5346925,164.75542453336672,0.05530801897843429,0
1595822471.544705,166.55765441465334,0.05530801897843429,0
1595822471.554704,168.35748103666262,0.05530801897843429,0
1595822471.5646996,170.15670684385256,0.05530801897843429,0
1595822471.574698,171.95640471982912,0.05530801897843429,0
1595822471.5847085,173.75829127836184,0.05530801897843429,0
1595822471.5947008,175.55691627073244,0.05530801897843429,0
1595822471.6046994,177.35665706205324,0.05530801897843429,0
1595822471.6146953,179.15592578458742,0.05530801897843429,0
1595822471.624692,180.95532325315432,0.05530801897843429,0
1595822471.6347003,182.7568235735889,0.05530801897843429,0
1595822471.6446996,184.5566931109424,0.05530801897843429,0
1595822471.6547027,186.35724929380373,0.05530801897843429,0
1595822471.664704,188.1575050692554,0.05530801897843429,0
1595822471.6746972,189.9562588076587,0.05530801897843429,0
1595822471.6847105,191.7586603503223,0.05530801897843429,0
1595822471.694705,193.55767158079104,0.05530801897843429,0
1595822471.7010317,194.69647315549807,0.05530801897843429,0
1595822471.7010317,194.69647315549807,0.05530801897843429,0
1595822471.7047074,195.35809901761965,0.05530801897843429,0
1595822471.7147055,197.15775397825198,0.05530801897843429,0
1595822471.7247047,198.9576235156055,0.05530801897843429,0
1595822471.7346969,200.75620559263186,0.05530801897843429,0
1595822471.7447028,202.55727675962405,0.05530801897843429,0
1595822471.7546957,204.35598758268313,0.05530801897843429,0
1595822471.7646976,206.15632918882326,0.05530801897843429,0
1595822471.7746985,207.95649913358645,0.05530801897843429,0
1595822471.784694,209.75568202543215,0.05530801897843429,0
1595822471.7946959,211.5560236315723,0.05530801897843429,0
1595822471.8047063,213.357910190105,0.05530801897843429,0
1595822471.8147051,215.15769389677004,0.05530801897843429,0
1595822471.8246982,216.95644763517336,0.05530801897843429,0
1595822471.8347087,218.75833419370608,0.05530801897843429,0
1595822471.8447027,220.55725959348635,0.05530801897843429,0
1595822471.8546987,222.35652831602053,0.05530801897843429,0
1595822471.8647065,224.15794280576662,0.05530801897843429,0
1595822471.874698,225.95639613676028,0.05530801897843429,0
1595822471.884693,227.7554931979175,0.05530801897843429,0
1595822471.8946972,229.55626395750002,0.05530801897843429,0
1595822471.9047022,231.35716346311526,0.05530801897843429,0
1595822471.9146962,233.15608886289553,0.05530801897843429,0
1595822471.924705,234.95767501401858,0.05530801897843429,0
1595822471.9347007,236.75690082120852,0.05530801897843429,0
1595822471.9447026,238.55724242734865,0.05530801897843429,0
1595822471.954695,240.35586741971926,0.05530801897843429,0
1595822471.9647076,242.15814021635012,0.05530801897843429,0
1595822471.9747047,243.9576235156055,0.05530801897843429,0
1595822471.9846976,245.75633433866457,0.05530801897843429,0
1595822471.9946928,247.55547431516604,0.05530801897843429,0
