Timestamp,Phase,Angle,Ping?
1595480300.0000505,80.0406752990007,0,0
1595480300.0000637,360,0,1
1595480300.0000637,0,0,0
1595480300.0102103,0.7212524414062501,1.1116760458194541,0
1595480300.0201933,1.4400329589843748,1.1116760458194541,0
1595480300.030197,2.160289764404297,1.1116760458194541,0
1595480300.0402043,2.8808212280273438,1.1116760458194541,0
1595480300.050196,3.6002197265625,1.1116760458194541,0
1595480300.0601985,4.320407867431641,1.1116760458194541,0
1595480300.0701964,5.040252685546875,1.1116760458194541,0
1595480300.0801978,5.760354995727539,1.1116760458194541,0
1595480300.0902038,6.480783462524415,1.1116760458194541,0
1595480300.1001987,7.200422286987305,1.1116760458194541,0
1595480300.1101944,7.920112609863281,1.1116760458194541,0
1595480300.1202087,8.641141891479492,1.1116760458194541,0
1595480300.1301975,9.360334396362305,1.1116760458194541,0
1595480300.1401994,10.08047103881836,1.1116760458194541,0
1595480300.150197,10.800298690795898,1.1116760458194541,0
1595480300.1602046,11.52084732055664,1.1116760458194541,0
1595480300.1702003,12.240537643432617,1.1116760458194541,0
1595480300.1802068,12.961000442504883,1.1116760458194541,0
1595480300.1902065,13.68098258972168,1.1116760458194541,0
1595480300.2001932,14.400020599365234,1.1116760458194541,0
1595480300.210208,15.121084213256836,1.1116760458194541,0
1595480300.2202003,15.840534210205078,1.1116760458194541,0
1595480300.2302096,16.561203002929688,1.1116760458194541,0
1595480300.2401927,17.279983520507812,1.1116760458194541,0
1595480300.2501934,18.00003433227539,1.1116760458194541,0
1595480300.2602022,18.72066879272461,1.1116760458194541,0
1595480300.2702112,19.441320419311523,1.1116760458194541,0
1595480300.2801943,20.16010093688965,1.1116760458194541,0
1595480300.2902064,20.8809757232666,1.1116760458194541,0
1595480300.300208,21.60109519958496,1.1116760458194541,0
1595480300.310195,22.32015037536621,1.1116760458194541,0
1595480300.3202038,23.040784835815426,1.1116760458194541,0
1595480300.3302052,23.760887145996097,1.1116760458194541,0
1595480300.3402014,24.48061180114746,1.1116760458194541,0
1595480300.350195,25.20014762878418,1.1116760458194541,0
1595480300.3601937,25.92006111145019,1.1116760458194541,0
1595480300.3701973,26.640317916870117,1.1116760458194541,0
1595480300.3802073,27.361038208007812,1.1116760458194541,0
1595480300.3901927,28.079990386962887,1.1116760458194541,0
1595480300.4001994,28.80047035217285,1.1116760458194541,0
1595480300.4102104,29.521259307861325,1.1116760458194541,0
1595480300.4202037,30.240777969360348,1.1116760458194541,0
1595480300.4301984,30.960399627685547,1.1116760458194541,0
1595480300.4401994,31.68046760559082,1.1116760458194541,0
1595480300.4502091,32.40117073059082,1.1116760458194541,0
1595480300.4602094,33.12118721008301,1.1116760458194541,0
1595480300.4701982,33.84037971496582,1.1116760458194541,0
1595480300.4801981,34.56037902832031,1.1116760458194541,0
1595480300.4902115,35.28133964538574,1.1116760458194541,0
1595480300.500203,36.0007209777832,1.1116760458194541,0
1595480300.5101972,36.72030830383301,1.1116760458194541,0
1595480300.5202036,37.44077110290527,1.1116760458194541,0
1595480300.5301964,38.160255432128906,1.1116760458194541,0
1595480300.5401926,38.87998008728027,1.1116760458194541,0
1595480300.5501957,39.600202560424805,1.1116760458194541,0
1595480300.5601943,40.320098876953125,1.1116760458194541,0
1595480300.5702012,41.04059600830078,1.1116760458194541,0
1595480300.5802052,41.760887145996094,1.1116760458194541,0
1595480300.5902014,42.48061180114746,1.1116760458194541,0
1595480300.600197,43.20030212402344,1.1116760458194541,0
1595480300.6101944,43.92011260986328,1.1116760458194541,0
1595480300.620202,44.64066123962402,1.1116760458194541,0
1595480300.6302087,45.361141204833984,1.1116760458194541,0
1595480300.6402051,46.08088302612304,1.1116760458194541,0
1595480300.650199,46.80043601989746,1.1116760458194541,0
1595480300.6601932,47.520023345947266,1.1116760458194541,0
1595480300.6702085,48.241121292114265,1.1116760458194541,0
1595480300.6801987,48.960416793823235,1.1116760458194541,0
1595480300.690201,49.680587768554695,1.1116760458194541,0
1595480300.7002075,50.40105056762696,1.1116760458194541,0
1595480300.7101998,51.120500564575195,1.1116760458194541,0
1595480300.7202094,51.8411865234375,1.1116760458194541,0
1595480300.7301953,52.56017303466797,1.1116760458194541,0
1595480300.7402084,53.2811164855957,1.1116760458194541,0
1595480300.7502108,54.00128746032715,1.1116760458194541,0
1595480300.7602003,54.72053146362305,1.1116760458194541,0
1595480300.7702055,55.440908432006836,1.1116760458194541,0
1595480300.7802007,56.16056442260742,1.1116760458194541,0
1595480300.790204,56.88080406188965,1.1116760458194541,0
1595480300.8001983,57.600391387939446,1.1116760458194541,0
1595480300.810192,58.31994438171387,1.1116760458194541,0
1595480300.820195,59.0401496887207,1.1116760458194541,0
1595480300.83021,59.76123046875001,1.1116760458194541,0
1595480300.8401978,60.480354309082024,1.1116760458194541,0
1595480300.8502066,61.20098876953124,1.1116760458194541,0
1595480300.8601995,61.92047309875489,1.1116760458194541,0
1595480300.870202,62.64066123962402,1.1116760458194541,0
1595480300.8802028,63.36071205139161,1.1116760458194541,0
1595480300.8902082,64.08110618591309,1.1116760458194541,0
1595480300.9001951,64.80016136169434,1.1116760458194541,0
1595480300.91021,65.52122497558594,1.1116760458194541,0
1595480300.9201927,66.23998832702637,1.1116760458194541,0
1595480300.9301925,66.95997047424316,1.1116760458194541,0
1595480300.940199,67.68043327331543,1.1116760458194541,0
1595480300.950208,68.40108489990234,1.1116760458194541,0
1595480300.96021,69.1212387084961,1.1116760458194541,0
1595480300.970205,69.84087753295898,1.1116760458194541,0
1595480300.9801936,70.5600528717041,1.1116760458194541,0
1595480300.9901924,71.27996635437012,1.1116760458194541,0
1595480301.0002103,72.00125312805176,1.1116760458194541,0
1595480301.0102098,72.72121810913086,1.1116760458194541,0
1595480301.0201974,73.4403247833252,1.1116760458194541,0
1595480301.030196,74.16022109985352,1.1116760458194541,0
1595480301.040195,74.88015174865723,1.1116760458194541,0
1595480301.0502112,75.601318359375,1.1116760458194541,0
1595480301.0601957,76.3202018737793,1.1116760458194541,0
1595480301.070201,77.04057884216309,1.1116760458194541,0
1595480301.08021,77.76123046875,1.1116760458194541,0
1595480301.090208,78.48109245300293,1.1116760458194541,0
1595480301.1002095,79.2011947631836,1.1116760458194541,0
1595480301.1101954,79.92018127441406,1.1116760458194541,0
1595480301.1202002,80.64052391052246,1.1116760458194541,0
1595480301.1302054,81.36090087890625,1.1116760458194541,0
1595480301.1401994,82.08047103881836,1.1116760458194541,0
1595480301.1501956,82.80019569396973,1.1116760458194541,0
1595480301.1602056,83.52091598510742,1.1116760458194541,0
1595480301.1702056,84.24091529846191,1.1116760458194541,0
1595480301.18021,84.96124076843262,1.1116760458194541,0
1595480301.1902025,85.68069076538086,1.1116760458194541,0
1595480301.2002037,86.40077590942383,1.1116760458194541,0
1595480301.2102036,87.12077522277832,1.1116760458194541,0
1595480301.220208,87.84108352661133,1.1116760458194541,0
1595480301.2301922,88.55994987487793,1.1116760458194541,0
1595480301.2402084,89.2811164855957,1.1116760458194541,0
1595480301.250199,90.00044631958008,1.1116760458194541,0
1595480301.260208,90.7210807800293,1.1116760458194541,0
1595480301.2701957,91.44020462036134,1.1116760458194541,0
1595480301.2802014,92.16061592102051,1.1116760458194541,0
1595480301.290211,92.88130187988283,1.1116760458194541,0
1595480301.3002002,93.60052871704102,1.1116760458194541,0
1595480301.31021,94.32123184204102,1.1116760458194541,0
1595480301.3201954,95.04018402099608,1.1116760458194541,0
1595480301.3301926,95.75997734069826,1.1116760458194541,0
1595480301.3402045,96.4808349609375,1.1116760458194541,0
1595480301.350207,97.20102310180664,1.1116760458194541,0
1595480301.3602078,97.92107391357422,1.1116760458194541,0
1595480301.370208,98.6410903930664,1.1116760458194541,0
1595480301.3802075,99.36105537414551,1.1116760458194541,0
1595480301.3901932,100.08002471923828,1.1116760458194541,0
1595480301.4002063,100.800968170166,1.1116760458194541,0
1595480301.410193,101.52000617980957,1.1116760458194541,0
1595480301.4201944,102.24010848999025,1.1116760458194541,0
1595480301.4302025,102.96069145202637,1.1116760458194541,0
1595480301.440195,103.68015861511229,1.1116760458194541,0
1595480301.450198,104.40036392211913,1.1116760458194541,0
1595480301.4601915,105.11989974975587,1.1116760458194541,0
1595480301.4701939,105.8400707244873,1.1116760458194541,0
1595480301.480211,106.56130599975586,1.1116760458194541,0
1595480301.4901917,107.27991485595705,1.1116760458194541,0
1595480301.5001922,107.99994850158693,1.1116760458194541,0
1595480301.5102074,108.7210464477539,1.1116760458194541,0
1595480301.5201952,109.44017028808592,1.1116760458194541,0
1595480301.5302076,110.16106224060057,1.1116760458194541,0
1595480301.5401964,110.88025474548341,1.1116760458194541,0
1595480301.5501978,111.60035705566405,1.1116760458194541,0
1595480301.56021,112.32123184204102,1.1116760458194541,0
1595480301.5701966,113.04026985168458,1.1116760458194541,0
1595480301.580204,113.7608013153076,1.1116760458194541,0
1595480301.590195,114.48014831542967,1.1116760458194541,0
1595480301.6001933,115.20002746582033,1.1116760458194541,0
1595480301.61021,115.92122840881348,1.1116760458194541,0
1595480301.6202004,116.64054107666016,1.1116760458194541,0
1595480301.6302102,117.36124420166017,1.1116760458194541,0
1595480301.640206,118.08095169067383,1.1116760458194541,0
1595480301.6501997,118.80048751831055,1.1116760458194541,0
1595480301.660195,119.52016067504883,1.1116760458194541,0
1595480301.6702104,120.24125862121582,1.1116760458194541,0
1595480301.6801968,120.96027946472167,1.1116760458194541,0
1595480301.690211,121.68130874633789,1.1116760458194541,0
1595480301.7002091,122.40117073059082,1.1116760458194541,0
1595480301.7102075,123.12104988098145,1.1116760458194541,0
1595480301.7201912,123.83988189697266,1.1116760458194541,0
1595480301.730208,124.56108283996582,1.1116760458194541,0
1595480301.740199,125.28044700622559,1.1116760458194541,0
1595480301.7502096,126.00120162963866,1.1116760458194541,0
1595480301.760204,126.72080612182616,1.1116760458194541,0
1595480301.7701914,127.4398956298828,1.1116760458194541,0
1595480301.7802045,128.16083908081055,1.1116760458194541,0
1595480301.7901924,128.87996292114258,1.1116760458194541,0
1595480301.8002071,129.60102653503418,1.1116760458194541,0
1595480301.8101928,130.31999588012695,1.1116760458194541,0
1595480301.8202066,131.04099082946777,1.1116760458194541,0
1595480301.8302097,131.7612133026123,1.1116760458194541,0
1595480301.8402004,132.48054313659668,1.1116760458194541,0
1595480301.850202,133.20066261291504,1.1116760458194541,0
1595480301.860206,133.92093658447266,1.1116760458194541,0
1595480301.870197,134.64030075073242,1.1116760458194541,0
1595480301.8802037,135.36078071594238,1.1116760458194541,0
1595480301.8902078,136.0810718536377,1.1116760458194541,0
1595480301.900205,136.80086517333984,1.1116760458194541,0
1595480301.9102094,137.52119064331055,1.1116760458194541,0
1595480301.9201953,138.24017715454102,1.1116760458194541,0
1595480301.9302034,138.96076011657715,1.1116760458194541,0
1595480301.9401948,139.6801414489746,1.1116760458194541,0
1595480301.9502072,140.40103340148926,1.1116760458194541,0
1595480301.9601982,141.12038040161133,1.1116760458194541,0
1595480301.970208,141.84108352661133,1.1116760458194541,0
1595480301.9801943,142.5601043701172,1.1116760458194541,0
1595480301.9902072,143.28103065490723,1.1116760458194541,0
1595480302.0002103,144.00125312805176,1.1116760458194541,0
1595480302.0101995,144.72047996520996,1.1116760458194541,0
1595480302.0201929,145.43999862670898,1.1116760458194541,0
1595480302.0301998,146.16049575805664,1.1116760458194541,0
1595480302.040201,146.8805809020996,1.1116760458194541,0
1595480302.0502043,147.60082054138184,1.1116760458194541,0
1595480302.060198,148.32037353515625,1.1116760458194541,0
1595480302.0702033,149.04075050354004,1.1116760458194541,0
1595480302.0802073,149.76104164123535,1.1116760458194541,0
1595480302.0902073,150.48104095458984,1.1116760458194541,0
1595480302.1002002,151.20052528381348,1.1116760458194541,0
1595480302.110197,151.92030143737793,1.1116760458194541,0
1595480302.1202102,152.64124488830566,1.1116760458194541,0
1595480302.1302013,153.36060905456543,1.1116760458194541,0
1595480302.1401947,154.08012771606445,1.1116760458194541,0
1595480302.1501918,154.7999210357666,1.1116760458194541,0
1595480302.160204,155.52079582214355,1.1116760458194541,0
1595480302.1701996,156.24048614501953,1.1116760458194541,0
1595480302.1802,156.9605197906494,1.1116760458194541,0
1595480302.1902096,157.68120574951172,1.1116760458194541,0
1595480302.2001987,158.40041542053223,1.1116760458194541,0
1595480302.2101953,159.12017440795898,1.1116760458194541,0
1595480302.2202072,159.84103202819824,1.1116760458194541,0
1595480302.2302034,160.5607566833496,1.1116760458194541,0
1595480302.2401924,161.27996635437012,1.1116760458194541,0
1595480302.2502103,162.00125312805176,1.1116760458194541,0
1595480302.2601933,162.72003364562988,1.1116760458194541,0
1595480302.270202,163.4406509399414,1.1116760458194541,0
1595480302.2801926,164.15998077392578,1.1116760458194541,0
1595480302.2902005,164.88054656982422,1.1116760458194541,0
1595480302.300193,165.60001373291016,1.1116760458194541,0
1595480302.3102078,166.32107734680176,1.1116760458194541,0
1595480302.3202102,167.0412483215332,1.1116760458194541,0
1595480302.330193,167.76001167297363,1.1116760458194541,0
1595480302.3402042,168.4808177947998,1.1116760458194541,0
1595480302.350198,169.20037078857422,1.1116760458194541,0
1595480302.3601959,169.92021560668945,1.1116760458194541,0
1595480302.3701954,170.64018058776855,1.1116760458194541,0
1595480302.3802085,171.3611240386963,1.1116760458194541,0
1595480302.3902006,172.08055686950684,1.1116760458194541,0
1595480302.4002082,172.80110549926758,1.1116760458194541,0
1595480302.410199,173.52043533325195,1.1116760458194541,0
1595480302.4202034,174.24076080322266,1.1116760458194541,0
1595480302.4301922,174.95995330810547,1.1116760458194541,0
1595480302.4402053,175.6808967590332,1.1116760458194541,0
1595480302.4502,176.4005184173584,1.1116760458194541,0
1595480302.4601934,177.12003707885742,1.1116760458194541,0
1595480302.4702077,177.84106636047363,1.1116760458194541,0
1595480302.480199,178.5604476928711,1.1116760458194541,0
1595480302.4902036,179.2807731628418,1.1116760458194541,0
1595480302.5001993,180.00046348571777,1.1116760458194541,0
1595480302.5102074,180.72104644775388,1.1116760458194541,0
1595480302.5201907,181.43984413146973,1.1116760458194541,0
1595480302.53021,182.16123390197757,1.1116760458194541,0
1595480302.5402067,182.8809928894043,1.1116760458194541,0
1595480302.5502086,183.60112953186038,1.1116760458194541,0
1595480302.5602005,184.3205451965332,1.1116760458194541,0
1595480302.570201,185.0405788421631,1.1116760458194541,0
1595480302.5802062,185.76095581054688,1.1116760458194541,0
1595480302.5902092,186.48117828369143,1.1116760458194541,0
1595480302.600205,187.2008686065674,1.1116760458194541,0
1595480302.6102026,187.9206962585449,1.1116760458194541,0
1595480302.620196,188.64023208618164,1.1116760458194541,0
1595480302.630204,189.3607978820801,1.1116760458194541,0
1595480302.6401992,190.08045387268064,1.1116760458194541,0
1595480302.6501982,190.80038452148438,1.1116760458194541,0
1595480302.6601925,191.51997184753418,1.1116760458194541,0
1595480302.6702034,192.24076080322268,1.1116760458194541,0
1595480302.680195,192.96015930175778,1.1116760458194541,0
1595480302.6901937,193.68005561828616,1.1116760458194541,0
1595480302.700201,194.40058708190918,1.1116760458194541,0
1595480302.7102036,195.1207752227783,1.1116760458194541,0
1595480302.7201977,195.84034538269043,1.1116760458194541,0
1595480302.7301943,196.56010437011722,1.1116760458194541,0
1595480302.7402072,197.28103065490723,1.1116760458194541,0
1595480302.7501929,198.00000000000003,1.1116760458194541,0
1595480302.7602038,198.72078895568848,1.1116760458194541,0
1595480302.7701902,199.43980979919436,1.1116760458194541,0
1595480302.7801955,200.16018676757815,1.1116760458194541,0
1595480302.790209,200.88116455078128,1.1116760458194541,0
1595480302.8002062,201.6009578704834,1.1116760458194541,0
1595480302.8101962,202.3202362060547,1.1116760458194541,0
1595480302.8202043,203.04081916809082,1.1116760458194541,0
1595480302.8301985,203.7604064941406,1.1116760458194541,0
1595480302.8401988,204.4804229736328,1.1116760458194541,0
1595480302.8502042,205.20081710815427,1.1116760458194541,0
1595480302.8602078,205.92107391357422,1.1116760458194541,0
1595480302.8701982,206.6403865814209,1.1116760458194541,0
1595480302.8802094,207.36119270324707,1.1116760458194541,0
1595480302.8902044,208.08083152770996,1.1116760458194541,0
1595480302.9001985,208.80040168762207,1.1116760458194541,0
1595480302.9101915,209.51990318298337,1.1116760458194541,0
1595480302.9201984,210.24040031433108,1.1116760458194541,0
1595480302.9301946,210.96012496948242,1.1116760458194541,0
1595480302.9402084,211.6811199188232,1.1116760458194541,0
1595480302.9502025,212.40069007873535,1.1116760458194541,0
1595480302.9601972,213.12031173706055,1.1116760458194541,0
1595480302.970206,213.84094619750977,1.1116760458194541,0
1595480302.9801989,214.56043052673343,1.1116760458194541,0
1595480302.9902003,215.28053283691406,1.1116760458194541,0
1595480303.0002086,216.0011329650879,1.1116760458194541,0
1595480303.0102086,216.7211322784424,1.1116760458194541,0
1595480303.0202038,217.44078826904294,1.1116760458194541,0
1595480303.0302,218.16051292419436,1.1116760458194541,0
1595480303.0401983,218.88039207458496,1.1116760458194541,0
1595480303.0501914,219.59989356994632,1.1116760458194541,0
1595480303.0601923,220.31996154785156,1.1116760458194541,0
1595480303.070201,221.0405788421631,1.1116760458194541,0
1595480303.080193,221.76001167297363,1.1116760458194541,0
1595480303.090205,222.4808692932129,1.1116760458194541,0
1595480303.1002045,223.20083427429202,1.1116760458194541,0
1595480303.110206,223.92093658447266,1.1116760458194541,0
1595480303.1202066,224.64098739624026,1.1116760458194541,0
1595480303.130207,225.36102104187015,1.1116760458194541,0
1595480303.1401994,226.08047103881836,1.1116760458194541,0
1595480303.1501913,226.79988670349124,1.1116760458194541,0
1595480303.1602013,227.52060699462893,1.1116760458194541,0
1595480303.1702034,228.24076080322266,1.1116760458194541,0
1595480303.180208,228.96108627319336,1.1116760458194541,0
1595480303.1902084,229.68111991882324,1.1116760458194541,0
1595480303.2002065,230.40098190307617,1.1116760458194541,0
1595480303.210192,231.11993408203125,1.1116760458194541,0
1595480303.220201,231.84058570861816,1.1116760458194541,0
1595480303.2302008,232.56056785583496,1.1116760458194541,0
1595480303.2402065,233.28097915649414,1.1116760458194541,0
1595480303.2502012,234.00060081481934,1.1116760458194541,0
1595480303.2602048,234.7208576202393,1.1116760458194541,0
1595480303.2702065,235.44097709655765,1.1116760458194541,0
1595480303.2801936,236.16004943847656,1.1116760458194541,0
1595480303.2902002,236.88052940368655,1.1116760458194541,0
1595480303.3001924,237.5999622344971,1.1116760458194541,0
1595480303.3101943,238.32009887695312,1.1116760458194541,0
1595480303.3202035,239.0407676696777,1.1116760458194541,0
1595480303.330197,239.76030349731445,1.1116760458194541,0
1595480303.3402083,240.48110961914062,1.1116760458194541,0
1595480303.3501985,241.2004051208496,1.1116760458194541,0
1595480303.3601904,241.9198207855225,1.1116760458194541,0
1595480303.3701942,242.64009475708008,1.1116760458194541,0
1595480303.380197,243.3603000640869,1.1116760458194541,0
1595480303.3901904,244.07981872558594,1.1116760458194541,0
1595480303.400192,244.7999382019043,1.1116760458194541,0
1595480303.4101985,245.52040100097656,1.1116760458194541,0
1595480303.4201925,246.23997116088867,1.1116760458194541,0
1595480303.4301932,246.96002197265622,1.1116760458194541,0
1595480303.4401968,247.68027877807617,1.1116760458194541,0
1595480303.450203,248.40072441101077,1.1116760458194541,0
1595480303.4601996,249.1204833984375,1.1116760458194541,0
1595480303.4701946,249.8401222229004,1.1116760458194541,0
1595480303.4801989,250.5604305267334,1.1116760458194541,0
1595480303.4902065,251.28097915649414,1.1116760458194541,0
1595480303.5001998,252.00049781799316,1.1116760458194541,0
1595480303.510195,252.72015380859378,1.1116760458194541,0
1595480303.5202034,253.44075393676755,1.1116760458194541,0
1595480303.530192,254.15992927551267,1.1116760458194541,0
1595480303.5401978,254.88035774230957,1.1116760458194541,0
1595480303.5502036,255.60076904296872,1.1116760458194541,0
1595480303.5601964,256.3202533721924,1.1116760458194541,0
1595480303.5701973,257.04032135009766,1.1116760458194541,0
1595480303.5801933,257.7600288391113,1.1116760458194541,0
1595480303.5902085,258.4811267852783,1.1116760458194541,0
1595480303.6001942,259.2000961303711,1.1116760458194541,0
1595480303.6101897,259.9197692871094,1.1116760458194541,0
1595480303.6202002,260.64052391052246,1.1116760458194541,0
1595480303.6302042,261.3608150482178,1.1116760458194541,0
1595480303.640199,262.08043670654297,1.1116760458194541,0
1595480303.6502018,262.8006420135498,1.1116760458194541,0
1595480303.6601977,263.5203495025635,1.1116760458194541,0
1595480303.6702008,264.240571975708,1.1116760458194541,0
1595480303.680204,264.96079444885254,1.1116760458194541,0
1595480303.6901984,265.68039894104004,1.1116760458194541,0
1595480303.7002034,266.40075874328613,1.1116760458194541,0
1595480303.7101922,267.11995124816895,1.1116760458194541,0
1595480303.7202084,267.8411178588867,1.1116760458194541,0
1595480303.7302072,268.56103134155273,1.1116760458194541,0
1595480303.7401915,269.27989768981934,1.1116760458194541,0
1595480303.7501893,269.99974250793457,1.1116760458194541,0
1595480303.7601917,270.719913482666,1.1116760458194541,0
1595480303.7701967,271.4402732849121,1.1116760458194541,0
1595480303.7802048,272.16085624694824,1.1116760458194541,0
1595480303.790206,272.8809413909912,1.1116760458194541,0
1595480303.800207,273.6010093688965,1.1116760458194541,0
1595480303.8101892,274.3197383880615,1.1116760458194541,0
1595480303.8201914,275.0398921966553,1.1116760458194541,0
1595480303.8302076,275.76105880737305,1.1116760458194541,0
1595480303.8402057,276.480920791626,1.1116760458194541,0
1595480303.8501976,277.2003364562988,1.1116760458194541,0
1595480303.860193,277.9200096130371,1.1116760458194541,0
1595480303.8702025,278.6406955718994,1.1116760458194541,0
1595480303.8802023,279.3606777191162,1.1116760458194541,0
1595480303.8901904,280.07981872558594,1.1116760458194541,0
1595480303.9002066,280.8009853363037,1.1116760458194541,0
1595480303.9102044,281.52083015441895,1.1116760458194541,0
1595480303.9201918,282.2399196624756,1.1116760458194541,0
1595480303.9302056,282.9609146118164,1.1116760458194541,0
1595480303.9402044,283.6808280944824,1.1116760458194541,0
1595480303.9501905,284.3998317718506,1.1116760458194541,0
1595480303.9601996,285.1204833984375,1.1116760458194541,0
1595480303.9702044,285.8408260345459,1.1116760458194541,0
1595480303.9802082,286.5611000061035,1.1116760458194541,0
1595480303.9901974,287.2803268432617,1.1116760458194541,0
1595480304.0001922,287.9999485015869,1.1116760458194541,0
1595480304.0102046,288.72084045410156,1.1116760458194541,0
1595480304.0202003,289.44053077697754,1.1116760458194541,0
1595480304.0302067,290.1609935760498,1.1116760458194541,0
1595480304.0402067,290.8809928894043,1.1116760458194541,0
1595480304.0502052,291.6008892059326,1.1116760458194541,0
1595480304.060207,292.321008682251,1.1116760458194541,0
1595480304.0702026,293.04069900512695,1.1116760458194541,0
1595480304.0802038,293.7607841491699,1.1116760458194541,0
1595480304.090202,294.48066329956055,1.1116760458194541,0
1595480304.1002,295.2005081176758,1.1116760458194541,0
1595480304.1101947,295.920129776001,1.1116760458194541,0
1595480304.1201935,296.640043258667,1.1116760458194541,0
1595480304.1302044,297.36083221435547,1.1116760458194541,0
1595480304.1402078,298.0810718536377,1.1116760458194541,0
1595480304.1501892,298.79973220825195,1.1116760458194541,0
1595480304.1602018,299.5206413269043,1.1116760458194541,0
1595480304.170198,300.24036598205566,1.1116760458194541,0
1595480304.1802084,300.96112060546875,1.1116760458194541,0
1595480304.1901968,301.6802787780762,1.1116760458194541,0
1595480304.2002056,302.4009132385254,1.1116760458194541,0
1595480304.2101896,303.1197624206543,1.1116760458194541,0
1595480304.2201936,303.8400535583496,1.1116760458194541,0
1595480304.2301908,304.55984687805176,1.1116760458194541,0
1595480304.24019,305.27979469299316,1.1116760458194541,0
1595480304.2502086,306.0011329650879,1.1116760458194541,0
1595480304.2602038,306.7207889556885,1.1116760458194541,0
1595480304.2701917,307.4399127960205,1.1116760458194541,0
1595480304.2802067,308.1609935760498,1.1116760458194541,0
1595480304.2901983,308.88039207458496,1.1116760458194541,0
1595480304.3002026,309.60070037841797,1.1116760458194541,0
1595480304.3101943,310.3200988769531,1.1116760458194541,0
1595480304.3202004,311.0405445098877,1.1116760458194541,0
1595480304.330201,311.7605781555176,1.1116760458194541,0
1595480304.340192,312.47994232177734,1.1116760458194541,0
1595480304.3501973,313.20031929016113,1.1116760458194541,0
1595480304.3602004,313.92054176330566,1.1116760458194541,0
1595480304.3702064,314.64097023010254,1.1116760458194541,0
1595480304.380191,315.35987091064453,1.1116760458194541,0
1595480304.3901997,316.08048820495605,1.1116760458194541,0
1595480304.40019,316.79980087280273,1.1116760458194541,0
1595480304.4102032,317.52074432373047,1.1116760458194541,0
1595480304.420207,318.2410182952881,1.1116760458194541,0
1595480304.4302015,318.9606227874756,1.1116760458194541,0
1595480304.4402008,319.680570602417,1.1116760458194541,0
1595480304.4501982,320.40038108825684,1.1116760458194541,0
1595480304.4602013,321.12060356140137,1.1116760458194541,0
1595480304.4701955,321.8401908874512,1.1116760458194541,0
1595480304.4801962,322.56024169921875,1.1116760458194541,0
1595480304.4901896,323.2797603607178,1.1116760458194541,0
1595480304.500205,324.00087547302246,1.1116760458194541,0
1595480304.5101888,324.7197074890137,1.1116760458194541,0
1595480304.520192,325.4399299621582,1.1116760458194541,0
1595480304.5302005,326.1605472564697,1.1116760458194541,0
1595480304.540189,326.87972259521484,1.1116760458194541,0
1595480304.5501986,327.60040855407715,1.1116760458194541,0
1595480304.560202,328.3206481933594,1.1116760458194541,0
1595480304.5701888,329.0397033691406,1.1116760458194541,0
1595480304.580203,329.76073265075684,1.1116760458194541,0
1595480304.590195,330.4801483154297,1.1116760458194541,0
1595480304.600195,331.2001476287842,1.1116760458194541,0
1595480304.61019,331.91978645324707,1.1116760458194541,0
1595480304.6201909,332.63985443115234,1.1116760458194541,0
1595480304.6302023,333.3606777191162,1.1116760458194541,0
1595480304.6401887,334.07969856262207,1.1116760458194541,0
1595480304.6502013,334.8006076812744,1.1116760458194541,0
1595480304.6601937,335.52005767822266,1.1116760458194541,0
1595480304.670205,336.2408809661865,1.1116760458194541,0
1595480304.6802037,336.96077728271484,1.1116760458194541,0
1595480304.690195,337.6801586151123,1.1116760458194541,0
1595480304.700201,338.4005870819092,1.1116760458194541,0
1595480304.7102027,339.12070655822754,1.1116760458194541,0
1595480304.7201998,339.8404998779297,1.1116760458194541,0
1595480304.7301936,340.5600528717041,1.1116760458194541,0
1595480304.7401986,341.2804126739502,1.1116760458194541,0
1595480304.7501938,342.0000686645508,1.1116760458194541,0
1595480304.7602031,342.7207374572754,1.1116760458194541,0
1595480304.7701914,343.4398956298828,1.1116760458194541,0
1595480304.7801988,344.16042709350586,1.1116760458194541,0
1595480304.7901986,344.88040924072266,1.1116760458194541,0
1595480304.800194,345.60008239746094,1.1116760458194541,0
1595480304.8102057,346.3209228515625,1.1116760458194541,0
1595480304.8201895,347.0397548675537,1.1116760458194541,0
1595480304.8301885,347.7596855163574,1.1116760458194541,0
1595480304.8401988,348.4804229736328,1.1116760458194541,0
1595480304.8501897,349.1997699737549,1.1116760458194541,0
1595480304.8601985,349.9204044342041,1.1116760458194541,0
1595480304.870193,350.6400089263916,1.1116760458194541,0
1595480304.8801928,351.3599910736084,1.1116760458194541,0
1595480304.8902009,352.08057403564453,1.1116760458194541,0
1595480304.9002035,352.8007621765137,1.1116760458194541,0
1595480304.9102077,353.5210704803467,1.1116760458194541,0
1595480304.920205,354.2408809661865,1.1116760458194541,0
1595480304.9302053,354.9608974456787,1.1116760458194541,0
1595480304.940198,355.68036460876465,1.1116760458194541,0
1595480304.9501898,356.3997802734375,1.1116760458194541,0
1595480304.9601989,357.1204319000244,1.1116760458194541,0
1595480304.9702058,357.84092903137207,1.1116760458194541,0
1595480304.9801993,358.5604648590088,1.1116760458194541,0
1595480304.9901931,359.2800178527832,1.1116760458194541,0
1595480305.0002074,360,1.1116760458194541,1
1595480305.0002074,0,1.1116760458194541,0
1595480305.0103707,0.7204113006591797,1.1116760458194541,0
1595480305.020367,1.4401359558105469,1.1116760458194541,0
1595480305.030382,2.1612167358398438,1.1116760458194541,0
1595480305.040372,2.8804950714111324,1.1116760458194541,0
1595480305.05037,3.600357055664062,1.1116760458194541,0
1595480305.0603788,4.320991516113281,1.1116760458194541,0
1595480305.0703778,5.040922164916992,1.1116760458194541,0
1595480305.0803714,5.760457992553711,1.1116760458194541,0
1595480305.0903802,6.48109245300293,1.1116760458194541,0
1595480305.1003733,7.200593948364258,1.1116760458194541,0
1595480305.1103818,7.921211242675781,1.1116760458194541,0
1595480305.1203752,8.640729904174805,1.1116760458194541,0
1595480305.1303685,9.360248565673828,1.1116760458194541,0
1595480305.1403744,10.080677032470703,1.1116760458194541,0
1595480305.1503778,10.80091667175293,1.1116760458194541,0
1595480305.1603668,11.52012634277344,1.1116760458194541,0
1595480305.170371,12.240434646606445,1.1116760458194541,0
1595480305.1803794,12.961034774780273,1.1116760458194541,0
1595480305.190374,13.680639266967773,1.1116760458194541,0
1595480305.2003717,14.400484085083006,1.1116760458194541,0
1595480305.2103727,15.120552062988283,1.1116760458194541,0
1595480305.220369,15.840293884277342,1.1116760458194541,0
1595480305.2303689,16.56027603149414,1.1116760458194541,0
1595480305.240371,17.28042984008789,1.1116760458194541,0
1595480305.2503796,18.001047134399414,1.1116760458194541,0
1595480305.2603688,18.720273971557617,1.1116760458194541,0
1595480305.270383,19.441286087036133,1.1116760458194541,0
1595480305.2803805,20.161113739013672,1.1116760458194541,0
1595480305.2903721,20.880512237548828,1.1116760458194541,0
1595480305.3003776,21.600906372070312,1.1116760458194541,0
1595480305.310365,22.319995880126953,1.1116760458194541,0
1595480305.320366,23.040063858032227,1.1116760458194541,0
1595480305.3303785,23.760972976684574,1.1116760458194541,0
1595480305.3403735,24.48061180114746,1.1116760458194541,0
1595480305.35037,25.200353622436527,1.1116760458194541,0
1595480305.3603685,25.920249938964844,1.1116760458194541,0
1595480305.3703766,26.640832901000977,1.1116760458194541,0
1595480305.380367,27.360145568847656,1.1116760458194541,0
1595480305.390378,28.08093452453613,1.1116760458194541,0
1595480305.4003787,28.80098533630371,1.1116760458194541,0
1595480305.410378,29.520933151245117,1.1116760458194541,0
1595480305.4203758,30.240777969360348,1.1116760458194541,0
1595480305.4303672,30.960159301757812,1.1116760458194541,0
1595480305.4403822,31.68124008178711,1.1116760458194541,0
1595480305.4503803,32.40110206604004,1.1116760458194541,0
1595480305.4603803,33.12110137939453,1.1116760458194541,0
1595480305.4703786,33.840980529785156,1.1116760458194541,0
1595480305.4803743,34.56067085266113,1.1116760458194541,0
1595480305.490367,35.28013801574707,1.1116760458194541,0
1595480305.5003736,36.00061798095703,1.1116760458194541,0
1595480305.5103667,36.72011947631836,1.1116760458194541,0
1595480305.520372,37.44049644470215,1.1116760458194541,0
1595480305.5303817,38.16119956970215,1.1116760458194541,0
1595480305.5403702,38.880374908447266,1.1116760458194541,0
1595480305.5503721,39.60051155090332,1.1116760458194541,0
1595480305.5603719,40.32049369812012,1.1116760458194541,0
1595480305.5703824,41.0412483215332,1.1116760458194541,0
1595480305.5803733,41.76059532165527,1.1116760458194541,0
1595480305.5903783,42.48095512390137,1.1116760458194541,0
1595480305.6003838,43.20134925842285,1.1116760458194541,0
1595480305.6103709,43.9204216003418,1.1116760458194541,0
1595480305.6203794,44.64103889465332,1.1116760458194541,0
1595480305.6303675,45.36017990112305,1.1116760458194541,0
1595480305.6403737,46.08062553405761,1.1116760458194541,0
1595480305.650365,46.80000686645508,1.1116760458194541,0
1595480305.6603746,47.520692825317376,1.1116760458194541,0
1595480305.6703677,48.24019432067871,1.1116760458194541,0
1595480305.6803765,48.96082878112793,1.1116760458194541,0
1595480305.6903734,49.68060493469238,1.1116760458194541,0
1595480305.7003818,50.40120506286621,1.1116760458194541,0
1595480305.7103834,51.12132453918457,1.1116760458194541,0
1595480305.7203689,51.84027671813965,1.1116760458194541,0
1595480305.7303767,52.56084251403808,1.1116760458194541,0
1595480305.740377,53.28085899353027,1.1116760458194541,0
1595480305.7503684,54.000240325927734,1.1116760458194541,0
1595480305.7603664,54.720102310180664,1.1116760458194541,0
1595480305.770377,55.44085693359376,1.1116760458194541,0
1595480305.7803802,56.16109657287597,1.1116760458194541,0
1595480305.790378,56.88094139099121,1.1116760458194541,0
1595480305.800365,57.59999656677246,1.1116760458194541,0
1595480305.810373,58.320579528808594,1.1116760458194541,0
1595480305.8203657,59.04004669189453,1.1116760458194541,0
1595480305.8303683,59.760234832763665,1.1116760458194541,0
1595480305.8403726,60.48054313659668,1.1116760458194541,0
1595480305.850381,61.20114326477051,1.1116760458194541,0
1595480305.8603768,61.92085075378417,1.1116760458194541,0
1595480305.8703825,62.64126205444336,1.1116760458194541,0
1595480305.8803816,63.36119270324707,1.1116760458194541,0
1595480305.8903706,64.08040237426758,1.1116760458194541,0
1595480305.900366,64.80007553100586,1.1116760458194541,0
1595480305.9103653,65.52002334594727,1.1116760458194541,0
1595480305.9203825,66.24125862121582,1.1116760458194541,0
1595480305.9303741,66.96065711975098,1.1116760458194541,0
1595480305.9403732,67.68058776855469,1.1116760458194541,0
1595480305.9503813,68.40117073059082,1.1116760458194541,0
1595480305.960376,69.12079238891602,1.1116760458194541,0
1595480305.9703825,69.84125518798828,1.1116760458194541,0
1595480305.9803789,70.56099700927734,1.1116760458194541,0
1595480305.990371,71.28042984008789,1.1116760458194541,0
1595480306.000378,72.00092697143555,1.1116760458194541,0
1595480306.0103824,72.72125244140625,1.1116760458194541,0
1595480306.0203698,73.44034194946289,1.1116760458194541,0
1595480306.030369,74.1602897644043,1.1116760458194541,0
1595480306.0403793,74.88102722167969,1.1116760458194541,0
1595480306.0503833,75.601318359375,1.1116760458194541,0
1595480306.0603743,76.32066535949707,1.1116760458194541,0
1595480306.0703738,77.04063034057617,1.1116760458194541,0
1595480306.0803804,77.76111030578613,1.1116760458194541,0
1595480306.0903811,78.48116111755371,1.1116760458194541,0
1595480306.1003673,79.20016479492188,1.1116760458194541,0
1595480306.1103787,79.92098808288574,1.1116760458194541,0
1595480306.120369,80.64028358459473,1.1116760458194541,0
1595480306.130382,81.36122703552246,1.1116760458194541,0
1595480306.1403654,82.08002471923828,1.1116760458194541,0
1595480306.150376,82.80079650878906,1.1116760458194541,0
1595480306.1603718,83.52048683166504,1.1116760458194541,0
1595480306.1703718,84.24048614501953,1.1116760458194541,0
1595480306.1803763,84.96081161499023,1.1116760458194541,0
1595480306.1903732,85.68058776855469,1.1116760458194541,0
1595480306.2003748,86.40070724487305,1.1116760458194541,0
1595480306.2103739,87.12063789367676,1.1116760458194541,0
1595480306.2203758,87.84077453613281,1.1116760458194541,0
1595480306.230369,88.56029319763184,1.1116760458194541,0
1595480306.2403712,89.28044700622559,1.1116760458194541,0
1595480306.250367,90.00013732910158,1.1116760458194541,0
1595480306.2603714,90.72046279907227,1.1116760458194541,0
1595480306.2703784,91.44095993041991,1.1116760458194541,0
1595480306.2803822,92.16123390197754,1.1116760458194541,0
1595480306.290365,92.87999725341795,1.1116760458194541,0
1595480306.3003745,93.60068321228027,1.1116760458194541,0
1595480306.3103802,94.32109451293944,1.1116760458194541,0
1595480306.3203735,95.04061317443846,1.1116760458194541,0
1595480306.3303828,95.76128196716309,1.1116760458194541,0
1595480306.3403728,96.48056030273438,1.1116760458194541,0
1595480306.3503718,97.20049095153809,1.1116760458194541,0
1595480306.3603742,97.92066192626952,1.1116760458194541,0
1595480306.3703647,98.63997459411621,1.1116760458194541,0
1595480306.3803787,99.36098670959471,1.1116760458194541,0
1595480306.3903685,100.0802478790283,1.1116760458194541,0
1595480306.40038,100.8010711669922,1.1116760458194541,0
1595480306.4103696,101.5203323364258,1.1116760458194541,0
1595480306.4203818,102.24120712280272,1.1116760458194541,0
1595480306.430381,102.96115493774413,1.1116760458194541,0
1595480306.4403746,103.68069076538087,1.1116760458194541,0
1595480306.4503694,104.40031242370605,1.1116760458194541,0
1595480306.4603677,105.12019157409668,1.1116760458194541,0
1595480306.470371,105.84043121337889,1.1116760458194541,0
1595480306.4803636,106.55989837646484,1.1116760458194541,0
1595480306.490371,107.2804298400879,1.1116760458194541,0
1595480306.500383,108.00128746032715,1.1116760458194541,0
1595480306.510368,108.72022247314452,1.1116760458194541,0
1595480306.5203755,109.44075393676758,1.1116760458194541,0
1595480306.5303671,110.16015243530273,1.1116760458194541,0
1595480306.540377,110.88085556030275,1.1116760458194541,0
1595480306.5503771,111.60087203979491,1.1116760458194541,0
1595480306.5603814,112.32118034362794,1.1116760458194541,0
1595480306.570365,113.03999519348143,1.1116760458194541,0
1595480306.5803711,113.76044082641602,1.1116760458194541,0
1595480306.590369,114.48028564453125,1.1116760458194541,0
1595480306.6003783,115.20095443725585,1.1116760458194541,0
1595480306.6103644,115.91995811462401,1.1116760458194541,0
1595480306.6203768,116.64085006713866,1.1116760458194541,0
1595480306.6303701,117.36036872863768,1.1116760458194541,0
1595480306.6403663,118.08009338378906,1.1116760458194541,0
1595480306.65037,118.80035018920897,1.1116760458194541,0
1595480306.6603646,119.5199718475342,1.1116760458194541,0
1595480306.6703756,120.24076080322264,1.1116760458194541,0
1595480306.6803694,120.96031379699707,1.1116760458194541,0
1595480306.6903658,121.68005561828612,1.1116760458194541,0
1595480306.7003732,122.40058708190918,1.1116760458194541,0
1595480306.7103775,123.12089538574217,1.1116760458194541,0
1595480306.720365,123.84000205993654,1.1116760458194541,0
1595480306.730371,124.5604305267334,1.1116760458194541,0
1595480306.7403824,125.28125381469725,1.1116760458194541,0
1595480306.7503805,126.00111579895018,1.1116760458194541,0
1595480306.7603686,126.72025680541992,1.1116760458194541,0
1595480306.7703764,127.44082260131836,1.1116760458194541,0
1595480306.7803655,128.16003227233887,1.1116760458194541,0
1595480306.7903733,128.8805980682373,1.1116760458194541,0
1595480306.8003762,129.60080337524414,1.1116760458194541,0
1595480306.8103704,130.32039070129395,1.1116760458194541,0
1595480306.8203657,131.04004669189453,1.1116760458194541,0
1595480306.8303795,131.76104164123535,1.1116760458194541,0
1595480306.840375,132.48071479797363,1.1116760458194541,0
1595480306.8503633,133.19987297058105,1.1116760458194541,0
1595480306.8603787,133.92098808288574,1.1116760458194541,0
1595480306.8703728,134.64055824279785,1.1116760458194541,0
1595480306.880374,135.36064338684082,1.1116760458194541,0
1595480306.8903818,136.08120918273926,1.1116760458194541,0
1595480306.900382,136.80122566223145,1.1116760458194541,0
1595480306.910378,137.52093315124512,1.1116760458194541,0
1595480306.920378,138.2409324645996,1.1116760458194541,0
1595480306.930375,138.96072578430176,1.1116760458194541,0
1595480306.9403753,139.68074226379395,1.1116760458194541,0
1595480306.9503758,140.40077590942383,1.1116760458194541,0
1595480306.9603674,141.12017440795898,1.1116760458194541,0
1595480306.9703662,141.840087890625,1.1116760458194541,0
1595480306.9803784,142.56096267700195,1.1116760458194541,0
1595480306.9903762,143.2808074951172,1.1116760458194541,0
1595480307.0003679,144.00020599365234,1.1116760458194541,0
1595480307.01038,144.7210807800293,1.1116760458194541,0
1595480307.0203717,145.44047927856445,1.1116760458194541,0
1595480307.030374,146.1606502532959,1.1116760458194541,0
1595480307.0403717,146.88047790527344,1.1116760458194541,0
1595480307.0503771,147.60087203979492,1.1116760458194541,0
1595480307.0603638,148.31991004943848,1.1116760458194541,0
1595480307.0703685,149.04025268554688,1.1116760458194541,0
1595480307.0803716,149.7604751586914,1.1116760458194541,0
1595480307.0903716,150.4804744720459,1.1116760458194541,0
1595480307.1003702,151.20037078857422,1.1116760458194541,0
1595480307.1103778,151.92091941833496,1.1116760458194541,0
1595480307.1203656,152.640043258667,1.1116760458194541,0
1595480307.1303785,153.36096954345703,1.1116760458194541,0
1595480307.1403823,154.08124351501465,1.1116760458194541,0
1595480307.1503816,154.80119132995605,1.1116760458194541,0
1595480307.160377,155.52086448669434,1.1116760458194541,0
1595480307.170379,156.2410011291504,1.1116760458194541,0
1595480307.1803815,156.96118927001953,1.1116760458194541,0
1595480307.1903799,157.68106842041016,1.1116760458194541,0
1595480307.2003825,158.4012565612793,1.1116760458194541,0
1595480307.2103777,159.12091255187988,1.1116760458194541,0
1595480307.2203786,159.84098052978516,1.1116760458194541,0
1595480307.230366,160.5600700378418,1.1116760458194541,0
1595480307.2403824,161.28125381469727,1.1116760458194541,0
1595480307.2503803,162.0010986328125,1.1116760458194541,0
1595480307.2603698,162.7203426361084,1.1116760458194541,0
1595480307.2703707,163.44041061401367,1.1116760458194541,0
1595480307.2803667,164.16011810302734,1.1116760458194541,0
1595480307.290374,164.8806495666504,1.1116760458194541,0
1595480307.3003778,165.600923538208,1.1116760458194541,0
1595480307.3103821,166.32123184204102,1.1116760458194541,0
1595480307.3203738,167.04063034057617,1.1116760458194541,0
1595480307.3303814,167.7611789703369,1.1116760458194541,0
1595480307.340368,168.48021697998047,1.1116760458194541,0
1595480307.3503633,169.19987297058105,1.1116760458194541,0
1595480307.3603733,169.92059326171875,1.1116760458194541,0
1595480307.3703675,170.64018058776855,1.1116760458194541,0
1595480307.3803654,171.3600254058838,1.1116760458194541,0
1595480307.3903747,172.0806941986084,1.1116760458194541,0
1595480307.4003742,172.8006591796875,1.1116760458194541,0
1595480307.4103715,173.52046966552734,1.1116760458194541,0
1595480307.4203808,174.24113845825195,1.1116760458194541,0
1595480307.430363,174.9598503112793,1.1116760458194541,0
1595480307.440378,175.6809310913086,1.1116760458194541,0
1595480307.4503706,176.40039825439453,1.1116760458194541,0
1595480307.4603758,177.12077522277832,1.1116760458194541,0
1595480307.470382,177.8412208557129,1.1116760458194541,0
1595480307.4803677,178.56019020080566,1.1116760458194541,0
1595480307.4903693,179.28030967712402,1.1116760458194541,0
1595480307.500368,180.00022315979004,1.1116760458194541,0
1595480307.5103664,180.72010231018064,1.1116760458194541,0
1595480307.5203667,181.44011878967285,1.1116760458194541,0
1595480307.530377,182.1608562469482,1.1116760458194541,0
1595480307.5403705,182.88039207458496,1.1116760458194541,0
1595480307.550376,183.60078620910647,1.1116760458194541,0
1595480307.5603797,184.32106018066406,1.1116760458194541,0
1595480307.5703819,185.0412139892578,1.1116760458194541,0
1595480307.580377,185.7608699798584,1.1116760458194541,0
1595480307.5903742,186.48066329956058,1.1116760458194541,0
1595480307.6003778,187.20092010498044,1.1116760458194541,0
1595480307.610372,187.92050743103027,1.1116760458194541,0
1595480307.6203809,188.6411418914795,1.1116760458194541,0
1595480307.630377,189.36086654663086,1.1116760458194541,0
1595480307.6403654,190.08002471923825,1.1116760458194541,0
1595480307.650381,190.80115699768066,1.1116760458194541,0
1595480307.6603663,191.52009201049802,1.1116760458194541,0
1595480307.6703637,192.23990249633792,1.1116760458194541,0
1595480307.6803818,192.96120643615723,1.1116760458194541,0
1595480307.6903634,193.6798839569092,1.1116760458194541,0
1595480307.70038,194.40108489990232,1.1116760458194541,0
1595480307.7103748,195.12070655822754,1.1116760458194541,0
1595480307.7203646,195.83996772766113,1.1116760458194541,0
1595480307.7303658,196.5600528717041,1.1116760458194541,0
1595480307.740371,197.2804298400879,1.1116760458194541,0
1595480307.7503731,198.00058364868164,1.1116760458194541,0
1595480307.7603784,198.72096061706543,1.1116760458194541,0
1595480307.7703686,199.4402561187744,1.1116760458194541,0
1595480307.7803633,200.1598777770996,1.1116760458194541,0
1595480307.7903664,200.8801002502441,1.1116760458194541,0
1595480307.8003743,201.60066604614258,1.1116760458194541,0
1595480307.810376,202.32078552246094,1.1116760458194541,0
1595480307.8203723,203.04052734375,1.1116760458194541,0
1595480307.8303769,203.7608528137207,1.1116760458194541,0
1595480307.8403811,204.48116111755374,1.1116760458194541,0
1595480307.850375,205.20071411132812,1.1116760458194541,0
1595480307.8603692,205.92030143737793,1.1116760458194541,0
1595480307.8703744,206.64067840576172,1.1116760458194541,0
1595480307.8803802,207.36108970642087,1.1116760458194541,0
1595480307.890367,208.08014488220215,1.1116760458194541,0
1595480307.9003737,208.8006248474121,1.1116760458194541,0
1595480307.910372,209.5205039978027,1.1116760458194541,0
1595480307.9203792,210.2410182952881,1.1116760458194541,0
1595480307.9303637,210.95990180969238,1.1116760458194541,0
1595480307.9403672,211.6801586151123,1.1116760458194541,0
1595480307.9503815,212.40118789672854,1.1116760458194541,0
1595480307.960366,213.12007141113278,1.1116760458194541,0
1595480307.9703712,213.84044837951657,1.1116760458194541,0
1595480307.980363,214.55984687805176,1.1116760458194541,0
1595480307.9903743,215.28067016601562,1.1116760458194541,0
1595480308.0003717,216.00048065185547,1.1116760458194541,0
1595480308.0103655,216.72003364562988,1.1116760458194541,0
1595480308.0203662,217.44008445739746,1.1116760458194541,0
1595480308.0303802,218.16109657287598,1.1116760458194541,0
1595480308.040379,218.881010055542,1.1116760458194541,0
1595480308.0503623,219.59980773925784,1.1116760458194541,0
1595480308.0603766,220.320837020874,1.1116760458194541,0
1595480308.070368,221.0402183532715,1.1116760458194541,0
1595480308.0803695,221.76032066345215,1.1116760458194541,0
1595480308.090376,222.4807834625244,1.1116760458194541,0
1595480308.1003702,223.2003707885742,1.1116760458194541,0
1595480308.1103785,223.92097091674805,1.1116760458194541,0
1595480308.1203635,224.63988876342773,1.1116760458194541,0
1595480308.1303728,225.36055755615232,1.1116760458194541,0
1595480308.1403787,226.08098602294922,1.1116760458194541,0
1595480308.1503696,226.8003330230713,1.1116760458194541,0
1595480308.1603625,227.51981735229492,1.1116760458194541,0
1595480308.1703782,228.24094963073728,1.1116760458194541,0
1595480308.180363,228.9598503112793,1.1116760458194541,0
1595480308.1903682,229.6802272796631,1.1116760458194541,0
1595480308.2003798,230.40106773376465,1.1116760458194541,0
1595480308.2103784,231.12096405029297,1.1116760458194541,0
1595480308.220373,231.84056854248047,1.1116760458194541,0
1595480308.2303734,232.56060218811035,1.1116760458194541,0
1595480308.2403672,233.28015518188474,1.1116760458194541,0
1595480308.250374,234.00065231323245,1.1116760458194541,0
1595480308.2603633,234.7198791503906,1.1116760458194541,0
1595480308.2703776,235.44090843200684,1.1116760458194541,0
1595480308.280371,236.16042709350586,1.1116760458194541,0
1595480308.2903624,236.8798084259033,1.1116760458194541,0
1595480308.3003812,237.60116386413577,1.1116760458194541,0
1595480308.310366,238.32006454467773,1.1116760458194541,0
1595480308.3203728,239.0405616760254,1.1116760458194541,0
1595480308.3303645,239.75996017456055,1.1116760458194541,0
1595480308.3403676,240.4801826477051,1.1116760458194541,0
1595480308.350362,241.1997871398926,1.1116760458194541,0
1595480308.3603628,241.91983795166016,1.1116760458194541,0
1595480308.3703763,242.64081573486328,1.1116760458194541,0
1595480308.3803787,243.36098670959473,1.1116760458194541,0
1595480308.3903744,244.0806770324707,1.1116760458194541,0
1595480308.400367,244.80014419555664,1.1116760458194541,0
1595480308.410374,245.52064132690427,1.1116760458194541,0
1595480308.4203649,246.23998832702634,1.1116760458194541,0
1595480308.430375,246.96072578430176,1.1116760458194541,0
1595480308.4403713,247.68045043945312,1.1116760458194541,0
1595480308.450367,248.4001407623291,1.1116760458194541,0
1595480308.4603698,249.12034606933594,1.1116760458194541,0
1595480308.4703667,249.8401222229004,1.1116760458194541,0
1595480308.480372,250.56049919128418,1.1116760458194541,0
1595480308.490363,251.27984619140625,1.1116760458194541,0
1595480308.5003784,252.00096130371094,1.1116760458194541,0
1595480308.5103705,252.72039413452148,1.1116760458194541,0
1595480308.520363,253.43986129760742,1.1116760458194541,0
1595480308.5303645,254.15996360778811,1.1116760458194541,0
1595480308.5403674,254.88016891479495,1.1116760458194541,0
1595480308.5503762,255.60080337524417,1.1116760458194541,0
1595480308.5603797,256.32106018066406,1.1116760458194541,0
1595480308.570373,257.0405788421631,1.1116760458194541,0
1595480308.5803673,257.7601661682129,1.1116760458194541,0
1595480308.5903718,258.4804916381836,1.1116760458194541,0
1595480308.6003628,259.19983863830566,1.1116760458194541,0
1595480308.6103806,259.9211254119873,1.1116760458194541,0
1595480308.6203763,260.6408157348633,1.1116760458194541,0
1595480308.6303809,261.361141204834,1.1116760458194541,0
1595480308.6403797,262.0810546875,1.1116760458194541,0
1595480308.6503634,262.7998867034912,1.1116760458194541,0
1595480308.6603773,263.52088165283203,1.1116760458194541,0
1595480308.6703615,264.23974800109863,1.1116760458194541,0
1595480308.6803682,264.9602279663086,1.1116760458194541,0
1595480308.6903734,265.6806049346924,1.1116760458194541,0
1595480308.7003744,266.40067291259766,1.1116760458194541,0
1595480308.7103753,267.12074089050293,1.1116760458194541,0
1595480308.720378,267.84092903137207,1.1116760458194541,0
1595480308.7303698,268.5603446960449,1.1116760458194541,0
1595480308.7403634,269.27988052368164,1.1116760458194541,0
1595480308.7503748,270.0007038116455,1.1116760458194541,0
1595480308.7603705,270.7203941345215,1.1116760458194541,0
1595480308.7703793,271.4410285949707,1.1116760458194541,0
1595480308.7803686,272.1602554321289,1.1116760458194541,0
1595480308.7903662,272.88008308410645,1.1116760458194541,0
1595480308.8003666,273.6001167297363,1.1116760458194541,0
1595480308.8103786,274.3209743499756,1.1116760458194541,0
1595480308.820367,275.0401496887207,1.1116760458194541,0
1595480308.83037,275.76035499572754,1.1116760458194541,0
1595480308.8403633,276.47987365722656,1.1116760458194541,0
1595480308.8503716,277.2004737854004,1.1116760458194541,0
1595480308.8603668,277.920129776001,1.1116760458194541,0
1595480308.8703635,278.63988876342773,1.1116760458194541,0
1595480308.8803737,279.3606262207031,1.1116760458194541,0
1595480308.8903775,280.08090019226074,1.1116760458194541,0
1595480308.9003685,280.8002471923828,1.1116760458194541,0
1595480308.9103768,281.52084732055664,1.1116760458194541,0
1595480308.9203782,282.2409496307373,1.1116760458194541,0
1595480308.9303777,282.9609146118164,1.1116760458194541,0
1595480308.9403777,283.6809139251709,1.1116760458194541,0
1595480308.9503758,284.4007759094238,1.1116760458194541,0
1595480308.96037,285.12036323547363,1.1116760458194541,0
1595480308.970376,285.8407917022705,1.1116760458194541,0
1595480308.980364,286.55993270874023,1.1116760458194541,0
1595480308.990362,287.27977752685547,1.1116760458194541,0
1595480309.0003638,287.9999141693115,1.1116760458194541,0
1595480309.0103686,288.7202568054199,1.1116760458194541,0
1595480309.0203688,289.4402732849121,1.1116760458194541,0
1595480309.0303729,290.1605644226074,1.1116760458194541,0
1595480309.0403683,290.8802375793457,1.1116760458194541,0
1595480309.0503626,291.5998249053955,1.1116760458194541,0
1595480309.0603771,292.3208713531494,1.1116760458194541,0
1595480309.0703778,293.040922164917,1.1116760458194541,0
1595480309.0803664,293.7600975036621,1.1116760458194541,0
1595480309.0903642,294.47994232177734,1.1116760458194541,0
1595480309.1003637,295.19990730285645,1.1116760458194541,0
1595480309.1103632,295.91987228393555,1.1116760458194541,0
1595480309.1203718,296.64048957824707,1.1116760458194541,0
1595480309.1303701,297.3603687286377,1.1116760458194541,0
1595480309.140363,298.0798530578613,1.1116760458194541,0
1595480309.1503675,298.80017852783203,1.1116760458194541,0
1595480309.1603756,299.52076148986816,1.1116760458194541,0
1595480309.1703684,300.2402458190918,1.1116760458194541,0
1595480309.1803803,300.96110343933105,1.1116760458194541,0
1595480309.190365,301.68000411987305,1.1116760458194541,0
1595480309.2003803,302.40110206604004,1.1116760458194541,0
1595480309.2103803,303.12110137939453,1.1116760458194541,0
1595480309.2203763,303.8408088684082,1.1116760458194541,0
1595480309.2303739,304.56063652038574,1.1116760458194541,0
1595480309.2403765,305.2808246612549,1.1116760458194541,0
1595480309.2503703,306.0003776550293,1.1116760458194541,0
1595480309.2603714,306.72046279907227,1.1116760458194541,0
1595480309.2703662,307.44008445739746,1.1116760458194541,0
1595480309.2803757,308.16077041625977,1.1116760458194541,0
1595480309.2903633,308.8798770904541,1.1116760458194541,0
1595480309.3003705,309.60039138793945,1.1116760458194541,0
1595480309.3103788,310.3209915161133,1.1116760458194541,0
1595480309.3203707,311.04040718078613,1.1116760458194541,0
1595480309.3303618,311.7597713470459,1.1116760458194541,0
1595480309.3403628,312.4798393249512,1.1116760458194541,0
1595480309.3503618,313.1997699737549,1.1116760458194541,0
1595480309.3603768,313.9208507537842,1.1116760458194541,0
1595480309.3703647,314.6399745941162,1.1116760458194541,0
1595480309.3803701,315.3603687286377,1.1116760458194541,0
1595480309.3903677,316.08019638061523,1.1116760458194541,0
1595480309.4003687,316.8002643585205,1.1116760458194541,0
1595480309.4103713,317.52045249938965,1.1116760458194541,0
1595480309.4203699,318.24034881591797,1.1116760458194541,0
1595480309.4303675,318.9601764678955,1.1116760458194541,0
1595480309.4403627,319.6798324584961,1.1116760458194541,0
1595480309.4503763,320.4008102416992,1.1116760458194541,0
1595480309.4603753,321.12074089050293,1.1116760458194541,0
1595480309.470369,321.84029388427734,1.1116760458194541,0
1595480309.4803667,322.5601215362549,1.1116760458194541,0
1595480309.4903624,323.27981185913086,1.1116760458194541,0
1595480309.5003753,324.0007381439209,1.1116760458194541,0
1595480309.5103633,324.7198791503906,1.1116760458194541,0
1595480309.5203633,325.4398784637451,1.1116760458194541,0
1595480309.530375,326.1607189178467,1.1116760458194541,0
1595480309.5403638,326.8799114227295,1.1116760458194541,0
1595480309.550379,327.6010093688965,1.1116760458194541,0
1595480309.5603747,328.32069969177246,1.1116760458194541,0
1595480309.5703619,329.0397720336914,1.1116760458194541,0
1595480309.580378,329.7609386444092,1.1116760458194541,0
1595480309.590365,330.47999382019043,1.1116760458194541,0
1595480309.6003623,331.1998043060303,1.1116760458194541,0
1595480309.610361,331.9197177886963,1.1116760458194541,0
1595480309.6203656,332.640043258667,1.1116760458194541,0
1595480309.630371,333.3604373931885,1.1116760458194541,0
1595480309.6403732,334.0805912017822,1.1116760458194541,0
1595480309.650375,334.8007106781006,1.1116760458194541,0
1595480309.660377,335.52086448669434,1.1116760458194541,0
1595480309.670373,336.240571975708,1.1116760458194541,0
1595480309.680364,336.9599189758301,1.1116760458194541,0
1595480309.6903713,337.6804504394531,1.1116760458194541,0
1595480309.7003663,338.400089263916,1.1116760458194541,0
1595480309.710373,339.120569229126,1.1116760458194541,0
1595480309.7203686,339.84025955200195,1.1116760458194541,0
1595480309.7303627,340.55982971191406,1.1116760458194541,0
1595480309.740362,341.27977752685547,1.1116760458194541,0
1595480309.75037,342.0003604888916,1.1116760458194541,0
1595480309.7603643,342.7199478149414,1.1116760458194541,0
1595480309.7703679,343.4402046203613,1.1116760458194541,0
1595480309.7803626,344.1598262786865,1.1116760458194541,0
1595480309.7903671,344.8801517486572,1.1116760458194541,0
1595480309.8003604,345.59967041015625,1.1116760458194541,0
1595480309.8103614,346.3197383880615,1.1116760458194541,0
1595480309.8203697,347.04033851623535,1.1116760458194541,0
1595480309.8303626,347.759822845459,1.1116760458194541,0
1595480309.8403747,348.48069763183594,1.1116760458194541,0
1595480309.8503737,349.20062828063965,1.1116760458194541,0
1595480309.860372,349.9205074310303,1.1116760458194541,0
1595480309.8703783,350.64095306396484,1.1116760458194541,0
1595480309.8803737,351.3606262207031,1.1116760458194541,0
1595480309.8903737,352.0806255340576,1.1116760458194541,0
1595480309.900379,352.8010025024414,1.1116760458194541,0
1595480309.910363,353.5198516845703,1.1116760458194541,0
1595480309.9203682,354.2402286529541,1.1116760458194541,0
1595480309.9303622,354.9597988128662,1.1116760458194541,0
1595480309.940366,355.6800727844238,1.1116760458194541,0
1595480309.9503713,356.4004497528076,1.1116760458194541,0
1595480309.9603775,357.1208953857422,1.1116760458194541,0
1595480309.9703763,357.8408088684082,1.1116760458194541,0
1595480309.9803796,358.56104850769043,1.1116760458194541,0
1595480309.9903705,359.2803955078125,1.1116760458194541,0
1595480310.000362,359.99977684020996,1.1116760458194541,0
1595480310.0003855,360,1.1116760458194541,1
1595480310.0003855,0,1.1116760458194541,0
1595480310.0105603,0.7206516265869142,1.1116760458194541,0
1595480310.0205624,1.4408054351806638,1.1116760458194541,0
1595480310.0305572,2.1604270935058594,1.1116760458194541,0
1595480310.0405602,2.8806495666503906,1.1116760458194541,0
1595480310.0505636,3.600889205932617,1.1116760458194541,0
1595480310.0605595,4.320596694946289,1.1116760458194541,0
1595480310.0705705,5.041385650634766,1.1116760458194541,0
1595480310.0805678,5.761196136474609,1.1116760458194541,0
1595480310.090556,6.480337142944335,1.1116760458194541,0
1595480310.1005654,7.201023101806641,1.1116760458194541,0
1595480310.1105707,7.92140007019043,1.1116760458194541,0
1595480310.1205628,8.640832901000977,1.1116760458194541,0
1595480310.130563,9.360849380493164,1.1116760458194541,0
1595480310.1405563,10.080368041992188,1.1116760458194541,0
1595480310.1505518,10.800041198730469,1.1116760458194541,0
1595480310.160568,11.52120780944824,1.1116760458194541,0
1595480310.1705546,12.240245819091799,1.1116760458194541,0
1595480310.18056,12.960639953613281,1.1116760458194541,0
1595480310.1905522,13.680072784423828,1.1116760458194541,0
1595480310.2005634,14.40087890625,1.1116760458194541,0
1595480310.2105517,15.120037078857424,1.1116760458194541,0
1595480310.2205584,15.840517044067383,1.1116760458194541,0
1595480310.2305636,16.560894012451172,1.1116760458194541,0
1595480310.2405515,17.280017852783203,1.1116760458194541,0
1595480310.2505512,18.0,1.1116760458194541,0
1595480310.2605567,18.720394134521484,1.1116760458194541,0
1595480310.2705595,19.44059944152832,1.1116760458194541,0
1595480310.280554,20.16020393371582,1.1116760458194541,0
1595480310.290568,20.881216049194336,1.1116760458194541,0
1595480310.3005698,21.601335525512695,1.1116760458194541,0
1595480310.310561,22.32069969177246,1.1116760458194541,0
1595480310.3205702,23.041368484497074,1.1116760458194541,0
1595480310.3305695,23.76131629943848,1.1116760458194541,0
1595480310.3405566,24.480388641357422,1.1116760458194541,0
1595480310.350566,25.201057434082028,1.1116760458194541,0
1595480310.3605676,25.921176910400387,1.1116760458194541,0
1595480310.370552,26.640060424804688,1.1116760458194541,0
1595480310.3805559,27.360334396362305,1.1116760458194541,0
1595480310.3905606,28.0806770324707,1.1116760458194541,0
1595480310.4005542,28.800212860107422,1.1116760458194541,0
1595480310.4105682,29.521224975585938,1.1116760458194541,0
1595480310.4205604,30.240657806396484,1.1116760458194541,0
1595480310.4305642,30.9609317779541,1.1116760458194541,0
1595480310.4405575,31.680450439453125,1.1116760458194541,0
1595480310.4505584,32.4005184173584,1.1116760458194541,0
1595480310.4605558,33.12032890319824,1.1116760458194541,0
1595480310.4705644,33.840946197509766,1.1116760458194541,0
1595480310.4805524,34.56008720397949,1.1116760458194541,0
1595480310.4905698,35.28133964538574,1.1116760458194541,0
1595480310.500553,36.00012016296387,1.1116760458194541,0
1595480310.510559,36.72056579589844,1.1116760458194541,0
1595480310.5205605,37.4406681060791,1.1116760458194541,0
1595480310.530563,38.16085624694824,1.1116760458194541,0
1595480310.540568,38.881216049194336,1.1116760458194541,0
1595480310.5505655,39.60102653503418,1.1116760458194541,0
1595480310.5605607,40.320682525634766,1.1116760458194541,0
1595480310.5705628,41.040836334228516,1.1116760458194541,0
1595480310.5805566,41.76038932800293,1.1116760458194541,0
1595480310.5905511,42.47999382019043,1.1116760458194541,0
1595480310.6005583,43.20050811767578,1.1116760458194541,0
1595480310.6105638,43.920902252197266,1.1116760458194541,0
1595480310.620569,44.641279220581055,1.1116760458194541,0
1595480310.6305616,45.36074638366699,1.1116760458194541,0
1595480310.6405613,46.08072853088379,1.1116760458194541,0
1595480310.650558,46.80048751831054,1.1116760458194541,0
1595480310.6605613,47.52072715759277,1.1116760458194541,0
1595480310.6705613,48.24072647094726,1.1116760458194541,0
1595480310.6805642,48.960931777954094,1.1116760458194541,0
1595480310.6905608,49.68069076538086,1.1116760458194541,0
1595480310.7005594,50.40058708190918,1.1116760458194541,0
1595480310.7105687,51.121255874633796,1.1116760458194541,0
1595480310.720565,51.84099769592285,1.1116760458194541,0
1595480310.7305582,52.56049919128417,1.1116760458194541,0
1595480310.740556,53.280344009399414,1.1116760458194541,0
1595480310.750567,54.0011329650879,1.1116760458194541,0
1595480310.7605667,54.72111511230468,1.1116760458194541,0
1595480310.7705631,55.44085693359376,1.1116760458194541,0
1595480310.7805643,56.16094207763672,1.1116760458194541,0
1595480310.790554,56.88020324707031,1.1116760458194541,0
1595480310.8005517,57.60003089904785,1.1116760458194541,0
1595480310.810554,58.3202018737793,1.1116760458194541,0
1595480310.82056,59.040630340576165,1.1116760458194541,0
1595480310.8305604,59.76066398620605,1.1116760458194541,0
1595480310.8405542,60.48021697998047,1.1116760458194541,0
1595480310.850565,61.20098876953124,1.1116760458194541,0
1595480310.8605673,61.9211597442627,1.1116760458194541,0
1595480310.870554,62.64019775390624,1.1116760458194541,0
1595480310.8805575,63.36045455932618,1.1116760458194541,0
1595480310.8905578,64.08047103881836,1.1116760458194541,0
1595480310.90056,64.80062484741211,1.1116760458194541,0
1595480310.9105675,65.52117347717285,1.1116760458194541,0
1595480310.9205575,66.24045181274414,1.1116760458194541,0
1595480310.9305694,66.9613094329834,1.1116760458194541,0
1595480310.9405556,67.68031311035156,1.1116760458194541,0
1595480310.9505544,68.40022659301758,1.1116760458194541,0
1595480310.9605587,69.12053489685059,1.1116760458194541,0
1595480310.9705656,69.84103202819824,1.1116760458194541,0
1595480310.9805613,70.56072235107422,1.1116760458194541,0
1595480310.9905605,71.28067016601562,1.1116760458194541,0
1595480311.000553,72.00012016296387,1.1116760458194541,0
1595480311.0105586,72.72053146362305,1.1116760458194541,0
1595480311.0205688,73.44126892089844,1.1116760458194541,0
1595480311.0305562,74.16035842895508,1.1116760458194541,0
1595480311.040565,74.8809928894043,1.1116760458194541,0
1595480311.0505662,75.60107803344727,1.1116760458194541,0
1595480311.060551,76.31997871398926,1.1116760458194541,0
1595480311.0705643,77.04093933105469,1.1116760458194541,0
1595480311.080564,77.76092147827148,1.1116760458194541,0
1595480311.0905654,78.48102378845215,1.1116760458194541,0
1595480311.100567,79.20114326477051,1.1116760458194541,0
1595480311.1105611,79.92071342468262,1.1116760458194541,0
1595480311.1205564,80.6403694152832,1.1116760458194541,0
1595480311.1305664,81.3610897064209,1.1116760458194541,0
1595480311.1405532,82.08014488220215,1.1116760458194541,0
1595480311.150551,82.79998970031738,1.1116760458194541,0
1595480311.1605642,83.52093315124512,1.1116760458194541,0
1595480311.170566,84.24106979370117,1.1116760458194541,0
1595480311.1805644,84.9609489440918,1.1116760458194541,0
1595480311.1905503,85.67993545532227,1.1116760458194541,0
1595480311.200554,86.40019226074219,1.1116760458194541,0
1595480311.210568,87.1212043762207,1.1116760458194541,0
1595480311.2205637,87.84089469909668,1.1116760458194541,0
1595480311.23055,88.55991554260254,1.1116760458194541,0
1595480311.2405696,89.28132247924805,1.1116760458194541,0
1595480311.2505646,90.00096130371094,1.1116760458194541,0
1595480311.2605658,90.7210464477539,1.1116760458194541,0
1595480311.2705624,91.44080543518068,1.1116760458194541,0
1595480311.280567,92.16113090515137,1.1116760458194541,0
1595480311.2905693,92.88130187988283,1.1116760458194541,0
1595480311.3005638,93.60090637207033,1.1116760458194541,0
1595480311.3105655,94.32102584838869,1.1116760458194541,0
1595480311.3205683,95.04123115539552,1.1116760458194541,0
1595480311.3305538,95.76018333435059,1.1116760458194541,0
1595480311.340558,96.4804916381836,1.1116760458194541,0
1595480311.3505578,97.2004737854004,1.1116760458194541,0
1595480311.360551,97.91999244689943,1.1116760458194541,0
1595480311.3705633,98.64086723327635,1.1116760458194541,0
1595480311.3805597,99.36060905456543,1.1116760458194541,0
1595480311.390568,100.08120918273927,1.1116760458194541,0
1595480311.4005563,100.80036735534667,1.1116760458194541,0
1595480311.4105575,101.52045249938965,1.1116760458194541,0
1595480311.4205565,102.24038314819336,1.1116760458194541,0
1595480311.430565,102.9610004425049,1.1116760458194541,0
1595480311.440566,103.68106842041016,1.1116760458194541,0
1595480311.4505591,104.40056991577148,1.1116760458194541,0
1595480311.4605498,105.11989974975587,1.1116760458194541,0
1595480311.4705632,105.84086036682127,1.1116760458194541,0
1595480311.4805617,106.56075668334961,1.1116760458194541,0
1595480311.4905524,107.280086517334,1.1116760458194541,0
1595480311.500551,107.9999828338623,1.1116760458194541,0
1595480311.5105646,108.72096061706543,1.1116760458194541,0
1595480311.5205612,109.44071960449219,1.1116760458194541,0
1595480311.5305514,110.16001510620117,1.1116760458194541,0
1595480311.5405514,110.88001441955566,1.1116760458194541,0
1595480311.5505526,111.60009956359862,1.1116760458194541,0
1595480311.560566,112.32106018066406,1.1116760458194541,0
1595480311.5705528,113.04011535644531,1.1116760458194541,0
1595480311.5805547,113.76025199890137,1.1116760458194541,0
1595480311.5905619,114.48076629638673,1.1116760458194541,0
1595480311.6005569,115.20040512084961,1.1116760458194541,0
1595480311.6105652,115.92100524902345,1.1116760458194541,0
1595480311.6205688,116.64126205444336,1.1116760458194541,0
1595480311.6305516,117.36002540588377,1.1116760458194541,0
1595480311.6405578,118.08047103881836,1.1116760458194541,0
1595480311.6505504,118.79993820190431,1.1116760458194541,0
1595480311.660552,119.52005767822267,1.1116760458194541,0
1595480311.6705668,120.24112129211427,1.1116760458194541,0
1595480311.6805596,120.96060562133789,1.1116760458194541,0
1595480311.6905603,121.68065643310545,1.1116760458194541,0
1595480311.7005618,122.40075874328613,1.1116760458194541,0
1595480311.7105541,123.12020874023436,1.1116760458194541,0
1595480311.720556,123.84034538269044,1.1116760458194541,0
1595480311.730557,124.5604133605957,1.1116760458194541,0
1595480311.7405543,125.28022384643553,1.1116760458194541,0
1595480311.7505686,126.00125312805176,1.1116760458194541,0
1595480311.7605538,126.72018814086914,1.1116760458194541,0
1595480311.7705631,127.44085693359376,1.1116760458194541,0
1595480311.7805512,128.15999794006348,1.1116760458194541,0
1595480311.79055,128.8799114227295,1.1116760458194541,0
1595480311.800562,129.60076904296875,1.1116760458194541,0
1595480311.8105657,130.32104301452637,1.1116760458194541,0
1595480311.8205588,131.0405445098877,1.1116760458194541,0
1595480311.8305635,131.7608871459961,1.1116760458194541,0
1595480311.8405645,132.48095512390137,1.1116760458194541,0
1595480311.8505647,133.20097160339355,1.1116760458194541,0
1595480311.8605611,133.92071342468262,1.1116760458194541,0
1595480311.8705525,134.64009475708008,1.1116760458194541,0
1595480311.8805587,135.36054039001465,1.1116760458194541,0
1595480311.8905513,136.0800075531006,1.1116760458194541,0
1595480311.9005613,136.80072784423828,1.1116760458194541,0
1595480311.9105606,137.5206756591797,1.1116760458194541,0
1595480311.920561,138.24070930480957,1.1116760458194541,0
1595480311.930569,138.961275100708,1.1116760458194541,0
1595480311.9405587,139.6805362701416,1.1116760458194541,0
1595480311.9505668,140.40111923217773,1.1116760458194541,0
1595480311.960553,141.1201229095459,1.1116760458194541,0
1595480311.9705532,141.8401393890381,1.1116760458194541,0
1595480311.980567,142.5611343383789,1.1116760458194541,0
1595480311.990562,143.2807731628418,1.1116760458194541,0
1595480312.000562,144.0007724761963,1.1116760458194541,0
1595480312.0105557,144.7203254699707,1.1116760458194541,0
1595480312.020569,145.44128608703613,1.1116760458194541,0
1595480312.0305574,146.16044425964355,1.1116760458194541,0
1595480312.0405524,146.88008308410645,1.1116760458194541,0
1595480312.0505564,147.60037422180176,1.1116760458194541,0
1595480312.0605521,148.32006454467773,1.1116760458194541,0
1595480312.0705564,149.04037284851074,1.1116760458194541,0
1595480312.0805583,149.7605094909668,1.1116760458194541,0
1595480312.0905538,150.48018264770508,1.1116760458194541,0
1595480312.1005561,151.20035362243652,1.1116760458194541,0
1595480312.1105523,151.9200782775879,1.1116760458194541,0
1595480312.1205604,152.64066123962402,1.1116760458194541,0
1595480312.130551,153.3599910736084,1.1116760458194541,0
1595480312.1405497,154.07988739013672,1.1116760458194541,0
1595480312.150557,154.80041885375977,1.1116760458194541,0
1595480312.1605608,155.52069282531738,1.1116760458194541,0
1595480312.170564,156.2409152984619,1.1116760458194541,0
1595480312.1805525,156.96009063720703,1.1116760458194541,0
1595480312.1905522,157.68007278442383,1.1116760458194541,0
1595480312.2005584,158.4005184173584,1.1116760458194541,0
1595480312.2105675,159.1211700439453,1.1116760458194541,0
1595480312.220563,159.8408432006836,1.1116760458194541,0
1595480312.2305553,160.56029319763184,1.1116760458194541,0
1595480312.2405667,161.2811164855957,1.1116760458194541,0
1595480312.2505538,162.00018882751465,1.1116760458194541,0
1595480312.2605608,162.7206859588623,1.1116760458194541,0
1595480312.2705657,163.4410457611084,1.1116760458194541,0
1595480312.2805657,164.1610450744629,1.1116760458194541,0
1595480312.2905598,164.880615234375,1.1116760458194541,0
1595480312.300558,165.60049438476562,1.1116760458194541,0
1595480312.3105521,166.32006454467773,1.1116760458194541,0
1595480312.3205626,167.04081916809082,1.1116760458194541,0
1595480312.330566,167.76105880737305,1.1116760458194541,0
1595480312.3405578,168.4804744720459,1.1116760458194541,0
1595480312.350549,169.19983863830566,1.1116760458194541,0
1595480312.360557,169.9204216003418,1.1116760458194541,0
1595480312.3705666,170.6411075592041,1.1116760458194541,0
1595480312.3805618,171.3607635498047,1.1116760458194541,0
1595480312.390554,172.08019638061523,1.1116760458194541,0
1595480312.4005637,172.80089950561523,1.1116760458194541,0
1595480312.4105668,173.52112197875977,1.1116760458194541,0
1595480312.4205606,174.24067497253418,1.1116760458194541,0
1595480312.4305515,174.96002197265625,1.1116760458194541,0
1595480312.4405553,175.68029594421387,1.1116760458194541,0
1595480312.4505684,176.4012393951416,1.1116760458194541,0
1595480312.4605563,177.12036323547363,1.1116760458194541,0
1595480312.4705644,177.84094619750977,1.1116760458194541,0
1595480312.4805617,178.5607566833496,1.1116760458194541,0
1595480312.4905589,179.28055000305176,1.1116760458194541,0
1595480312.5005665,180.00109863281247,1.1116760458194541,0
1595480312.510564,180.72092628479004,1.1116760458194541,0
1595480312.520561,181.4407024383545,1.1116760458194541,0
1595480312.5305543,182.16022109985352,1.1116760458194541,0
1595480312.540549,182.8798427581787,1.1116760458194541,0
1595480312.5505579,183.60047721862793,1.1116760458194541,0
1595480312.560556,184.32033920288086,1.1116760458194541,0
1595480312.5705516,185.04002952575684,1.1116760458194541,0
1595480312.580558,185.7604923248291,1.1116760458194541,0
1595480312.5905497,186.4798908233643,1.1116760458194541,0
1595480312.6005511,187.19999313354492,1.1116760458194541,0
1595480312.6105628,187.92083358764648,1.1116760458194541,0
1595480312.6205606,188.64067840576175,1.1116760458194541,0
1595480312.6305666,189.36110687255857,1.1116760458194541,0
1595480312.6405585,190.08052253723145,1.1116760458194541,0
1595480312.6505663,190.80108833312985,1.1116760458194541,0
1595480312.6605554,191.52029800415042,1.1116760458194541,0
1595480312.6705647,192.240966796875,1.1116760458194541,0
1595480312.6805487,192.95981597900388,1.1116760458194541,0
1595480312.6905606,193.68067359924316,1.1116760458194541,0
1595480312.7005496,194.39988327026364,1.1116760458194541,0
1595480312.7105544,195.12022590637207,1.1116760458194541,0
1595480312.7205586,195.84053421020508,1.1116760458194541,0
1595480312.7305596,196.56060218811035,1.1116760458194541,0
1595480312.7405646,197.28096199035642,1.1116760458194541,0
1595480312.7505622,198.00078964233398,1.1116760458194541,0
1595480312.7605503,198.7199306488037,1.1116760458194541,0
1595480312.7705626,199.44082260131836,1.1116760458194541,0
1595480312.7805634,200.16087341308597,1.1116760458194541,0
1595480312.7905574,200.88044357299802,1.1116760458194541,0
1595480312.8005672,201.60114669799805,1.1116760458194541,0
1595480312.8105638,202.3209056854248,1.1116760458194541,0
1595480312.820555,203.04026985168457,1.1116760458194541,0
1595480312.8305564,203.76037216186523,1.1116760458194541,0
1595480312.8405542,204.4802169799805,1.1116760458194541,0
1595480312.850567,205.2011432647705,1.1116760458194541,0
1595480312.8605669,205.9211254119873,1.1116760458194541,0
1595480312.8705652,206.64100456237796,1.1116760458194541,0
1595480312.8805633,207.3608665466309,1.1116760458194541,0
1595480312.8905556,208.0803165435791,1.1116760458194541,0
1595480312.9005637,208.8008995056152,1.1116760458194541,0
1595480312.9105632,209.52086448669434,1.1116760458194541,0
1595480312.92055,210.2399196624756,1.1116760458194541,0
1595480312.9305518,210.96003913879395,1.1116760458194541,0
1595480312.9405625,211.68081092834475,1.1116760458194541,0
1595480312.9505613,212.4007244110107,1.1116760458194541,0
1595480312.960558,213.1204833984375,1.1116760458194541,0
1595480312.970549,213.83984756469724,1.1116760458194541,0
1595480312.980551,214.55998420715332,1.1116760458194541,0
1595480312.9905534,215.28015518188477,1.1116760458194541,0
1595480313.0005665,216.00109863281253,1.1116760458194541,0
1595480313.010553,216.72011947631836,1.1116760458194541,0
1595480313.0205553,217.4402904510498,1.1116760458194541,0
1595480313.030549,218.15984344482422,1.1116760458194541,0
1595480313.0405602,218.8806495666504,1.1116760458194541,0
1595480313.050567,219.60112953186035,1.1116760458194541,0
1595480313.0605571,220.32042503356934,1.1116760458194541,0
1595480313.0705574,221.0404415130615,1.1116760458194541,0
1595480313.0805516,221.76002883911133,1.1116760458194541,0
1595480313.090551,222.47997665405273,1.1116760458194541,0
1595480313.100562,223.2007827758789,1.1116760458194541,0
1595480313.1105516,223.9200267791748,1.1116760458194541,0
1595480313.1205652,224.64100456237793,1.1116760458194541,0
1595480313.1305633,225.36086654663086,1.1116760458194541,0
1595480313.1405501,226.0799217224121,1.1116760458194541,0
1595480313.150552,226.8000583648682,1.1116760458194541,0
1595480313.160567,227.52113914489746,1.1116760458194541,0
1595480313.170549,228.23983383178708,1.1116760458194541,0
1595480313.180555,228.96027946472168,1.1116760458194541,0
1595480313.1905673,229.68115425109863,1.1116760458194541,0
1595480313.200553,230.4001235961914,1.1116760458194541,0
1595480313.2105548,231.1202602386475,1.1116760458194541,0
1595480313.2205524,231.84008789062497,1.1116760458194541,0
1595480313.230557,232.56041336059573,1.1116760458194541,0
1595480313.2405646,233.28096199035647,1.1116760458194541,0
1595480313.2505636,234.00089263916016,1.1116760458194541,0
1595480313.2605493,234.71986198425293,1.1116760458194541,0
1595480313.2705674,235.44116592407227,1.1116760458194541,0
1595480313.2805624,236.16080474853513,1.1116760458194541,0
1595480313.2905605,236.88066673278806,1.1116760458194541,0
1595480313.3005583,237.60051155090332,1.1116760458194541,0
1595480313.3105567,238.32039070129392,1.1116760458194541,0
1595480313.320553,239.040132522583,1.1116760458194541,0
1595480313.3305619,239.76076698303223,1.1116760458194541,0
1595480313.3405519,240.48004531860352,1.1116760458194541,0
1595480313.3505616,241.20074844360352,1.1116760458194541,0
1595480313.3605537,241.92018127441406,1.1116760458194541,0
1595480313.3705528,242.6401119232178,1.1116760458194541,0
1595480313.38056,243.3606262207031,1.1116760458194541,0
1595480313.3905523,244.08007621765137,1.1116760458194541,0
1595480313.4005537,244.800178527832,1.1116760458194541,0
1595480313.4105499,245.51990318298343,1.1116760458194541,0
1595480313.4205515,246.2400226593018,1.1116760458194541,0
1595480313.4305527,246.9601078033447,1.1116760458194541,0
1595480313.4405527,247.68010711669922,1.1116760458194541,0
1595480313.4505534,248.4001579284668,1.1116760458194541,0
1595480313.460557,249.12041473388675,1.1116760458194541,0
1595480313.4705637,249.84089469909668,1.1116760458194541,0
1595480313.4805639,250.5609111785889,1.1116760458194541,0
1595480313.4905632,251.2808589935303,1.1116760458194541,0
1595480313.5005672,252.00115013122561,1.1116760458194541,0
1595480313.5105505,252.71994781494138,1.1116760458194541,0
1595480313.5205548,253.4402561187744,1.1116760458194541,0
1595480313.5305636,254.16089057922363,1.1116760458194541,0
1595480313.540565,254.88099288940427,1.1116760458194541,0
1595480313.5505486,255.5998077392578,1.1116760458194541,0
1595480313.560563,256.3208541870117,1.1116760458194541,0
1595480313.5705588,257.0405445098877,1.1116760458194541,0
1595480313.5805545,257.7602348327637,1.1116760458194541,0
1595480313.5905485,258.4798049926758,1.1116760458194541,0
1595480313.6005626,259.2008171081543,1.1116760458194541,0
1595480313.6105509,259.9199752807617,1.1116760458194541,0
1595480313.62055,260.63990592956543,1.1116760458194541,0
1595480313.6305525,261.36009407043457,1.1116760458194541,0
1595480313.64055,262.0799045562744,1.1116760458194541,0
1595480313.650559,262.8005561828613,1.1116760458194541,0
1595480313.6605542,263.5202121734619,1.1116760458194541,0
1595480313.670566,264.2410697937012,1.1116760458194541,0
1595480313.6805637,264.9608974456787,1.1116760458194541,0
1595480313.69056,265.6806392669678,1.1116760458194541,0
1595480313.7005641,266.4009304046631,1.1116760458194541,0
1595480313.7105563,267.12036323547363,1.1116760458194541,0
1595480313.7205644,267.84094619750977,1.1116760458194541,0
1595480313.7305574,268.5604476928711,1.1116760458194541,0
1595480313.740565,269.28099632263184,1.1116760458194541,0
1595480313.750548,269.99975967407227,1.1116760458194541,0
1595480313.7605634,270.72087478637695,1.1116760458194541,0
1595480313.770557,271.4404106140137,1.1116760458194541,0
1595480313.7805521,272.16006660461426,1.1116760458194541,0
1595480313.7905502,272.8799285888672,1.1116760458194541,0
1595480313.8005586,273.600528717041,1.1116760458194541,0
1595480313.8105533,274.3201503753662,1.1116760458194541,0
1595480313.8205523,275.0400810241699,1.1116760458194541,0
1595480313.830556,275.76033782958984,1.1116760458194541,0
1595480313.8405488,276.4798221588135,1.1116760458194541,0
1595480313.850555,277.20026779174805,1.1116760458194541,0
1595480313.8605587,277.92054176330566,1.1116760458194541,0
1595480313.8705633,278.64086723327637,1.1116760458194541,0
1595480313.880558,279.36048889160156,1.1116760458194541,0
1595480313.8905506,280.0799560546875,1.1116760458194541,0
1595480313.900552,280.80005836486816,1.1116760458194541,0
1595480313.9105494,281.519868850708,1.1116760458194541,0
1595480313.9205647,282.240966796875,1.1116760458194541,0
1595480313.9305556,282.96031379699707,1.1116760458194541,0
1595480313.9405603,283.68065643310547,1.1116760458194541,0
1595480313.9505548,284.40026092529297,1.1116760458194541,0
1595480313.9605625,285.1208095550537,1.1116760458194541,0
1595480313.9705548,285.84025955200195,1.1116760458194541,0
1595480313.9805632,286.5608596801758,1.1116760458194541,0
1595480313.990554,287.28020668029785,1.1116760458194541,0
1595480314.0005577,288.0004634857178,1.1116760458194541,0
1595480314.01056,288.7206344604492,1.1116760458194541,0
1595480314.0205615,289.4407367706299,1.1116760458194541,0
1595480314.030561,290.160701751709,1.1116760458194541,0
1595480314.0405512,290.87999725341797,1.1116760458194541,0
1595480314.0505505,291.5999450683594,1.1116760458194541,0
1595480314.0605624,292.32080268859863,1.1116760458194541,0
1595480314.0705593,293.0405788421631,1.1116760458194541,0
1595480314.0805557,293.76032066345215,1.1116760458194541,0
1595480314.0905616,294.480749130249,1.1116760458194541,0
1595480314.1005545,295.20023345947266,1.1116760458194541,0
1595480314.1105518,295.9200439453125,1.1116760458194541,0
1595480314.1205487,296.63982009887695,1.1116760458194541,0
1595480314.1305578,297.36047172546387,1.1116760458194541,0
1595480314.1405566,298.0803852081299,1.1116760458194541,0
1595480314.1505473,298.79971504211426,1.1116760458194541,0
1595480314.160552,299.52005767822266,1.1116760458194541,0
1595480314.1705563,300.24036598205566,1.1116760458194541,0
1595480314.1805573,300.96043395996094,1.1116760458194541,0
1595480314.1905558,301.68033027648926,1.1116760458194541,0
1595480314.200563,302.4008445739746,1.1116760458194541,0
1595480314.2105608,303.12068939208984,1.1116760458194541,0
1595480314.2205553,303.84029388427734,1.1116760458194541,0
1595480314.2305582,304.5604991912842,1.1116760458194541,0
1595480314.2405531,305.28013801574707,1.1116760458194541,0
1595480314.250564,306.00092697143555,1.1116760458194541,0
1595480314.260559,306.72056579589844,1.1116760458194541,0
1595480314.2705564,307.4403762817383,1.1116760458194541,0
1595480314.2805548,308.1602554321289,1.1116760458194541,0
1595480314.2905605,308.8806667327881,1.1116760458194541,0
1595480314.3005629,309.60083770751953,1.1116760458194541,0
1595480314.310547,310.31970405578613,1.1116760458194541,0
1595480314.3205664,311.04109382629395,1.1116760458194541,0
1595480314.3305564,311.76037216186523,1.1116760458194541,0
1595480314.340553,312.480131149292,1.1116760458194541,0
1595480314.35055,313.19990730285645,1.1116760458194541,0
1595480314.360563,313.9208507537842,1.1116760458194541,0
1595480314.3705618,314.6407642364502,1.1116760458194541,0
1595480314.3805542,315.36021423339844,1.1116760458194541,0
1595480314.3905582,316.08050537109375,1.1116760458194541,0
1595480314.4005558,316.8003330230713,1.1116760458194541,0
1595480314.4105523,317.52007484436035,1.1116760458194541,0
1595480314.4205606,318.2406749725342,1.1116760458194541,0
1595480314.43055,318.9599189758301,1.1116760458194541,0
1595480314.4405637,319.6808967590332,1.1116760458194541,0
1595480314.4505563,320.40036392211914,1.1116760458194541,0
1595480314.460552,321.1200542449951,1.1116760458194541,0
1595480314.4705641,321.84092903137207,1.1116760458194541,0
1595480314.4805503,322.55993270874023,1.1116760458194541,0
1595480314.4905622,323.2807903289795,1.1116760458194541,0
1595480314.5005562,324.0003604888916,1.1116760458194541,0
1595480314.5105555,324.720308303833,1.1116760458194541,0
1595480314.5205576,325.44046211242676,1.1116760458194541,0
1595480314.5305612,326.1607189178467,1.1116760458194541,0
1595480314.5405614,326.88073539733887,1.1116760458194541,0
1595480314.5505662,327.60107803344727,1.1116760458194541,0
1595480314.5605557,328.32032203674316,1.1116760458194541,0
1595480314.5705483,329.0397891998291,1.1116760458194541,0
1595480314.5805604,329.76066398620605,1.1116760458194541,0
1595480314.5905652,330.48100662231445,1.1116760458194541,0
1595480314.600548,331.1997699737549,1.1116760458194541,0
1595480314.610563,331.9208507537842,1.1116760458194541,0
1595480314.6205482,332.63978576660156,1.1116760458194541,0
1595480314.6305487,333.35981941223145,1.1116760458194541,0
1595480314.6405613,334.0807285308838,1.1116760458194541,0
1595480314.6505518,334.80004119873047,1.1116760458194541,0
1595480314.6605473,335.51971435546875,1.1116760458194541,0
1595480314.6705651,336.2410011291504,1.1116760458194541,0
1595480314.6805656,336.9610347747803,1.1116760458194541,0
1595480314.6905584,337.6805191040039,1.1116760458194541,0
1595480314.7005632,338.4008617401123,1.1116760458194541,0
1595480314.7105532,339.1201400756836,1.1116760458194541,0
1595480314.7205584,339.8405170440674,1.1116760458194541,0
1595480314.730554,340.56020736694336,1.1116760458194541,0
1595480314.7405517,341.2800350189209,1.1116760458194541,0
1595480314.7505627,342.0008239746094,1.1116760458194541,0
1595480314.7605627,342.72082328796387,1.1116760458194541,0
1595480314.7705636,343.44089126586914,1.1116760458194541,0
1595480314.780562,344.16077041625977,1.1116760458194541,0
1595480314.790565,344.8809928894043,1.1116760458194541,0
1595480314.800552,345.60004806518555,1.1116760458194541,0
1595480314.8105614,346.32073402404785,1.1116760458194541,0
1595480314.8205569,347.04040718078613,1.1116760458194541,0
1595480314.830559,347.7605609893799,1.1116760458194541,0
1595480314.8405592,348.48057746887207,1.1116760458194541,0
1595480314.8505518,349.200044631958,1.1116760458194541,0
1595480314.8605566,349.9203872680664,1.1116760458194541,0
1595480314.8705516,350.6400260925293,1.1116760458194541,0
1595480314.880553,351.36012840270996,1.1116760458194541,0
1595480314.8905492,352.0798530578613,1.1116760458194541,0
1595480314.9005547,352.8002471923828,1.1116760458194541,0
1595480314.910556,353.5203495025635,1.1116760458194541,0
1595480314.920555,354.2402801513672,1.1116760458194541,0
1595480314.9305508,354.95997047424316,1.1116760458194541,0
1595480314.9405625,355.6808109283447,1.1116760458194541,0
1595480314.9505494,356.399866104126,1.1116760458194541,0
1595480314.9605598,357.12062072753906,1.1116760458194541,0
1595480314.9705486,357.8398132324219,1.1116760458194541,0
1595480314.9805658,358.56104850769043,1.1116760458194541,0
1595480314.9905515,359.2800178527832,1.1116760458194541,0
1595480315.0005586,360,1.1116760458194541,1
1595480315.0005586,0,1.1116760458194541,0
1595480315.010844,0.7207717895507812,1.1116760458194541,0
1595480315.0208397,1.4404621124267576,1.1116760458194541,0
1595480315.030844,2.1607704162597656,1.1116760458194541,0
1595480315.040837,2.8802719116210938,1.1116760458194541,0
1595480315.050836,3.6002025604248047,1.1116760458194541,0
1595480315.0608346,4.320098876953125,1.1116760458194541,0
1595480315.0708468,5.040973663330078,1.1116760458194541,0
1595480315.080841,5.760560989379882,1.1116760458194541,0
1595480315.0908334,6.480010986328126,1.1116760458194541,0
1595480315.1008432,7.200714111328124,1.1116760458194541,0
1595480315.1108477,7.921039581298828,1.1116760458194541,0
1595480315.1208405,8.640523910522461,1.1116760458194541,0
1595480315.1308472,9.361003875732422,1.1116760458194541,0
1595480315.1408389,10.080402374267578,1.1116760458194541,0
1595480315.150834,10.800058364868164,1.1116760458194541,0
1595480315.1608367,11.520246505737305,1.1116760458194541,0
1595480315.170843,12.240692138671875,1.1116760458194541,0
1595480315.1808345,12.960090637207031,1.1116760458194541,0
1595480315.1908393,13.68043327331543,1.1116760458194541,0
1595480315.2008386,14.400381088256836,1.1116760458194541,0
1595480315.2108464,15.120946884155272,1.1116760458194541,0
1595480315.2208471,15.840997695922852,1.1116760458194541,0
1595480315.230845,16.560842514038086,1.1116760458194541,0
1595480315.2408428,17.28068733215332,1.1116760458194541,0
1595480315.2508461,18.000926971435547,1.1116760458194541,0
1595480315.2608514,18.721303939819336,1.1116760458194541,0
1595480315.2708335,19.44001579284668,1.1116760458194541,0
1595480315.2808454,20.160873413085938,1.1116760458194541,0
1595480315.2908506,20.881250381469727,1.1116760458194541,0
1595480315.300844,21.60076904296875,1.1116760458194541,0
1595480315.3108432,22.320716857910156,1.1116760458194541,0
1595480315.3208387,23.040390014648438,1.1116760458194541,0
1595480315.3308516,23.76131629943848,1.1116760458194541,0
1595480315.3408344,24.480079650878903,1.1116760458194541,0
1595480315.3508377,25.200319290161133,1.1116760458194541,0
1595480315.360842,25.92062759399414,1.1116760458194541,0
1595480315.3708394,26.64043807983398,1.1116760458194541,0
1595480315.380845,27.360849380493164,1.1116760458194541,0
1595480315.3908384,28.080368041992188,1.1116760458194541,0
1595480315.400843,28.800693511962894,1.1116760458194541,0
1595480315.410841,29.520555496215824,1.1116760458194541,0
1595480315.420842,30.240623474121094,1.1116760458194541,0
1595480315.4308364,30.960227966308594,1.1116760458194541,0
1595480315.440839,31.68041610717773,1.1116760458194541,0
1595480315.4508388,32.40039825439453,1.1116760458194541,0
1595480315.4608362,33.120208740234375,1.1116760458194541,0
1595480315.470836,33.84019088745117,1.1116760458194541,0
1595480315.480843,34.56070518493652,1.1116760458194541,0
1595480315.4908376,35.28030967712402,1.1116760458194541,0
1595480315.500838,36.000343322753906,1.1116760458194541,0
1595480315.5108411,36.72056579589844,1.1116760458194541,0
1595480315.5208428,37.4406852722168,1.1116760458194541,0
1595480315.5308406,38.16053009033203,1.1116760458194541,0
1595480315.5408452,38.880855560302734,1.1116760458194541,0
1595480315.5508354,39.60015106201172,1.1116760458194541,0
1595480315.560844,40.32076835632324,1.1116760458194541,0
1595480315.5708427,41.04068183898926,1.1116760458194541,0
1595480315.5808504,41.76123046875,1.1116760458194541,0
1595480315.5908496,42.481178283691406,1.1116760458194541,0
1595480315.6008394,43.200439453125,1.1116760458194541,0
1595480315.6108468,43.92097091674805,1.1116760458194541,0
1595480315.6208413,44.64057540893555,1.1116760458194541,0
1595480315.6308427,45.360677719116204,1.1116760458194541,0
1595480315.640846,46.08091735839844,1.1116760458194541,0
1595480315.6508338,46.80004119873047,1.1116760458194541,0
1595480315.6608422,47.5206413269043,1.1116760458194541,0
1595480315.6708384,48.240365982055664,1.1116760458194541,0
1595480315.6808507,48.96125793457031,1.1116760458194541,0
1595480315.690851,49.68127441406251,1.1116760458194541,0
1595480315.700847,50.40098190307617,1.1116760458194541,0
1595480315.7108498,51.12118721008301,1.1116760458194541,0
1595480315.7208347,51.840105056762695,1.1116760458194541,0
1595480315.7308338,52.56003570556641,1.1116760458194541,0
1595480315.7408338,53.2800350189209,1.1116760458194541,0
1595480315.7508502,54.001218795776374,1.1116760458194541,0
1595480315.7608337,54.72003364562988,1.1116760458194541,0
1595480315.7708387,55.44039344787598,1.1116760458194541,0
1595480315.7808392,56.16042709350586,1.1116760458194541,0
1595480315.7908435,56.88073539733887,1.1116760458194541,0
1595480315.8008356,57.600168228149414,1.1116760458194541,0
1595480315.810851,58.321283340454094,1.1116760458194541,0
1595480315.8208437,59.04075050354004,1.1116760458194541,0
1595480315.830848,59.761058807373054,1.1116760458194541,0
1595480315.840849,60.48112678527831,1.1116760458194541,0
1595480315.8508377,61.20031929016113,1.1116760458194541,0
1595480315.8608463,61.92093658447265,1.1116760458194541,0
1595480315.8708475,62.64102172851563,1.1116760458194541,0
1595480315.8808494,63.36115837097168,1.1116760458194541,0
1595480315.8908477,64.0810375213623,1.1116760458194541,0
1595480315.900843,64.80069351196289,1.1116760458194541,0
1595480315.9108365,65.52022933959961,1.1116760458194541,0
1595480315.9208417,66.2406063079834,1.1116760458194541,0
1595480315.9308493,66.96115493774414,1.1116760458194541,0
1595480315.9408486,67.68110275268555,1.1116760458194541,0
1595480315.950845,68.40084457397461,1.1116760458194541,0
1595480315.960842,69.12062072753906,1.1116760458194541,0
1595480315.9708388,69.84039688110352,1.1116760458194541,0
1595480315.9808373,70.56029319763184,1.1116760458194541,0
1595480315.9908414,71.28058433532715,1.1116760458194541,0
1595480316.0008514,72.00130462646484,1.1116760458194541,0
1595480316.0108426,72.72066879272461,1.1116760458194541,0
1595480316.0208507,73.44125175476074,1.1116760458194541,0
1595480316.0308478,74.16104507446289,1.1116760458194541,0
1595480316.040834,74.88004875183105,1.1116760458194541,0
1595480316.0508428,75.60068321228027,1.1116760458194541,0
1595480316.0608413,76.3205795288086,1.1116760458194541,0
1595480316.0708508,77.0412654876709,1.1116760458194541,0
1595480316.0808494,77.76116180419922,1.1116760458194541,0
1595480316.0908413,78.48057746887207,1.1116760458194541,0
1595480316.100851,79.20128059387207,1.1116760458194541,0
1595480316.110844,79.9207649230957,1.1116760458194541,0
1595480316.1208372,80.64028358459473,1.1116760458194541,0
1595480316.1308405,81.36052322387695,1.1116760458194541,0
1595480316.1408374,82.0802993774414,1.1116760458194541,0
1595480316.1508396,82.80045318603516,1.1116760458194541,0
1595480316.1608498,83.52119064331055,1.1116760458194541,0
1595480316.170839,84.24041748046875,1.1116760458194541,0
1595480316.1808486,84.96110343933105,1.1116760458194541,0
1595480316.1908443,85.68079376220703,1.1116760458194541,0
1595480316.2008486,86.40110206604004,1.1116760458194541,0
1595480316.2108397,87.1204662322998,1.1116760458194541,0
1595480316.2208476,87.84103202819824,1.1116760458194541,0
1595480316.2308476,88.56103134155273,1.1116760458194541,0
1595480316.2408507,89.28125381469727,1.1116760458194541,0
1595480316.250841,90.00054931640624,1.1116760458194541,0
1595480316.2608378,90.72032546997069,1.1116760458194541,0
1595480316.2708423,91.4406509399414,1.1116760458194541,0
1595480316.2808468,92.16097640991211,1.1116760458194541,0
1595480316.2908392,92.88042640686034,1.1116760458194541,0
1595480316.3008423,93.6006488800049,1.1116760458194541,0
1595480316.3108416,94.3205966949463,1.1116760458194541,0
1595480316.32085,95.04119682312012,1.1116760458194541,0
1595480316.3308403,95.7605094909668,1.1116760458194541,0
1595480316.3408508,96.48126411437988,1.1116760458194541,0
1595480316.3508477,97.20104026794434,1.1116760458194541,0
1595480316.360837,97.92026710510254,1.1116760458194541,0
1595480316.3708425,98.64066123962402,1.1116760458194541,0
1595480316.3808439,99.36076354980469,1.1116760458194541,0
1595480316.3908331,100.07999038696288,1.1116760458194541,0
1595480316.4008358,100.80017852783203,1.1116760458194541,0
1595480316.410835,101.52012634277344,1.1116760458194541,0
1595480316.4208457,102.24089813232422,1.1116760458194541,0
1595480316.4308507,102.96125793457033,1.1116760458194541,0
1595480316.4408348,103.68010711669922,1.1116760458194541,0
1595480316.4508457,104.40089607238771,1.1116760458194541,0
1595480316.4608471,105.12099838256835,1.1116760458194541,0
1595480316.4708366,105.84024238586426,1.1116760458194541,0
1595480316.4808357,106.56017303466797,1.1116760458194541,0
1595480316.4908483,107.28108215332031,1.1116760458194541,0
1595480316.5008397,108.00046348571779,1.1116760458194541,0
1595480316.5108387,108.72039413452147,1.1116760458194541,0
1595480316.5208445,109.44080543518066,1.1116760458194541,0
1595480316.5308447,110.16082191467287,1.1116760458194541,0
1595480316.5408368,110.88025474548341,1.1116760458194541,0
1595480316.5508363,111.6002197265625,1.1116760458194541,0
1595480316.560844,112.32076835632324,1.1116760458194541,0
1595480316.5708368,113.04025268554686,1.1116760458194541,0
1595480316.580845,113.7608528137207,1.1116760458194541,0
1595480316.59084,114.48049163818358,1.1116760458194541,0
1595480316.600836,115.20019912719728,1.1116760458194541,0
1595480316.6108408,115.92054176330566,1.1116760458194541,0
1595480316.6208322,116.63992309570314,1.1116760458194541,0
1595480316.6308424,117.36066055297852,1.1116760458194541,0
1595480316.640834,118.08005905151366,1.1116760458194541,0
1595480316.650846,118.80091667175293,1.1116760458194541,0
1595480316.660842,119.5206241607666,1.1116760458194541,0
1595480316.670841,120.24055480957031,1.1116760458194541,0
1595480316.6808414,120.9605884552002,1.1116760458194541,0
1595480316.6908426,121.68067359924318,1.1116760458194541,0
1595480316.7008388,122.40039825439453,1.1116760458194541,0
1595480316.7108335,123.12001991271973,1.1116760458194541,0
1595480316.720837,123.84027671813965,1.1116760458194541,0
1595480316.730841,124.56055068969728,1.1116760458194541,0
1595480316.7408323,125.27993202209473,1.1116760458194541,0
1595480316.7508337,126.00003433227539,1.1116760458194541,0
1595480316.7608428,126.7206859588623,1.1116760458194541,0
1595480316.7708397,127.44046211242676,1.1116760458194541,0
1595480316.780847,128.1609935760498,1.1116760458194541,0
1595480316.7908463,128.8809413909912,1.1116760458194541,0
1595480316.8008392,129.60042572021484,1.1116760458194541,0
1595480316.8108408,130.3205451965332,1.1116760458194541,0
1595480316.8208463,131.0409393310547,1.1116760458194541,0
1595480316.8308377,131.76032066345215,1.1116760458194541,0
1595480316.8408504,132.4812297821045,1.1116760458194541,0
1595480316.8508503,133.20122909545898,1.1116760458194541,0
1595480316.8608327,133.91995811462402,1.1116760458194541,0
