Timestamp,Phase,Heading,Ping?
1595877769.010114,262.33347137185973,260.53119857522887,0
1595877769.0201015,264.13123805734557,260.53119857522887,0
1595877769.0301108,265.9329100391571,260.53119857522887,0
1595877769.0401068,267.7321787616913,260.53119857522887,0
1595877769.0501063,269.532091214389,260.53119857522887,0
1595877769.060102,271.33131702157897,260.53119857522887,0
1595877769.0701191,273.13440520975035,260.53119857522887,0
1595877769.0801094,274.9326439640228,260.53119857522887,0
1595877769.0901158,276.7338009617035,260.53119857522887,0
1595877769.1001024,278.53139598581237,260.53119857522887,0
1595877769.1101186,280.3343125126068,260.53119857522887,0
1595877769.1201055,282.1319504520599,260.53119857522887,0
1595877769.1301134,283.933364941806,260.53119857522887,0
1595877769.1401064,285.73211868020934,260.53119857522887,0
1595877769.1501117,287.5330611011688,260.53119857522887,0
1595877769.1601028,289.3314715168182,260.53119857522887,0
1595877769.1701195,291.13447387430114,260.53119857522887,0
1595877769.1801028,292.9314680835907,260.53119857522887,0
1595877769.190113,294.73331172677916,260.53119857522887,0
1595877769.2001035,296.53159339639586,260.53119857522887,0
1595877769.2101161,298.3338661930267,260.53119857522887,0
1595877769.2201204,300.13463695260924,260.53119857522887,0
1595877769.230113,301.9333048603241,260.53119857522887,0
1595877769.2401083,303.73244483682555,260.53119857522887,0
1595877769.2501101,305.5327864429657,260.53119857522887,0
1595877769.2601123,307.33317096445006,260.53119857522887,0
1595877769.2701063,309.13209636423034,260.53119857522887,0
1595877769.2801106,310.93286712381285,260.53119857522887,0
1595877769.2901168,312.7339812061493,260.53119857522887,0
1595877769.3001196,314.53449447366637,260.53119857522887,0
1595877769.310118,316.33419234964293,260.53119857522887,0
1595877769.3201108,318.132903172702,260.53119857522887,0
1595877769.3301163,319.9338885090057,260.53119857522887,0
1595877769.3401065,321.7321272632782,260.53119857522887,0
1595877769.3501177,323.5341425678436,260.53119857522887,0
1595877769.3601038,325.331651761264,260.53119857522887,0
1595877769.3701196,327.13448245737,260.53119857522887,0
1595877769.3801067,328.93216331216735,260.53119857522887,0
1595877769.3901095,330.73267657968444,260.53119857522887,0
1595877769.4001126,332.53323276254577,260.53119857522887,0
1595877769.410117,334.3340035221283,260.53119857522887,0
1595877769.420103,336.1315127155487,260.53119857522887,0
1595877769.4301164,337.93391425821227,260.53119857522887,0
1595877769.4401195,339.7344704410736,260.53119857522887,0
1595877769.4501193,341.5344258091156,260.53119857522887,0
1595877769.460105,343.3318491718475,260.53119857522887,0
1595877769.4701197,345.1345082065765,260.53119857522887,0
1595877769.480109,346.93257529947203,260.53119857522887,0
1595877769.490109,348.73257358285827,260.53119857522887,0
1595877769.5001106,350.53287227365416,260.53119857522887,0
1595877769.5101159,352.33381469461364,260.53119857522887,0
1595877769.5201037,354.1316242954437,260.53119857522887,0
1595877769.5301147,355.9335966846649,260.53119857522887,0
1595877769.540102,357.7313204548065,260.53119857522887,0
1595877769.550101,359.5311470768158,260.53119857522887,0
1595877769.5527089,360,260.53119857522887,1
1595877769.5527089,0,260.53119857522887,0
1595877769.921008,66.29386146280211,260.53119857522887,0
1595877769.921008,46.40570302396148,240.64304013638824,0
1595877771.0101187,242.44561334042876,240.64304013638824,0
1595877771.0201051,244.2431654491934,240.64304013638824,0
1595877771.0301218,246.04616780667632,240.64304013638824,0
1595877771.04012,247.84582276730865,240.64304013638824,0
1595877771.0501175,249.6453918972525,240.64304013638824,0
1595877771.0601192,251.4456905880484,240.64304013638824,0
1595877771.0701091,253.24388642697662,240.64304013638824,0
1595877771.0801067,255.04345555692046,240.64304013638824,0
1595877771.090114,256.84478421597805,240.64304013638824,0
1595877771.1001134,258.64465375333157,240.64304013638824,0
1595877771.1101048,260.4431070843252,240.64304013638824,0
1595877771.12011,262.2440495052847,240.64304013638824,0
1595877771.130109,264.04387612729397,240.64304013638824,0
1595877771.1401112,265.84426064877835,240.64304013638824,0
1595877771.1501148,267.64490266232815,240.64304013638824,0
1595877771.1601138,269.4447292843374,240.64304013638824,0
1595877771.1701167,271.2452425518545,240.64304013638824,0
1595877771.180112,273.044382528356,240.64304013638824,0
1595877771.1901047,274.84309335141506,240.64304013638824,0
1595877771.2001154,276.645022825292,240.64304013638824,0
1595877771.2101128,278.4445490398916,240.64304013638824,0
1595877771.2201154,280.2450193920645,240.64304013638824,0
1595877771.2301104,282.0441164532217,240.64304013638824,0
1595877771.2401145,283.84484429746,240.64304013638824,0
1595877771.2501085,285.64376969724026,240.64304013638824,0
1595877771.2601194,287.44574208646145,240.64304013638824,0
1595877771.2701077,289.24363751798,240.64304013638824,0
1595877771.2801065,291.04342122464504,240.64304013638824,0
1595877771.2901194,292.84573693662014,240.64304013638824,0
1595877771.3001082,294.6437181988272,240.64304013638824,0
1595877771.3101149,296.4449181118521,240.64304013638824,0
1595877771.32011,298.24405808835354,240.64304013638824,0
1595877771.3301246,300.0466742077383,240.64304013638824,0
1595877771.3401167,301.8452562847647,240.64304013638824,0
1595877771.3501227,303.64632745175686,240.64304013638824,0
1595877771.3601143,305.44482369809475,240.64304013638824,0
1595877771.3701243,307.246624425939,240.64304013638824,0
1595877771.3801224,309.0462793865713,240.64304013638824,0
1595877771.3901093,310.84391732602444,240.64304013638824,0
1595877771.4001222,312.64623303799954,240.64304013638824,0
1595877771.4101205,314.4459309139761,240.64304013638824,0
1595877771.4201112,316.24425549893704,240.64304013638824,0
1595877771.4301212,318.0460562267813,240.64304013638824,0
1595877771.4401224,319.8462690868887,240.64304013638824,0
1595877771.4501073,321.6435637035879,240.64304013638824,0
1595877771.460116,323.4451069393667,240.64304013638824,0
1595877771.4701161,325.2451481380972,240.64304013638824,0
1595877771.480114,327.0447601833853,240.64304013638824,0
1595877771.490113,328.84458680539456,240.64304013638824,0
1595877771.5001216,330.64613004117336,240.64304013638824,0
1595877771.5101156,332.44505544095364,240.64304013638824,0
1595877771.520115,334.24492497830715,240.64304013638824,0
1595877771.5301192,336.0456957378897,240.64304013638824,0
1595877771.5401106,337.8441490688833,240.64304013638824,0
1595877771.5501199,339.64582105069485,240.64304013638824,0
1595877771.560107,341.4435019054922,240.64304013638824,0
1595877771.570114,343.24474473386135,240.64304013638824,0
1595877771.5801058,345.0432838955435,240.64304013638824,0
1595877771.5901058,346.8432821789297,240.64304013638824,0
1595877771.600106,348.6433233776602,240.64304013638824,0
1595877771.6101193,350.44572492032376,240.64304013638824,0
1595877771.6201205,352.2459377804312,240.64304013638824,0
1595877771.630112,354.04439111142483,240.64304013638824,0
1595877771.640112,355.84438939481106,240.64304013638824,0
1595877771.6501248,357.64670510678616,240.64304013638824,0
1595877771.6601121,359.44442887692776,240.64304013638824,0
1595877771.6632128,360,240.64304013638824,1
1595877771.6632128,0,240.64304013638824,0
1595877771.8486476,33.378278211644584,240.64304013638824,0
1595877771.8486476,23.364794748151212,230.62955667289486,0
1595877773.0101223,232.4302416017889,230.62955667289486,0
1595877773.0201347,234.23247148307553,230.62955667289486,0
1595877773.0301192,236.02968026908627,230.62955667289486,0
1595877773.0401194,237.82972146781674,230.62955667289486,0
1595877773.0501254,239.63079263480893,230.62955667289486,0
1595877773.0601375,241.4329796007513,230.62955667289486,0
1595877773.0701365,243.2328062227606,230.62955667289486,0
1595877773.0801299,245.03160287650815,230.62955667289486,0
1595877773.090126,246.83091451438656,230.62955667289486,0
1595877773.1001258,248.63086988242856,230.62955667289486,0
1595877773.1101358,250.4326706102728,230.62955667289486,0
1595877773.1201217,252.23013688834897,230.62955667289486,0
1595877773.1301265,254.03099347861996,230.62955667289486,0
1595877773.140128,255.83124925407162,230.62955667289486,0
1595877773.1501248,257.63068963798275,230.62955667289486,0
1595877773.160126,259.4309024980902,230.62955667289486,0
1595877773.1701186,261.229570405805,230.62955667289486,0
1595877773.180122,263.0301695040106,230.62955667289486,0
1595877773.1901367,264.8328285387396,230.62955667289486,0
1595877773.2001266,266.6310243776678,230.62955667289486,0
1595877773.210132,268.4319667986273,230.62955667289486,0
1595877773.2201266,270.2310209444403,230.62955667289486,0
1595877773.2301319,272.03196336539975,230.62955667289486,0
1595877773.2401218,273.83015920432797,230.62955667289486,0
1595877773.2501183,275.6295137575506,230.62955667289486,0
1595877773.2601237,277.43049909385434,230.62955667289486,0
1595877773.270129,279.2314415148138,230.62955667289486,0
1595877773.280128,281.0312681368231,230.62955667289486,0
1595877773.2901309,282.8317814043402,230.62955667289486,0
1595877773.3001285,284.631350534284,230.62955667289486,0
1595877773.310132,286.43199254783383,230.62955667289486,0
1595877773.3201194,288.22971631797543,230.62955667289486,0
1595877773.3301187,290.02958585532895,230.62955667289486,0
1595877773.3401291,291.83147241386166,230.62955667289486,0
1595877773.3501325,293.6320715120672,230.62955667289486,0
1595877773.3601267,295.43103982719174,230.62955667289486,0
1595877773.3701224,297.2302656343817,230.62955667289486,0
1595877773.380137,299.03288175376645,230.62955667289486,0
1595877773.3901258,300.8308630159735,230.62955667289486,0
1595877773.4001195,302.6297455004095,230.62955667289486,0
1595877773.4101276,304.43120290549984,230.62955667289486,0
1595877773.420136,306.2327032259344,230.62955667289486,0
1595877773.4301212,308.0300407579779,230.62955667289486,0
1595877773.4401305,309.8317127397894,230.62955667289486,0
1595877773.4501343,311.63239766868344,230.62955667289486,0
1595877773.4601355,313.43261052879086,230.62955667289486,0
1595877773.4701233,315.23042012962094,230.62955667289486,0
1595877773.4801328,317.0321350267767,230.62955667289486,0
1595877773.4901235,318.83045961173764,230.62955667289486,0
1595877773.5001326,320.6320886782049,230.62955667289486,0
1595877773.5101225,322.43028451713315,230.62955667289486,0
1595877773.5201344,324.2324285677313,230.62955667289486,0
1595877773.5301335,326.03225518974057,230.62955667289486,0
1595877773.5401282,327.83130933555356,230.62955667289486,0
1595877773.5501196,329.6297626665472,230.62955667289486,0
1595877773.5601232,331.430404680097,230.62955667289486,0
1595877773.570121,333.2300167253851,230.62955667289486,0
1595877773.5801225,335.03027250083676,230.62955667289486,0
1595877773.5901313,336.8318586519598,230.62955667289486,0
1595877773.6001313,338.63185693534604,230.62955667289486,0
1595877773.6101182,340.42949487479916,230.62955667289486,0
1595877773.6201298,342.23159601005307,230.62955667289486,0
1595877773.6301365,344.03279592307797,230.62955667289486,0
1595877773.6401355,345.83262254508725,230.62955667289486,0
1595877773.6501205,347.62991716178647,230.62955667289486,0
1595877773.6601248,349.430687921369,230.62955667289486,0
1595877773.6701248,351.2306862047552,230.62955667289486,0
1595877773.6801198,353.02978326591244,230.62955667289486,0
1595877773.6901202,354.82986737998715,230.62955667289486,0
1595877773.7001193,356.6296940019964,230.62955667289486,0
1595877773.7101293,358.43149472984067,230.62955667289486,0
1595877773.7188451,360,230.62955667289486,1
1595877773.7188451,0,230.62955667289486,0
1595877773.813753,17.0834045580267,230.62955667289486,0
1595877773.813753,11.95838319061869,225.50453530548685,0
1595877775.0101314,227.30650769470805,225.50453530548685,0
1595877775.0201223,229.10487519501322,225.50453530548685,0
1595877775.0301366,230.90744839905375,225.50453530548685,0
1595877775.0401254,232.70542966126078,225.50453530548685,0
1595877775.0501328,234.5067583203184,225.50453530548685,0
1595877775.0601323,236.30667077301615,225.50453530548685,0
1595877775.070121,238.10465203522318,225.50453530548685,0
1595877775.0801368,239.90748273132914,225.50453530548685,0
1595877775.090124,241.7051635861265,225.50453530548685,0
1595877775.100131,243.50644932983988,225.50453530548685,0
1595877775.1101227,245.30494557617777,225.50453530548685,0
1595877775.1201327,247.106746304022,225.50453530548685,0
1595877775.1301208,248.90459882019633,225.50453530548685,0
1595877775.140132,250.70661412476176,225.50453530548685,0
1595877775.1501257,252.5054966091978,225.50453530548685,0
1595877775.16013,254.3062673687803,225.50453530548685,0
1595877775.1701307,256.10639439819926,225.50453530548685,0
1595877775.1801314,257.9065214276182,225.50453530548685,0
1595877775.190125,259.70536099671,225.50453530548685,0
1595877775.2001266,261.5056596875059,225.50453530548685,0
1595877775.210137,263.3075033306944,225.50453530548685,0
1595877775.2201252,265.10539876221293,225.50453530548685,0
1595877775.230136,266.9073282360899,225.50453530548685,0
1595877775.2401383,268.7077556729185,225.50453530548685,0
1595877775.2501237,270.5051361203062,225.50453530548685,0
1595877775.2601297,272.3062072872984,225.50453530548685,0
1595877775.2701366,274.1074501156675,225.50453530548685,0
1595877775.2801354,275.90723382233256,225.50453530548685,0
1595877775.2901247,277.70530091522807,225.50453530548685,0
1595877775.3001297,279.5062004208433,225.50453530548685,0
1595877775.3101277,281.3058553814756,225.50453530548685,0
1595877775.3201244,283.1052528500425,225.50453530548685,0
1595877775.3301287,284.90602360962504,225.50453530548685,0
1595877775.3401322,286.70666562317484,225.50453530548685,0
1595877775.3501337,288.5069213986265,225.50453530548685,0
1595877775.3601236,290.3051172375547,225.50453530548685,0
1595877775.3701386,292.10781918762797,225.50453530548685,0
1595877775.3801346,293.90708791016215,225.50453530548685,0
1595877775.3901255,295.7054554104673,225.50453530548685,0
1595877775.400121,297.504638302313,225.50453530548685,0
1595877775.410138,299.3076835751402,225.50453530548685,0
1595877775.4201355,301.107252705084,225.50453530548685,0
1595877775.430125,302.90536271332377,225.50453530548685,0
1595877775.4401274,304.7057901501524,225.50453530548685,0
1595877775.4501386,306.5078054547178,225.50453530548685,0
1595877775.4601214,308.3047138333189,225.50453530548685,0
1595877775.4701202,310.1044975399839,225.50453530548685,0
1595877775.4801238,311.90513955353373,225.50453530548685,0
1595877775.490127,313.7057386517393,225.50453530548685,0
1595877775.5001235,315.50509320496195,225.50453530548685,0
1595877775.5101357,317.30728017090433,225.50453530548685,0
1595877775.5201387,319.10783635376566,225.50453530548685,0
1595877775.5301251,320.9053884625303,225.50453530548685,0
1595877775.5401278,322.70585881470316,225.50453530548685,0
1595877775.5501263,324.50559960602396,225.50453530548685,0
1595877775.5601223,326.30486832855814,225.50453530548685,0
1595877775.57012,328.10448037384623,225.50453530548685,0
1595877775.5801263,329.90559445618265,225.50453530548685,0
1595877775.590136,331.70735226868265,225.50453530548685,0
1595877775.600121,333.5046468853819,225.50453530548685,0
1595877775.6101384,335.3077779888975,225.50453530548685,0
1595877775.6201272,337.10575925110453,225.50453530548685,0
1595877775.6301367,338.9074741482603,225.50453530548685,0
1595877775.6401243,340.70524083374613,225.50453530548685,0
1595877775.650134,342.50699864624613,225.50453530548685,0
1595877775.6601298,344.3062244534361,225.50453530548685,0
1595877775.6701207,346.10459195374125,225.50453530548685,0
1595877775.6801245,347.9052768826353,225.50453530548685,0
1595877775.6901357,349.7072921872007,225.50453530548685,0
1595877775.7001336,351.5069042324888,225.50453530548685,0
1595877775.710138,353.30771790741557,225.50453530548685,0
1595877775.7201204,355.10454045532816,225.50453530548685,0
1595877775.7301235,356.9050966381895,225.50453530548685,0
1595877775.7401228,358.704966175543,225.50453530548685,0
1595877775.747318,360,225.50453530548685,1
1595877775.747318,0,225.50453530548685,0
1595877775.7988186,9.270080196844276,225.50453530548685,0
1595877775.7988186,6.489056137790993,222.72351124643356,0
1595877777.010122,224.52368119119674,222.72351124643356,0
1595877777.0201387,226.32668354867965,222.72351124643356,0
1595877777.0301235,228.12393525003463,222.72351124643356,0
1595877777.040137,229.92637970804245,222.72351124643356,0
1595877777.050137,231.72637799142868,222.72351124643356,0
1595877777.0601382,233.5265908515361,222.72351124643356,0
1595877777.0701306,235.3252158439067,222.72351124643356,0
1595877777.0801377,237.12650158762008,222.72351124643356,0
1595877777.0901315,238.92538407205612,222.72351124643356,0
1595877777.1001315,240.72538235544235,222.72351124643356,0
1595877777.1101298,242.5250802314189,222.72351124643356,0
1595877777.1201298,244.32507851480514,222.72351124643356,0
1595877777.1301298,246.12507679819137,222.72351124643356,0
1595877777.1401296,247.92503216623336,222.72351124643356,0
1595877777.1501217,249.72361424325973,222.72351124643356,0
1595877777.1601372,251.52640202402145,222.72351124643356,0
1595877777.170123,253.32386830209762,222.72351124643356,0
1595877777.180131,255.12528279184372,222.72351124643356,0
1595877777.1901376,256.9264827048686,222.72351124643356,0
1595877777.2001271,258.72459271310834,222.72351124643356,0
1595877777.2101247,260.5241618430522,222.72351124643356,0
1595877777.2201314,262.3253617560771,222.72351124643356,0
1595877777.230126,264.12437298654584,222.72351124643356,0
1595877777.24013,265.9251008307841,222.72351124643356,0
1595877777.2501366,267.726300743809,222.72351124643356,0
1595877777.2601337,269.5257840430644,222.72351124643356,0
1595877777.2701309,271.32526734231976,222.72351124643356,0
1595877777.2801328,273.1256089484599,222.72351124643356,0
1595877777.290124,274.9240193641093,222.72351124643356,0
1595877777.3001325,276.7255625998881,222.72351124643356,0
1595877777.310126,278.5244021689799,222.72351124643356,0
1595877777.320138,280.32654621957806,222.72351124643356,0
1595877777.330121,282.1234975135234,222.72351124643356,0
1595877777.3401396,283.9268431937602,222.72351124643356,0
1595877777.3501263,285.7244382178691,222.72351124643356,0
1595877777.360133,287.525638130894,222.72351124643356,0
1595877777.3701308,289.32525017618207,222.72351124643356,0
1595877777.38013,291.1251197135356,222.72351124643356,0
1595877777.3901215,292.92357304452923,222.72351124643356,0
1595877777.40013,294.72511628030804,222.72351124643356,0
1595877777.4101374,296.52644493936566,222.72351124643356,0
1595877777.4201343,298.3258853232768,222.72351124643356,0
1595877777.4301245,300.12412407754925,222.72351124643356,0
1595877777.4401338,301.9257960593608,222.72351124643356,0
1595877777.450121,303.72347691415814,222.72351124643356,0
1595877777.4601324,305.5255351340678,222.72351124643356,0
1595877777.470122,307.3236880576518,222.72351124643356,0
1595877777.4801302,309.1251454627421,222.72351124643356,0
1595877777.4901242,310.9240708625224,222.72351124643356,0
1595877777.5001318,312.72544243692425,222.72351124643356,0
1595877777.5101368,314.5263419425395,222.72351124643356,0
1595877777.520136,316.326211479893,222.72351124643356,0
1595877777.530134,318.1258235251811,222.72351124643356,0
1595877777.5401268,319.9245343482402,222.72351124643356,0
1595877777.5501368,321.7263350760844,222.72351124643356,0
1595877777.560128,323.5247454917338,222.72351124643356,0
1595877777.5701325,325.3255591666606,222.72351124643356,0
1595877777.5801272,327.12461331247357,222.72351124643356,0
1595877777.590139,328.9267144477275,222.72351124643356,0
1595877777.6001382,330.726583985081,222.72351124643356,0
1595877777.6101239,332.5240073478129,222.72351124643356,0
1595877777.6201367,334.326323059788,222.72351124643356,0
1595877777.6301303,336.1251626288798,222.72351124643356,0
1595877777.6401265,337.92447426675824,222.72351124643356,0
1595877777.6501384,339.7266183173564,222.72351124643356,0
1595877777.6601272,341.5245995795634,222.72351124643356,0
1595877777.6701205,343.323396233311,222.72351124643356,0
1595877777.680122,345.12365200876263,222.72351124643356,0
1595877777.690129,346.924937752476,222.72351124643356,0
1595877777.7001224,348.72373440622357,222.72351124643356,0
1595877777.7101276,350.52467682718304,222.72351124643356,0
1595877777.720133,352.32566216348675,222.72351124643356,0
1595877777.730134,354.12583210824994,222.72351124643356,0
1595877777.740133,355.9256587302592,222.72351124643356,0
1595877777.7501242,357.72406914590863,222.72351124643356,0
1595877777.7601213,359.523552445164,222.72351124643356,0
1595877777.7627692,360,222.72351124643356,1
1595877777.7627692,0,222.72351124643356,0
1595877779.0101392,224.52659943460495,222.72351124643356,0
1595877779.0201344,226.3257394111064,222.72351124643356,0
1595877779.0301228,228.12363484262497,222.72351124643356,0
1595877779.0401409,229.9268946921733,222.72351124643356,0
1595877779.0501363,231.726077584019,222.72351124643356,0
1595877779.060141,233.52693417429,222.72351124643356,0
1595877779.0701315,235.3252158439067,222.72351124643356,0
1595877779.0801244,237.1239266669658,222.72351124643356,0
1595877779.0901232,238.92371037363083,222.72351124643356,0
1595877779.1001334,240.7255540168193,222.72351124643356,0
1595877779.1101387,242.52649643777877,222.72351124643356,0
1595877779.120134,244.32567932962448,222.72351124643356,0
1595877779.1301286,246.12469056009323,222.72351124643356,0
1595877779.1401384,247.92644837259323,222.72351124643356,0
1595877779.1501274,249.7244725501445,222.72351124643356,0
1595877779.1601284,251.52464249490768,222.72351124643356,0
1595877779.1701386,253.32648613809616,222.72351124643356,0
1595877779.18013,255.1249394690898,222.72351124643356,0
1595877779.190124,256.92386486887006,222.72351124643356,0
1595877779.20013,258.72493603586224,222.72351124643356,0
1595877779.2101233,260.5237326896098,222.72351124643356,0
1595877779.2201335,262.3255763327983,222.72351124643356,0
1595877779.2301302,264.1249738013652,222.72351124643356,0
1595877779.2401364,265.9260878837016,222.72351124643356,0
1595877779.2501328,267.72544243692425,222.72351124643356,0
1595877779.2601357,269.52595570444134,222.72351124643356,0
1595877779.2701344,271.3257394111064,222.72351124643356,0
1595877779.2801313,273.1251797950175,222.72351124643356,0
1595877779.2901218,274.9234614646342,222.72351124643356,0
1595877779.3001287,276.72470429300336,222.72351124643356,0
1595877779.3101304,278.52500298379925,222.72351124643356,0
1595877779.3201375,280.32628872751263,222.72351124643356,0
1595877779.330131,282.12512829660443,222.72351124643356,0
1595877779.3401322,283.92534115671185,222.72351124643356,0
1595877779.3501222,285.7235369956401,222.72351124643356,0
1595877779.3601284,287.5246510779765,222.72351124643356,0
1595877779.3701358,289.3259797370341,222.72351124643356,0
1595877779.3801234,291.12374642251996,222.72351124643356,0
1595877779.3901358,292.9259763038066,222.72351124643356,0
1595877779.4001296,294.7248587882426,222.72351124643356,0
1595877779.4101276,296.52451374887494,222.72351124643356,0
1595877779.4201367,298.3261428153422,222.72351124643356,0
1595877779.430128,300.1245961463359,222.72351124643356,0
1595877779.4401274,301.9244656836894,222.72351124643356,0
1595877779.4501314,303.7251935279277,222.72351124643356,0
1595877779.4601362,305.52605011819867,222.72351124643356,0
1595877779.470135,307.3258338248637,222.72351124643356,0
1595877779.4801233,309.12372925638226,222.72351124643356,0
1595877779.4901392,310.92660286783246,222.72351124643356,0
1595877779.5001395,312.7266440665629,222.72351124643356,0
1595877779.5101256,314.52415325998334,222.72351124643356,0
1595877779.5201356,316.3259539878276,222.72351124643356,0
1595877779.5301335,318.12556603311566,222.72351124643356,0
1595877779.540134,319.92565014719037,222.72351124643356,0
1595877779.550126,321.72423222421673,222.72351124643356,0
1595877779.5601358,323.52599003671673,222.72351124643356,0
1595877779.570139,325.32654621957806,222.72351124643356,0
1595877779.5801232,327.12371209024457,222.72351124643356,0
1595877779.5901275,328.9244828498271,222.72351124643356,0
1595877779.6001256,330.7241378104594,222.72351124643356,0
1595877779.6101298,332.52490857004193,222.72351124643356,0
1595877779.620135,334.3258509910014,222.72351124643356,0
1595877779.6301265,336.12430432199506,222.72351124643356,0
1595877779.6401236,337.9237876212504,222.72351124643356,0
1595877779.6501276,339.7245154654887,222.72351124643356,0
1595877779.6601343,341.5257153785136,222.72351124643356,0
1595877779.6701298,343.3248982703593,222.72351124643356,0
1595877779.6801362,345.12605526804,222.72351124643356,0
1595877779.6901393,346.9266114509013,222.72351124643356,0
1595877779.700127,348.72437813638714,222.72351124643356,0
1595877779.7101278,350.52454808115033,222.72351124643356,0
1595877779.7201364,352.32609131692914,222.72351124643356,0
1595877779.7301345,354.12574627756146,222.72351124643356,0
1595877779.740128,355.92458584665326,222.72351124643356,0
1595877779.750136,357.72600033639935,222.72351124643356,0
1595877779.7601397,359.5266852652934,222.72351124643356,0
1595877779.7627714,360,222.72351124643356,1
1595877779.7627714,0,222.72351124643356,0
1595877781.0101404,224.526427773228,222.72351124643356,0
1595877781.0201318,226.32488110422165,222.72351124643356,0
1595877781.0301306,228.12466481088669,222.72351124643356,0
1595877781.04013,229.9245343482402,222.72351124643356,0
1595877781.0501287,231.72431805490524,222.72351124643356,0
1595877781.0601375,233.5259042060283,222.72351124643356,0
1595877781.0701332,235.32513001321823,222.72351124643356,0
1595877781.0801408,237.12650158762008,222.72351124643356,0
1595877781.0901253,238.92371037363083,222.72351124643356,0
1595877781.1001387,240.7261119162944,222.72351124643356,0
1595877781.1101353,242.5255093848613,222.72351124643356,0
1595877781.12014,244.3263659751323,222.72351124643356,0
1595877781.130142,246.12670758127243,222.72351124643356,0
1595877781.1401412,247.92657711862594,222.72351124643356,0
1595877781.1501424,249.72678997873336,222.72351124643356,0
1595877781.1601403,251.52640202402145,222.72351124643356,0
1595877781.1701255,253.3237395560649,222.72351124643356,0
1595877781.1801374,255.12588360666305,222.72351124643356,0
1595877781.190128,256.92420819162396,222.72351124643356,0
1595877781.2001278,258.72416355966595,222.72351124643356,0
1595877781.2101316,260.52484848856,222.72351124643356,0
1595877781.2201302,262.3245892798808,222.72351124643356,0
1595877781.2301376,264.1259179389384,222.72351124643356,0
1595877781.2401347,265.9254012381938,222.72351124643356,0
1595877781.2501426,267.7268157279399,222.72351124643356,0
1595877781.2601333,269.5251403129008,222.72351124643356,0
1595877781.2701242,271.323507813206,222.72351124643356,0
1595877781.2801378,273.1259522712138,222.72351124643356,0
1595877781.2901402,274.9263797080424,222.72351124643356,0
1595877781.3001287,276.7243180549052,222.72351124643356,0
1595877781.3101263,278.52388718484906,222.72351124643356,0
1595877781.3201272,280.32405712961224,222.72351124643356,0
1595877781.3301253,282.12371209024457,222.72351124643356,0
1595877781.3401248,283.9236245429423,222.72351124643356,0
1595877781.3501284,285.7242665564921,222.72351124643356,0
1595877781.360127,287.5240073478129,222.72351124643356,0
1595877781.3701253,289.3237052237895,222.72351124643356,0
1595877781.3801434,291.12696507333783,222.72351124643356,0
1595877781.3901274,292.9240880286601,222.72351124643356,0
1595877781.4001307,294.72468712686566,222.72351124643356,0
1595877781.410132,296.5248999869731,222.72351124643356,0
1595877781.420136,298.32562783121136,222.72351124643356,0
1595877781.4301336,300.1251969611552,222.72351124643356,0
1595877781.4401317,301.92485192178754,222.72351124643356,0
1595877781.4501297,303.72450688241986,222.72351124643356,0
1595877781.4601305,305.5246339118388,222.72351124643356,0
1595877781.4701283,307.3242459571269,222.72351124643356,0
1595877781.4801276,309.1241154944804,222.72351124643356,0
1595877781.490135,310.925444153538,222.72351124643356,0
1595877781.5001247,312.723597077122,222.72351124643356,0
1595877781.510127,314.5240245139506,222.72351124643356,0
1595877781.5201304,316.3246236121562,222.72351124643356,0
1595877781.5301268,318.12397816537884,222.72351124643356,0
1595877781.5401351,319.9254784858134,222.72351124643356,0
1595877781.550132,321.72491886972455,222.72351124643356,0
1595877781.5601354,323.5255179679301,222.72351124643356,0
1595877781.5701368,325.3257737433818,222.72351124643356,0
1595877781.5801308,327.12469914316205,222.72351124643356,0
1595877781.5901356,328.92555573343304,222.72351124643356,0
1595877781.6001337,330.72521069406537,222.72351124643356,0
1595877781.6101325,332.5249944007304,222.72351124643356,0
1595877781.6201272,334.3240485465434,222.72351124643356,0
1595877781.630139,336.12619259714154,222.72351124643356,0
1595877781.640125,337.9236588752177,222.72351124643356,0
1595877781.6501365,339.7257170951274,222.72351124643356,0
1595877781.6601298,341.52451374887494,222.72351124643356,0
1595877781.6701338,343.3252415931132,222.72351124643356,0
1595877781.680129,345.1243815696147,222.72351124643356,0
1595877781.690127,346.92399361490277,222.72351124643356,0
1595877781.7001314,348.7248072898295,222.72351124643356,0
1595877781.710124,350.52347519754437,222.72351124643356,0
1595877781.7201326,352.3250184333232,222.72351124643356,0
1595877781.7301292,354.1244159018901,222.72351124643356,0
1595877781.740134,355.92527249216107,222.72351124643356,0
1595877781.75013,357.72454121469525,222.72351124643356,0
1595877781.760136,359.52561238168744,222.72351124643356,0
1595877781.7627797,360,222.72351124643356,1
1595877781.7627797,0,222.72351124643356,0
1595877783.0101366,224.52423909067184,222.72351124643356,0
1595877783.0201488,226.32642605661422,222.72351124643356,0
1595877783.0301402,228.12487938760788,222.72351124643356,0
1595877783.040146,229.92595055460006,222.72351124643356,0
1595877783.050137,231.72431805490524,222.72351124643356,0
1595877783.0601478,233.5262475287822,222.72351124643356,0
1595877783.0701396,235.32478669046432,222.72351124643356,0
1595877783.080134,237.12375500558883,222.72351124643356,0
1595877783.0901406,238.92495491861374,222.72351124643356,0
1595877783.1001472,240.72615483163864,222.72351124643356,0
1595877783.1101353,242.52400734781295,222.72351124643356,0
1595877783.1201396,244.32477810739547,222.72351124643356,0
1595877783.1301384,246.1245618140605,222.72351124643356,0
1595877783.1401472,247.92614796518356,222.72351124643356,0
1595877783.1501324,249.72348549722702,222.72351124643356,0
1595877783.1601424,251.52528622507126,222.72351124643356,0
1595877783.1701384,253.32455494760544,222.72351124643356,0
1595877783.180151,255.1268277442363,222.72351124643356,0
1595877783.190144,256.9255814826396,222.72351124643356,0
1595877783.2001348,258.7239060676005,222.72351124643356,0
1595877783.2101474,260.5261788642314,222.72351124643356,0
1595877783.2201507,262.32677796243695,222.72351124643356,0
1595877783.2301478,264.1262612616923,222.72351124643356,0
1595877783.2401361,265.9241566932109,222.72351124643356,0
1595877783.2501395,267.72475579141644,222.72351124643356,0
1595877783.2601368,269.52428200601605,222.72351124643356,0
1595877783.2701504,271.32672646402386,222.72351124643356,0
1595877783.2801504,273.1267247474101,222.72351124643356,0
1595877783.29015,274.92663720010785,222.72351124643356,0
1595877783.3001466,276.72603466867474,222.72351124643356,0
1595877783.3101327,278.52354386209515,222.72351124643356,0
1595877783.320133,280.3235850608256,222.72351124643356,0
1595877783.330151,282.12684491037396,222.72351124643356,0
1595877783.3401496,283.92658570169476,222.72351124643356,0
1595877783.3501437,285.72551110147504,222.72351124643356,0
1595877783.3601477,287.5262389457133,222.72351124643356,0
1595877783.3701448,289.3257222449687,222.72351124643356,0
1595877783.3801415,291.1251197135356,222.72351124643356,0
1595877783.3901365,292.9242167746928,222.72351124643356,0
1595877783.4001343,294.7238288199809,222.72351124643356,0
1595877783.4101439,296.52554371713666,222.72351124643356,0
1595877783.4201503,298.3267007148173,222.72351124643356,0
1595877783.4301498,300.1266131675151,222.72351124643356,0
1595877783.4401355,301.924036530247,222.72351124643356,0
1595877783.4501345,303.7238631522563,222.72351124643356,0
1595877783.4601464,305.52600720285443,222.72351124643356,0
1595877783.4701412,307.3250613486674,222.72351124643356,0
1595877783.4801438,309.12553170084027,222.72351124643356,0
1595877783.4901462,310.9259591376689,222.72351124643356,0
1595877783.5001512,312.7268586432841,222.72351124643356,0
1595877783.5101333,314.5236382758525,222.72351124643356,0
1595877783.520142,316.3252244269755,222.72351124643356,0
1595877783.5301404,318.1249223029521,222.72351124643356,0
1595877783.5401492,319.92650845407513,222.72351124643356,0
1595877783.5501497,321.72659256814984,222.72351124643356,0
1595877783.5601387,323.5246167457011,222.72351124643356,0
1595877783.5701432,325.32543042062787,222.72351124643356,0
1595877783.5801466,327.12602951883343,222.72351124643356,0
1595877783.5901353,328.92401078104047,222.72351124643356,0
1595877783.6001406,330.72495320199994,222.72351124643356,0
1595877783.61014,332.5248656546977,222.72351124643356,0
1595877783.6201415,334.32512143014935,222.72351124643356,0
1595877783.6301408,336.12499096750287,222.72351124643356,0
1595877783.6401324,337.92348721384076,222.72351124643356,0
1595877783.6501338,339.7237429892924,222.72351124643356,0
1595877783.6601336,341.5236983573344,222.72351124643356,0
1595877783.6701407,343.3249841010478,222.72351124643356,0
1595877783.6801505,345.1267419135478,222.72351124643356,0
1595877783.690137,346.92429402231244,222.72351124643356,0
1595877783.700146,348.7259230887797,222.72351124643356,0
1595877783.7101462,350.5259642875102,222.72351124643356,0
1595877783.7201385,352.3245892798808,222.72351124643356,0
1595877783.7301338,354.12372925638226,222.72351124643356,0
1595877783.7401435,355.92548706888226,222.72351124643356,0
1595877783.750145,357.7257428443339,222.72351124643356,0
1595877783.760141,359.5250115668681,222.72351124643356,0
1595877783.7627826,360,222.72351124643356,1
1595877783.7627826,0,222.72351124643356,0
1595877785.010148,224.52578404306442,222.72351124643356,0
1595877785.0201523,226.32655480264694,222.72351124643356,0
1595877785.030149,228.12595227121383,222.72351124643356,0
1595877785.0401523,229.9265513694194,222.72351124643356,0
1595877785.0501442,231.72509053110153,222.72351124643356,0
1595877785.0601428,233.52483132242233,222.72351124643356,0
1595877785.0701451,235.32525875925094,222.72351124643356,0
1595877785.080147,237.12560036539108,222.72351124643356,0
1595877785.090146,238.92542698740036,222.72351124643356,0
1595877785.1001375,240.723880318394,222.72351124643356,0
1595877785.1101503,242.5261960303691,222.72351124643356,0
1595877785.1201372,244.32383396982223,222.72351124643356,0
1595877785.1301374,246.1238751685527,222.72351124643356,0
1595877785.1401498,247.92610504983932,222.72351124643356,0
1595877785.1501484,249.72584584116012,222.72351124643356,0
1595877785.1601393,251.5242133414653,222.72351124643356,0
1595877785.17015,253.32614281534225,222.72351124643356,0
1595877785.1801474,255.12566902994186,222.72351124643356,0
1595877785.1901436,256.92498066782025,222.72351124643356,0
1595877785.2001522,258.72652390359906,222.72351124643356,0
1595877785.2101467,260.5255351340678,222.72351124643356,0
1595877785.2201471,262.3256192481425,222.72351124643356,0
1595877785.2301404,264.1244159018901,222.72351124643356,0
1595877785.240143,265.9248862540629,222.72351124643356,0
1595877785.2501512,267.72634365915326,222.72351124643356,0
1595877785.2601533,269.52672818063763,222.72351124643356,0
1595877785.270151,271.3262973105815,222.72351124643356,0
1595877785.2801383,273.1240210807231,222.72351124643356,0
1595877785.2901392,274.92419102548627,222.72351124643356,0
1595877785.300147,276.72560551523236,222.72351124643356,0
1595877785.31014,278.52431633829144,222.72351124643356,0
1595877785.3201427,280.32482960580853,222.72351124643356,0
1595877785.3301537,282.1268019950297,222.72351124643356,0
1595877785.340143,283.92486908792523,222.72351124643356,0
1595877785.3501356,285.7235369956401,222.72351124643356,0
1595877785.3601413,287.524565247288,222.72351124643356,0
1595877785.3701508,289.3262801444438,222.72351124643356,0
1595877785.3801436,291.12499096750287,222.72351124643356,0
1595877785.3901489,292.92593338846234,222.72351124643356,0
1595877785.4001358,294.72357132791547,222.72351124643356,0
1595877785.4101353,296.5234837806132,222.72351124643356,0
1595877785.4201481,298.3257994925883,222.72351124643356,0
1595877785.4301422,300.1247248923686,222.72351124643356,0
1595877785.4401472,301.9256243979838,222.72351124643356,0
1595877785.4501355,303.7235198295024,222.72351124643356,0
1595877785.4601457,305.52536347269086,222.72351124643356,0
1595877785.470139,307.3241601264384,222.72351124643356,0
1595877785.4801533,309.12673333047894,222.72351124643356,0
1595877785.4901445,310.92514374612836,222.72351124643356,0
1595877785.5001373,312.72385456918744,222.72351124643356,0
1595877785.5101478,314.52574112772015,222.72351124643356,0
1595877785.5201538,316.32681229471234,222.72351124643356,0
1595877785.5301354,318.1235060965922,222.72351124643356,0
1595877785.5401423,319.92474892496136,222.72351124643356,0
1595877785.5501392,321.7241893088725,222.72351124643356,0
1595877785.5601408,323.5244879996684,222.72351124643356,0
1595877785.5701447,325.32517292856244,222.72351124643356,0
1595877785.5801413,327.12457039712933,222.72351124643356,0
1595877785.5901363,328.92366745828656,222.72351124643356,0
1595877785.6001348,330.72340824960736,222.72351124643356,0
1595877785.6101387,332.5240931785014,222.72351124643356,0
1595877785.620145,334.32525017618207,222.72351124643356,0
1595877785.630148,336.12576344369916,222.72351124643356,0
1595877785.640153,337.9266629493144,222.72351124643356,0
1595877785.6501384,339.7240433967021,222.72351124643356,0
1595877785.6601439,341.5250287330058,222.72351124643356,0
1595877785.6701393,343.3242116248515,222.72351124643356,0
1595877785.68015,345.12614109872845,222.72351124643356,0
1595877785.6901417,346.92463734506634,222.72351124643356,0
1595877785.700147,348.7255797660258,222.72351124643356,0
1595877785.7101357,350.52356102823285,222.72351124643356,0
1595877785.7201378,352.3239455497172,222.72351124643356,0
1595877785.730147,354.1255746161845,222.72351124643356,0
1595877785.7401426,355.92480042337445,222.72351124643356,0
1595877785.750136,357.723597077122,222.72351124643356,0
1595877785.7601435,359.52496865152386,222.72351124643356,0
1595877785.762795,360,222.72351124643356,1
1595877785.762795,0,222.72351124643356,0
1595877787.0101607,224.52582695840866,222.72351124643356,0
1595877787.02016,226.32569649576217,222.72351124643356,0
1595877787.0301623,228.1261239325908,222.72351124643356,0
1595877787.0401523,229.924319771519,222.72351124643356,0
1595877787.0501547,231.72474720834762,222.72351124643356,0
1595877787.0601485,233.52362969278366,222.72351124643356,0
1595877787.07016,235.32568791269333,222.72351124643356,0
1595877787.0801644,237.12650158762008,222.72351124643356,0
1595877787.0901558,238.92495491861374,222.72351124643356,0
1595877787.1001632,240.72628357767135,222.72351124643356,0
1595877787.110164,242.5264106070903,222.72351124643356,0
1595877787.1201613,244.3259368216899,222.72351124643356,0
1595877787.130154,246.12460472940475,222.72351124643356,0
1595877787.1401556,247.92490342020065,222.72351124643356,0
1595877787.1501524,249.72434380411178,222.72351124643356,0
1595877787.160151,251.52408459543258,222.72351124643356,0
1595877787.1701477,253.32348206399948,222.72351124643356,0
1595877787.1801498,255.12386658548385,222.72351124643356,0
1595877787.1901562,256.9250235831645,222.72351124643356,0
1595877787.2001662,258.7268243110087,222.72351124643356,0
1595877787.21016,260.52570679544476,222.72351124643356,0
1595877787.2201545,262.3247180259135,222.72351124643356,0
1595877787.2301538,264.124587563267,222.72351124643356,0
1595877787.240157,265.92514374612836,222.72351124643356,0
1595877787.2501602,267.7257428443339,222.72351124643356,0
1595877787.2601607,269.52582695840863,222.72351124643356,0
1595877787.2701488,271.32367947458295,222.72351124643356,0
1595877787.280149,273.1237206733134,222.72351124643356,0
1595877787.2901566,274.92509224771527,222.72351124643356,0
1595877787.3001552,276.72483303903607,222.72351124643356,0
1595877787.310157,278.5251746451762,222.72351124643356,0
1595877787.3201644,280.3265033042338,222.72351124643356,0
1595877787.3301535,282.1245274817851,222.72351124643356,0
1595877787.3401506,283.92401078104047,222.72351124643356,0
1595877787.3501658,285.72675564645795,222.72351124643356,0
1595877787.3601527,287.52439358591107,222.72351124643356,0
1595877787.3701482,289.3235764777568,222.72351124643356,0
1595877787.380159,291.1255059516337,222.72351124643356,0
1595877787.3901649,292.9265771186259,222.72351124643356,0
1595877787.4001534,294.7245154654887,222.72351124643356,0
1595877787.410162,296.5260587012675,222.72351124643356,0
1595877787.4201663,298.32682946085004,222.72351124643356,0
1595877787.4301662,300.12682774423627,222.72351124643356,0
1595877787.44015,301.9239077842143,222.72351124643356,0
1595877787.4501553,303.72485020517377,222.72351124643356,0
1595877787.4601645,305.5265221869853,222.72351124643356,0
1595877787.4701529,307.32441761850384,222.72351124643356,0
1595877787.480149,309.12372925638226,222.72351124643356,0
1595877787.4901593,310.92557289957074,222.72351124643356,0
1595877787.5001533,312.724498299351,222.72351124643356,0
1595877787.5101502,314.52393868326214,222.72351124643356,0
1595877787.5201657,316.32672646402386,222.72351124643356,0
1595877787.530161,318.12586644052533,222.72351124643356,0
1595877787.5401654,319.9266801154521,222.72351124643356,0
1595877787.5501535,321.7245326316264,222.72351124643356,0
1595877787.5601523,323.52431633829144,222.72351124643356,0
1595877787.570155,325.3247866904643,222.72351124643356,0
1595877787.5801628,327.1262011802104,222.72351124643356,0
1595877787.5901575,328.9252553260234,222.72351124643356,0
1595877787.6001477,330.72349408029584,222.72351124643356,0
1595877787.61016,332.52572396158246,222.72351124643356,0
1595877787.6201603,334.3257651603129,222.72351124643356,0
1595877787.6301632,336.12627842783,222.72351124643356,0
1595877787.6401474,337.9234442984965,222.72351124643356,0
1595877787.6501539,339.7246012961772,222.72351124643356,0
1595877787.6601574,341.525243309727,222.72351124643356,0
1595877787.6701639,343.32640030740765,222.72351124643356,0
1595877787.6801512,345.12412407754925,222.72351124643356,0
1595877787.6901515,346.9241652762797,222.72351124643356,0
1595877787.700153,348.7244639670756,222.72351124643356,0
1595877787.7101548,350.5247626578715,222.72351124643356,0
1595877787.720154,352.32463219522504,222.72351124643356,0
1595877787.7301571,354.12518837808636,222.72351124643356,0
1595877787.7401593,355.92557289957074,222.72351124643356,0
1595877787.7501533,357.724498299351,222.72351124643356,0
1595877787.760153,359.524453667393,222.72351124643356,0
1595877787.7628121,360,222.72351124643356,1
1595877787.7628121,0,222.72351124643356,0
1595877789.0101755,224.52539780496627,222.72351124643356,0
1595877789.0201726,226.32488110422165,222.72351124643356,0
1595877789.0301712,228.12462189554245,222.72351124643356,0
1595877789.0401754,229.92539265512497,222.72351124643356,0
1595877789.0501778,231.72582009195358,222.72351124643356,0
1595877789.0601778,233.5258183753398,222.72351124643356,0
1595877789.0701666,235.32379963754684,222.72351124643356,0
1595877789.0801704,237.12448456644088,222.72351124643356,0
1595877789.09018,238.92619946359665,222.72351124643356,0
1595877789.1001718,240.72473862527877,222.72351124643356,0
1595877789.1101832,242.52679684518844,222.72351124643356,0
1595877789.1201754,244.3253789222148,222.72351124643356,0
1595877789.1301675,246.12396099924118,222.72351124643356,0
1595877789.1401794,247.92610504983932,222.72351124643356,0
1595877789.1501796,249.7261462485698,222.72351124643356,0
1595877789.1601782,251.5258870398906,222.72351124643356,0
1595877789.1701658,253.32365372537643,222.72351124643356,0
1595877789.1801782,255.12588360666305,222.72351124643356,0
1595877789.190166,256.9236932074931,222.72351124643356,0
1595877789.20017,258.7244210517314,222.72351124643356,0
1595877789.2101784,260.52592137216595,222.72351124643356,0
1595877789.220165,262.32351639627484,222.72351124643356,0
1595877789.2301717,264.12471630929974,222.72351124643356,0
1595877789.2401676,265.9239850318339,222.72351124643356,0
1595877789.250169,267.7242408072856,222.72351124643356,0
1595877789.2601707,269.5245394980815,222.72351124643356,0
1595877789.2701762,271.3255248343852,222.72351124643356,0
1595877789.2801752,273.12535145639447,222.72351124643356,0
1595877789.2901776,274.9257788932231,222.72351124643356,0
1595877789.3001685,276.72414639352826,222.72351124643356,0
1595877789.3101783,278.52590420602826,222.72351124643356,0
1595877789.3201647,280.3234563147929,222.72351124643356,0
1595877789.3301833,282.1268019950297,222.72351124643356,0
1595877789.340183,283.9267573630717,222.72351124643356,0
1595877789.3501816,285.7264981543925,222.72351124643356,0
1595877789.3601782,287.5258956229594,222.72351124643356,0
1595877789.3701673,289.3239198005107,222.72351124643356,0
1595877789.3801656,291.12361767648724,222.72351124643356,0
1595877789.390181,292.92640545724896,222.72351124643356,0
1595877789.400175,294.72533085702923,222.72351124643356,0
1595877789.4101665,296.5237841880229,222.72351124643356,0
1595877789.4201787,298.32597115396527,222.72351124643356,0
1595877789.4301727,300.12489655374554,222.72351124643356,0
1595877789.440171,301.9245944297221,222.72351124643356,0
1595877789.450179,303.72605183481244,222.72351124643356,0
1595877789.460166,305.52368977426556,222.72351124643356,0
1595877789.4701664,307.32377388834027,222.72351124643356,0
1595877789.4801676,309.1239867484477,222.72351124643356,0
1595877789.4901705,310.9245000159648,222.72351124643356,0
1595877789.5001702,312.7244553840068,222.72351124643356,0
1595877789.5101807,314.5263419425395,222.72351124643356,0
1595877789.5201764,316.32556774972943,222.72351124643356,0
1595877789.5301707,318.12453606485394,222.72351124643356,0
1595877789.5401788,319.9259934699443,222.72351124643356,0
1595877789.5501714,321.7246613776591,222.72351124643356,0
1595877789.5601783,323.52590420602826,222.72351124643356,0
1595877789.5701766,325.3256020820048,222.72351124643356,0
1595877789.5801682,327.1240983283427,222.72351124643356,0
1595877789.5901787,328.9259848868754,222.72351124643356,0
1595877789.6001697,330.7243523871806,222.72351124643356,0
1595877789.6101832,332.5267968451884,222.72351124643356,0
1595877789.6201732,334.32499268411664,222.72351124643356,0
1595877789.6301644,336.12340309976605,222.72351124643356,0
1595877789.640175,337.925332573643,222.72351124643356,0
1595877789.6501813,339.72644665597943,222.72351124643356,0
1595877789.6601758,341.5254578864482,222.72351124643356,0
1595877789.6701696,343.3243403708842,222.72351124643356,0
1595877789.6801744,345.1251969611552,222.72351124643356,0
1595877789.6901748,346.9252810752299,222.72351124643356,0
1595877789.7001746,348.7252364432719,222.72351124643356,0
1595877789.7101712,350.5246339118388,222.72351124643356,0
1595877789.72018,352.32622006296185,222.72351124643356,0
1595877789.7301795,354.1261325156596,222.72351124643356,0
1595877789.7401814,355.92647412179974,222.72351124643356,0
1595877789.750177,357.72565701364545,222.72351124643356,0
1595877789.760171,359.5245824134257,222.72351124643356,0
1595877789.762816,360,222.72351124643356,1
1595877789.762816,0,222.72351124643356,0
1595877791.0101848,224.52638485788376,222.72351124643356,0
1595877791.0201697,226.32367947458297,222.72351124643356,0
1595877791.0301785,228.12526562570602,222.72351124643356,0
1595877791.0401838,229.9262080466655,222.72351124643356,0
1595877791.0501704,231.72380307077438,222.72351124643356,0
1595877791.060181,233.5256896293071,222.72351124643356,0
1595877791.0701797,235.32547333597213,222.72351124643356,0
1595877791.0801792,237.1253857886699,222.72351124643356,0
1595877791.090189,238.9271436011699,222.72351124643356,0
1595877791.1001766,240.72491028665573,222.72351124643356,0
1595877791.1101823,242.52593853830368,222.72351124643356,0
1595877791.1201692,244.3235764777568,222.72351124643356,0
1595877791.1301866,246.12670758127243,222.72351124643356,0
1595877791.1401827,247.92601921915085,222.72351124643356,0
1595877791.1501827,249.72601750253708,222.72351124643356,0
1595877791.1601808,251.5256724631694,222.72351124643356,0
1595877791.1701822,253.32592823862106,222.72351124643356,0
1595877791.1801813,255.12575486063034,222.72351124643356,0
1595877791.190173,256.9242511069682,222.72351124643356,0
1595877791.2001867,258.72673848032025,222.72351124643356,0
1595877791.2101703,260.52377560495404,222.72351124643356,0
1595877791.2201843,262.32630589365033,222.72351124643356,0
1595877791.2301724,264.12415840982464,222.72351124643356,0
1595877791.2401767,265.92492916940716,222.72351124643356,0
1595877791.2501726,267.72419789194134,222.72351124643356,0
1595877791.2601848,269.5263848578837,222.72351124643356,0
1595877791.2701766,271.32492401956586,222.72351124643356,0
1595877791.2801764,273.12487938760785,222.72351124643356,0
1595877791.2901719,274.92406227945355,222.72351124643356,0
1595877791.3001792,276.72539093851117,222.72351124643356,0
1595877791.31017,278.5237155234721,222.72351124643356,0
1595877791.3201845,280.32633164285687,222.72351124643356,0
1595877791.330175,282.12461331247357,222.72351124643356,0
1595877791.3401716,283.92401078104047,222.72351124643356,0
1595877791.35018,285.72551110147504,222.72351124643356,0
1595877791.360186,287.52662518381146,222.72351124643356,0
1595877791.3701744,289.32452061533,222.72351124643356,0
1595877791.380185,291.12640717386273,222.72351124643356,0
1595877791.3901799,292.92550423501996,222.72351124643356,0
1595877791.4001884,294.72704747079877,222.72351124643356,0
1595877791.4101775,296.52507164835004,222.72351124643356,0
1595877791.4201732,298.32429745554,222.72351124643356,0
1595877791.430174,300.12446740030316,222.72351124643356,0
1595877791.440182,301.92588189004925,222.72351124643356,0
1595877791.4501889,303.7271247184184,222.72351124643356,0
1595877791.4601781,305.5251918113139,222.72351124643356,0
1595877791.4701824,307.3259625708964,222.72351124643356,0
1595877791.480183,309.12604668497113,222.72351124643356,0
1595877791.4901717,310.92402794717816,222.72351124643356,0
1595877791.5001776,312.72509911417035,222.72351124643356,0
1595877791.5101798,314.5254836356547,222.72351124643356,0
1595877791.5201726,316.3241944587138,222.72351124643356,0
1595877791.530184,318.1262526786235,222.72351124643356,0
1595877791.5401704,319.9238047873881,222.72351124643356,0
1595877791.5501804,321.72560551523236,222.72351124643356,0
1595877791.5601842,323.5262904441264,222.72351124643356,0
1595877791.570187,325.3268037116435,222.72351124643356,0
1595877791.5801861,327.12663033365277,222.72351124643356,0
1595877791.5901823,328.9259419715312,222.72351124643356,0
1595877791.6001754,330.7246957099345,222.72351124643356,0
1595877791.6101878,332.52692559122113,222.72351124643356,0
1595877791.6201832,334.32610848306683,222.72351124643356,0
1595877791.6301837,336.12619259714154,222.72351124643356,0
1595877791.6401718,337.92404511331586,222.72351124643356,0
1595877791.6501737,339.724386719456,222.72351124643356,0
1595877791.6601782,341.52520039438275,222.72351124643356,0
1595877791.6701684,343.3234391486552,222.72351124643356,0
1595877791.6801836,345.1261840140727,222.72351124643356,0
1595877791.6901834,346.9261393821147,222.72351124643356,0
1595877791.700175,348.7246356284526,222.72351124643356,0
1595877791.7101698,350.52368977426556,222.72351124643356,0
1595877791.7201734,352.32433178781537,222.72351124643356,0
1595877791.7301857,354.126561669102,222.72351124643356,0
1595877791.7401767,355.92492916940716,222.72351124643356,0
1595877791.750168,357.7233825004008,222.72351124643356,0
1595877791.7601755,359.52471115945843,222.72351124643356,0
1595877791.7628202,360,222.72351124643356,1
1595877791.7628202,0,222.72351124643356,0
1595877793.0101821,224.52514031290085,222.72351124643356,0
1595877793.0201898,226.3265118873027,222.72351124643356,0
1595877793.0301826,228.12522271036178,222.72351124643356,0
1595877793.0401845,229.92556431650192,222.72351124643356,0
1595877793.0501738,231.72363140939743,222.72351124643356,0
1595877793.0601854,233.52573254465133,222.72351124643356,0
1595877793.0701818,235.325087097874,222.72351124643356,0
1595877793.08018,237.1247420585063,222.72351124643356,0
1595877793.09019,238.92654278635055,222.72351124643356,0
1595877793.1001897,240.72649815439254,222.72351124643356,0
1595877793.1101832,242.52533772348434,222.72351124643356,0
1595877793.1201837,244.32542183755905,222.72351124643356,0
1595877793.1301908,246.12670758127243,222.72351124643356,0
1595877793.1401808,247.92490342020065,222.72351124643356,0
1595877793.1501756,249.72395756601364,222.72351124643356,0
1595877793.1601772,251.52425625680954,222.72351124643356,0
1595877793.1701803,253.32481243967086,222.72351124643356,0
1595877793.180185,255.12566902994186,222.72351124643356,0
1595877793.1901906,256.92665436624554,222.72351124643356,0
1595877793.2001834,258.7253651893046,222.72351124643356,0
1595877793.2101746,260.52377560495404,222.72351124643356,0
1595877793.2201767,262.3241601264384,222.72351124643356,0
1595877793.2301898,264.12651875375775,222.72351124643356,0
1595877793.2401845,265.92557289957074,222.72351124643356,0
1595877793.2501793,267.7246270453837,222.72351124643356,0
1595877793.260185,269.5256552970317,222.72351124643356,0
1595877793.2701848,271.32561066507367,222.72351124643356,0
1595877793.280178,273.1244073188212,222.72351124643356,0
1595877793.2901914,274.9268088614848,222.72351124643356,0
1595877793.3001814,276.725004700413,222.72351124643356,0
1595877793.3101816,278.5250458991435,222.72351124643356,0
1595877793.3201761,280.32405712961224,222.72351124643356,0
1595877793.3301902,282.12658741830853,222.72351124643356,0
1595877793.3401756,283.9239678656962,222.72351124643356,0
1595877793.35018,285.72473862527875,222.72351124643356,0
1595877793.360182,287.5251231467631,222.72351124643356,0
1595877793.3701851,289.32567932962445,222.72351124643356,0
1595877793.3801754,291.1239180838969,222.72351124643356,0
1595877793.3901846,292.92559006570843,222.72351124643356,0
1595877793.400186,294.7258458411601,222.72351124643356,0
1595877793.4101732,296.52352669595746,222.72351124643356,0
1595877793.420177,298.3242116248515,222.72351124643356,0
1595877793.4301865,300.12592652200726,222.72351124643356,0
1595877793.440176,301.924036530247,222.72351124643356,0
1595877793.450184,303.72549393533734,222.72351124643356,0
1595877793.4601836,305.5254063880351,222.72351124643356,0
1595877793.4701848,307.3256192481425,222.72351124643356,0
1595877793.4801834,309.1253600394633,222.72351124643356,0
1595877793.4901857,310.92578747629193,222.72351124643356,0
1595877793.5001853,312.7256999289897,222.72351124643356,0
1595877793.5101798,314.52471115945843,222.72351124643356,0
1595877793.5201757,316.3239798819926,222.72351124643356,0
1595877793.530179,318.1245789801982,222.72351124643356,0
1595877793.5401802,319.9247918403056,222.72351124643356,0
1595877793.5501919,321.7268929755595,222.72351124643356,0
1595877793.560191,323.5267195975688,222.72351124643356,0
1595877793.570181,325.324915436497,222.72351124643356,0
1595877793.580185,327.1256432807353,222.72351124643356,0
1595877793.5901837,328.92542698740033,222.72351124643356,0
1595877793.600184,330.7254681861308,222.72351124643356,0
1595877793.6101854,332.52572396158246,222.72351124643356,0
1595877793.6201842,334.3255076682475,222.72351124643356,0
1595877793.630179,336.1245618140605,222.72351124643356,0
1595877793.6401885,337.92627671121625,222.72351124643356,0
1595877793.65018,339.72477295755414,222.72351124643356,0
1595877793.6601791,341.5245995795634,222.72351124643356,0
1595877793.6701794,343.3246407782939,222.72351124643356,0
1595877793.6801908,345.12669899820355,222.72351124643356,0
1595877793.6901765,346.9241223609355,222.72351124643356,0
1595877793.7001736,348.72360566019086,222.72351124643356,0
1595877793.7101862,350.5258784568217,222.72351124643356,0
1595877793.7201788,352.32454636453656,222.72351124643356,0
1595877793.7301908,354.1266904151347,222.72351124643356,0
1595877793.740183,355.9253154075053,222.72351124643356,0
1595877793.750179,357.7245841300395,222.72351124643356,0
1595877793.7601838,359.5254407203105,222.72351124643356,0
1595877793.762826,360,222.72351124643356,1
1595877793.762826,0,222.72351124643356,0
1595877795.0101926,224.5259986197856,222.72351124643356,0
1595877795.020184,226.32445195077926,222.72351124643356,0
1595877795.0301967,228.12672474741012,222.72351124643356,0
1595877795.0401855,229.92470600961715,222.72351124643356,0
1595877795.0501862,231.7248330390361,222.72351124643356,0
1595877795.0601873,233.52504589914352,222.72351124643356,0
1595877795.0701845,235.3245291983989,222.72351124643356,0
1595877795.0801795,237.12362625955612,222.72351124643356,0
1595877795.090184,238.92443993448288,222.72351124643356,0
1595877795.100197,240.7267985618022,222.72351124643356,0
1595877795.1101906,242.525638130894,222.72351124643356,0
1595877795.1201916,244.3258080756572,222.72351124643356,0
1595877795.1301875,246.12507679819137,222.72351124643356,0
1595877795.1401827,247.92421677469284,222.72351124643356,0
1595877795.1501846,249.72455838083297,222.72351124643356,0
1595877795.1601956,251.52653077005417,222.72351124643356,0
1595877795.170188,253.32515576242477,222.72351124643356,0
1595877795.180189,255.12532570718795,222.72351124643356,0
1595877795.190196,256.9266114509013,222.72351124643356,0
1595877795.200185,258.7246356284526,222.72351124643356,0
1595877795.2101922,260.52592137216595,222.72351124643356,0
1595877795.2201831,262.32428887247113,222.72351124643356,0
1595877795.2301908,264.125660446873,222.72351124643356,0
1595877795.2401857,265.9247575080302,222.72351124643356,0
1595877795.2501967,267.7267298972514,222.72351124643356,0
1595877795.2601883,269.5252261435893,222.72351124643356,0
1595877795.270185,271.3246236121562,222.72351124643356,0
1595877795.2801788,273.1235060965922,222.72351124643356,0
1595877795.2901847,274.9245772635844,222.72351124643356,0
1595877795.3001864,276.7248759543803,222.72351124643356,0
1595877795.3101974,278.5268483436015,222.72351124643356,0
1595877795.3201895,280.32543042062787,222.72351124643356,0
1595877795.330197,282.1268019950297,222.72351124643356,0
1595877795.3401897,283.92546990274457,222.72351124643356,0
1595877795.3501956,285.72654106973675,222.72351124643356,0
1595877795.3601828,287.5242219245341,222.72351124643356,0
1595877795.370181,289.3239198005107,222.72351124643356,0
1595877795.3801975,291.12687924264935,222.72351124643356,0
1595877795.3901916,292.9258046424296,222.72351124643356,0
1595877795.4001935,294.72614624856976,222.72351124643356,0
1595877795.4101832,296.52429917215375,222.72351124643356,0
1595877795.4201865,298.3248982703593,222.72351124643356,0
1595877795.4301958,300.12657025217084,222.72351124643356,0
1595877795.4401858,301.92476609109906,222.72351124643356,0
1595877795.4501789,303.7235198295024,222.72351124643356,0
1595877795.4601839,305.5244193351176,222.72351124643356,0
1595877795.470186,307.324803856602,222.72351124643356,0
1595877795.4801905,309.12561753152875,222.72351124643356,0
1595877795.4901812,310.9239421164897,222.72351124643356,0
1595877795.5001936,312.7261719977763,222.72351124643356,0
1595877795.510196,314.5265994346049,222.72351124643356,0
1595877795.5201814,316.3239798819926,222.72351124643356,0
1595877795.5301888,318.12530854105023,222.72351124643356,0
1595877795.540179,319.9235472953227,222.72351124643356,0
1595877795.5501816,321.72401764749554,222.72351124643356,0
1595877795.560196,323.52659085153607,222.72351124643356,0
1595877795.5701866,325.324915436497,222.72351124643356,0
1595877795.5801969,327.1267590796855,222.72351124643356,0
1595877795.590181,328.923924950352,222.72351124643356,0
1595877795.600187,330.7249961173442,222.72351124643356,0
1595877795.6101787,332.52349236368207,222.72351124643356,0
1595877795.6201947,334.32636597513226,222.72351124643356,0
1595877795.6301827,336.1242184913066,222.72351124643356,0
1595877795.6401782,337.9234013831523,222.72351124643356,0
1595877795.6501842,339.72447255014447,222.72351124643356,0
1595877795.660183,341.5242562568095,222.72351124643356,0
1595877795.6701896,343.3254561698344,222.72351124643356,0
1595877795.6801805,345.1238236701396,222.72351124643356,0
1595877795.6901836,346.9243798530009,222.72351124643356,0
1595877795.7001805,348.72382023691205,222.72351124643356,0
1595877795.7101912,350.525749710789,222.72351124643356,0
1595877795.7201848,352.3245892798808,222.72351124643356,0
1595877795.730184,354.1244588172343,222.72351124643356,0
1595877795.7401838,355.9244141852763,222.72351124643356,0
1595877795.7501853,357.72466996072797,222.72351124643356,0
1595877795.7601917,359.52582695840863,222.72351124643356,0
1595877795.7628403,360,222.72351124643356,1
1595877795.7628403,0,222.72351124643356,0
1595877797.0101953,224.52389576791794,222.72351124643356,0
1595877797.0201986,226.3244948661235,222.72351124643356,0
1595877797.0302036,228.12539437173874,222.72351124643356,0
1595877797.0402083,229.92625096200973,222.72351124643356,0
1595877797.0502067,231.7259488379863,222.72351124643356,0
1595877797.0601993,233.52461674570114,222.72351124643356,0
1595877797.0702064,235.32590248941452,222.72351124643356,0
1595877797.080198,237.1243987357524,222.72351124643356,0
1595877797.0902095,238.92645695566208,222.72351124643356,0
1595877797.1002083,240.72624066232711,222.72351124643356,0
1595877797.1101975,242.52430775522262,222.72351124643356,0
1595877797.1202066,244.3259368216899,222.72351124643356,0
1595877797.1302001,246.1247763907817,222.72351124643356,0
1595877797.140194,247.92365887521774,222.72351124643356,0
1595877797.1502101,249.72657540201217,222.72351124643356,0
1595877797.160212,251.5269170081523,222.72351124643356,0
1595877797.1702042,253.32549908517868,222.72351124643356,0
1595877797.1801953,255.1239095008281,222.72351124643356,0
1595877797.1902103,256.9266114509013,222.72351124643356,0
1595877797.2002022,258.72515061258343,222.72351124643356,0
1595877797.2101977,260.52433350442914,222.72351124643356,0
1595877797.2202103,262.32660630106,222.72351124643356,0
1595877797.2302084,264.1262612616923,222.72351124643356,0
1595877797.2401934,265.92355587839154,222.72351124643356,0
1595877797.2502024,267.7251849448588,222.72351124643356,0
1595877797.2601988,269.5245394980815,222.72351124643356,0
1595877797.2702112,271.3267693793681,222.72351124643356,0
1595877797.2802057,273.12578060983685,222.72351124643356,0
1595877797.2901967,274.924148110142,222.72351124643356,0
1595877797.3002112,276.7267642295268,222.72351124643356,0
1595877797.3102107,278.52667668222455,222.72351124643356,0
1595877797.320195,280.32384255289105,222.72351124643356,0
1595877797.3301978,282.12435582040814,222.72351124643356,0
1595877797.340204,283.92546990274457,222.72351124643356,0
1595877797.3502064,285.7258973395732,222.72351124643356,0
1595877797.3602061,287.5258527076152,222.72351124643356,0
1595877797.3701932,289.32353356241254,222.72351124643356,0
1595877797.3802044,291.12554886697797,222.72351124643356,0
1595877797.3901997,292.92468884347943,222.72351124643356,0
1595877797.400196,294.7240433967021,222.72351124643356,0
1595877797.4102044,296.52554371713666,222.72351124643356,0
1595877797.4202027,298.3252415931132,222.72351124643356,0
1595877797.4301968,300.1241669928935,222.72351124643356,0
1595877797.4401944,301.92373612283734,222.72351124643356,0
1595877797.4502046,303.7255797660258,222.72351124643356,0
1595877797.4601998,305.5247197425273,222.72351124643356,0
1595877797.470208,307.3261771476176,222.72351124643356,0
1595877797.480204,309.12548878549603,222.72351124643356,0
1595877797.4902065,310.92591622232464,222.72351124643356,0
1595877797.5001976,312.72432663797406,222.72351124643356,0
1595877797.5102112,314.52677109598187,222.72351124643356,0
1595877797.5202017,316.32505276559857,222.72351124643356,0
1595877797.5301957,318.12397816537884,222.72351124643356,0
1595877797.540209,319.9263797080424,222.72351124643356,0
1595877797.550205,321.7256484305766,222.72351124643356,0
1595877797.5601995,323.52465966104535,222.72351124643356,0
1595877797.5702047,325.3256020820048,222.72351124643356,0
1595877797.5801964,327.1240983283427,222.72351124643356,0
1595877797.5902019,328.9250836646464,222.72351124643356,0
1595877797.6002047,330.7255969321635,222.72351124643356,0
1595877797.610202,332.5251231467631,222.72351124643356,0
1595877797.620208,334.3261943137553,222.72351124643356,0
1595877797.6302009,336.1249051368144,222.72351124643356,0
1595877797.6402016,337.92503216623334,222.72351124643356,0
1595877797.6502018,339.7250733649638,222.72351124643356,0
1595877797.6601963,341.52408459543256,222.72351124643356,0
1595877797.6701975,343.32429745554,222.72351124643356,0
1595877797.680206,345.1258406913188,222.72351124643356,0
1595877797.6902037,346.92540982126263,222.72351124643356,0
1595877797.7002096,348.7264809882548,222.72351124643356,0
1595877797.7102063,350.5258784568217,222.72351124643356,0
1595877797.720197,352.32420304178265,222.72351124643356,0
1595877797.7301984,354.1244588172343,222.72351124643356,0
1595877797.7402015,355.92501500009564,222.72351124643356,0
1595877797.7502003,357.7247987067607,222.72351124643356,0
1595877797.7601957,359.5239815986064,222.72351124643356,0
1595877797.7628531,360,222.72351124643356,1
1595877797.7628531,0,222.72351124643356,0
1595877799.0102108,224.52436783670456,222.72351124643356,0
1595877799.0202086,226.32397988199264,222.72351124643356,0
1595877799.0302212,228.1262526786235,222.72351124643356,0
1595877799.040212,229.92457726358444,222.72351124643356,0
1595877799.0502267,231.72723629831344,222.72351124643356,0
1595877799.0602238,233.5267195975688,222.72351124643356,0
1595877799.070217,235.32547333597213,222.72351124643356,0
1595877799.0802069,237.12366917490036,222.72351124643356,0
1595877799.0902221,238.92641404031784,222.72351124643356,0
1595877799.1002128,240.72473862527877,222.72351124643356,0
1595877799.1102238,242.52671101449997,222.72351124643356,0
1595877799.1202137,244.3249068534282,222.72351124643356,0
1595877799.1302116,246.12451889871627,222.72351124643356,0
1595877799.1402187,247.92580464242965,222.72351124643356,0
1595877799.150206,249.72352841257126,222.72351124643356,0
1595877799.1602101,251.52425625680954,222.72351124643356,0
1595877799.170224,253.3267436301616,222.72351124643356,0
1595877799.180215,255.12511113046676,222.72351124643356,0
1595877799.1902163,256.9253669059184,222.72351124643356,0
1595877799.2002182,258.72570851205853,222.72351124643356,0
1595877799.210213,260.5247626578715,222.72351124643356,0
1595877799.2202063,262.3235593116191,222.72351124643356,0
1595877799.2302146,264.12505963205365,222.72351124643356,0
1595877799.240212,265.92458584665326,222.72351124643356,0
1595877799.2502124,267.72466996072797,222.72351124643356,0
1595877799.2602217,269.5263419425395,222.72351124643356,0
1595877799.2702072,271.3237223899272,222.72351124643356,0
1595877799.2802203,273.1260810172465,222.72351124643356,0
1595877799.2902186,274.9257788932231,222.72351124643356,0
1595877799.3002138,276.72491886972455,222.72351124643356,0
1595877799.3102176,278.5256037986186,222.72351124643356,0
1595877799.320208,280.3238854682353,222.72351124643356,0
1595877799.330222,282.12637284158734,222.72351124643356,0
1595877799.3402178,283.9256415641215,222.72351124643356,0
1595877799.350208,285.723880318394,222.72351124643356,0
1595877799.3602197,287.5259814536479,222.72351124643356,0
1595877799.370211,289.3243918692973,222.72351124643356,0
1595877799.3802216,291.12632134317425,222.72351124643356,0
1595877799.3902173,292.9255471503642,222.72351124643356,0
1595877799.4002204,294.7261033332255,222.72351124643356,0
1595877799.4102125,296.5246854102519,222.72351124643356,0
1595877799.4202056,298.3234391486552,222.72351124643356,0
1595877799.4302235,300.1266560828593,222.72351124643356,0
1595877799.4402113,301.9244656836894,222.72351124643356,0
1595877799.450218,303.7256655967143,222.72351124643356,0
1595877799.4602203,305.5260930335429,222.72351124643356,0
1595877799.4702134,307.3248467719462,222.72351124643356,0
1595877799.4802072,309.12372925638226,222.72351124643356,0
1595877799.490211,310.9244141852763,222.72351124643356,0
1595877799.500225,312.7269444739726,222.72351124643356,0
1595877799.5102098,314.5241961753276,222.72351124643356,0
1595877799.5202107,316.32436612009076,222.72351124643356,0
1595877799.530209,318.1240639960673,222.72351124643356,0
1595877799.5402055,319.92341854929,222.72351124643356,0
1595877799.550208,321.72388890146283,222.72351124643356,0
1595877799.5602243,323.52680542825726,222.72351124643356,0
1595877799.5702167,325.32543042062787,222.72351124643356,0
1595877799.580208,327.1238837516215,222.72351124643356,0
1595877799.5902138,328.92491200326947,222.72351124643356,0
1595877799.600215,330.7251248633769,222.72351124643356,0
1595877799.6102114,332.52447941659955,222.72351124643356,0
1595877799.6202111,334.32443478464154,222.72351124643356,0
1595877799.6302059,336.1234889304545,222.72351124643356,0
1595877799.6402252,337.92696335672406,222.72351124643356,0
1595877799.650225,339.72691872476605,222.72351124643356,0
1595877799.66022,341.5260157859233,222.72351124643356,0
1595877799.6702063,343.3235678946879,222.72351124643356,0
1595877799.680207,345.12369492410687,222.72351124643356,0
1595877799.6902158,346.9252810752299,222.72351124643356,0
1595877799.7002068,348.7236485755351,222.72351124643356,0
1595877799.7102108,350.5243764197734,222.72351124643356,0
1595877799.7202094,352.3241172110942,222.72351124643356,0
1595877799.7302072,354.12372925638226,222.72351124643356,0
1595877799.7402098,355.9241996085551,222.72351124643356,0
1595877799.7502198,357.72600033639935,222.72351124643356,0
1595877799.7602084,359.52393868326214,222.72351124643356,0
1595877799.762862,360,222.72351124643356,1
1595877799.762862,0,222.72351124643356,0
