Timestamp,Phase,Heading,Ping?
1595872121.000072,32400.0,0,0
1595872121.010114,3.207387701606037,1.4041707674019357,0
1595872121.0200968,5.004296080207111,1.4041707674019357,0
1595872121.0300977,6.804466024970295,1.4041707674019357,0
1595872121.0401034,8.605494276618245,1.4041707674019357,0
1595872121.0501003,10.404934660529378,1.4041707674019357,0
1595872121.0600986,12.20463253650594,1.4041707674019357,0
1595872121.070097,14.004330412482503,1.4041707674019357,0
1595872121.0800998,15.804843679999593,1.4041707674019357,0
1595872121.090098,17.604498640631917,1.4041707674019357,0
1595872121.100105,19.405784384345296,1.4041707674019357,0
1595872121.1101003,21.20492436084676,1.4041707674019357,0
1595872121.1201098,23.006639258002522,1.4041707674019357,0
1595872121.1301022,24.805264250373128,1.4041707674019357,0
1595872121.1401153,26.607622877692464,1.4041707674019357,0
1595872121.1501002,28.404917494391682,1.4041707674019357,0
1595872121.1601038,30.205559507941487,1.4041707674019357,0
1595872121.1701016,32.00517155322957,1.4041707674019357,0
1595872121.1801004,33.80495525989461,1.4041707674019357,0
1595872121.1900985,35.604610220526936,1.4041707674019357,0
1595872121.2001054,37.40585304889608,1.4041707674019357,0
1595872121.2101135,39.20731045398641,1.4041707674019357,0
1595872121.2200983,41.00456215534139,1.4041707674019357,0
1595872121.2301106,42.80679203662801,1.4041707674019357,0
1595872121.2401078,44.60627533588338,1.4041707674019357,0
1595872121.2501128,46.407174841498616,1.4041707674019357,0
1595872121.2600996,48.20481278095174,1.4041707674019357,0
1595872121.2701063,50.00601269397664,1.4041707674019357,0
1595872121.2801077,51.8062684694283,1.4041707674019357,0
1595872121.2901103,53.606738821601155,1.4041707674019357,0
1595872121.300097,55.40433384571004,1.4041707674019357,0
1595872121.3101056,57.20587708148885,1.4041707674019357,0
1595872121.320111,59.00686241779256,1.4041707674019357,0
1595872121.3300974,60.80441452655721,1.4041707674019357,0
1595872121.3400962,62.60419823322225,1.4041707674019357,0
1595872121.3501008,64.405011908149,1.4041707674019357,0
1595872121.3601046,66.20569683704305,1.4041707674019357,0
1595872121.3701036,68.00552345905233,1.4041707674019357,0
1595872121.38011,69.80668045673299,1.4041707674019357,0
1595872121.3900993,71.6047475496285,1.4041707674019357,0
1595872121.4001062,73.40599037799764,1.4041707674019357,0
1595872121.4101067,75.20607449207235,1.4041707674019357,0
1595872121.4201136,77.00731732044149,1.4041707674019357,0
1595872121.4300961,78.80418278369832,1.4041707674019357,0
1595872121.4401045,80.6056831041329,1.4041707674019357,0
1595872121.4501026,82.40533806476522,1.4041707674019357,0
1595872121.460106,84.20593716297078,1.4041707674019357,0
1595872121.4701111,86.00687958393026,1.4041707674019357,0
1595872121.4801066,87.80606247577596,1.4041707674019357,0
1595872121.49011,89.60666157398153,1.4041707674019357,0
1595872121.5001142,91.40743233356405,1.4041707674019357,0
1595872121.5101032,93.20545651111532,1.4041707674019357,0
1595872121.5201051,95.00579811725545,1.4041707674019357,0
1595872121.530114,96.8073842683785,1.4041707674019357,0
1595872121.5401003,98.60493637714315,1.4041707674019357,0
1595872121.5501106,100.40678002033162,1.4041707674019357,0
1595872121.560115,102.20759369525838,1.4041707674019357,0
1595872121.5701063,104.0060041109078,1.4041707674019357,0
1595872121.5801144,105.80746151599813,1.4041707674019357,0
1595872121.5901139,107.60737396869588,1.4041707674019357,0
1595872121.6001058,109.40591313037801,1.4041707674019357,0
1595872121.6101012,111.20509602222371,1.4041707674019357,0
1595872121.620097,113.00432182941366,1.4041707674019357,0
1595872121.6301131,114.80723835620809,1.4041707674019357,0
1595872121.640105,116.60577751789022,1.4041707674019357,0
1595872121.6501,118.40487457904744,1.4041707674019357,0
1595872121.6601028,120.20538784656453,1.4041707674019357,0
1595872121.670109,122.00650192890096,1.4041707674019357,0
1595872121.6801043,123.80564190540242,1.4041707674019357,0
1595872121.6901112,125.60688473377157,1.4041707674019357,0
1595872121.7001143,127.4074409166329,1.4041707674019357,0
1595872121.7100956,129.20409180316852,1.4041707674019357,0
1595872121.720105,131.00576378498005,1.4041707674019357,0
1595872121.7301068,132.80610539112018,1.4041707674019357,0
1595872121.7401092,134.6065328279488,1.4041707674019357,0
1595872121.7500982,136.40455700550007,1.4041707674019357,0
1595872121.7600994,138.2047698656075,1.4041707674019357,0
1595872121.7701094,140.00657059345173,1.4041707674019357,0
1595872121.7801027,141.80536724719929,1.4041707674019357,0
1595872121.7901082,143.606352583503,1.4041707674019357,0
1595872121.800109,145.40647961292194,1.4041707674019357,0
1595872121.8100958,147.20411755237507,1.4041707674019357,0
1595872121.8201008,149.0050170579903,1.4041707674019357,0
1595872121.8301046,150.80570198688434,1.4041707674019357,0
1595872121.8401065,152.60604359302448,1.4041707674019357,0
1595872121.8501139,154.4073722520821,1.4041707674019357,0
1595872121.860112,156.20702721271442,1.4041707674019357,0
1595872121.8701088,158.00646759662555,1.4041707674019357,0
1595872121.8801115,159.8069379487984,1.4041707674019357,0
1595872121.8901136,161.60732247028278,1.4041707674019357,0
1595872121.9001007,163.40500332508014,1.4041707674019357,0
1595872121.9101121,165.2070615449898,1.4041707674019357,0
1595872121.9200997,167.00482823047565,1.4041707674019357,0
1595872121.930101,168.80504109058307,1.4041707674019357,0
1595872121.9401085,170.60641266498493,1.4041707674019357,0
1595872121.9500966,172.40426518115925,1.4041707674019357,0
1595872121.960097,174.20434929523395,1.4041707674019357,0
1595872121.9701064,176.00602127704548,1.4041707674019357,0
1595872121.9801104,177.80674912128376,1.4041707674019357,0
1595872121.9901106,179.60679032001423,1.4041707674019357,0
1595872122.0001123,181.40708901081013,1.4041707674019357,0
1595872122.0100965,183.20425488147663,1.4041707674019357,0
1595872122.0201116,185.00695683154987,1.4041707674019357,0
1595872122.0301049,186.80575348529743,1.4041707674019357,0
1595872122.0401032,188.605451361274,1.4041707674019357,0
1595872122.050111,190.4068658510201,1.4041707674019357,0
1595872122.0600991,192.2047183671944,1.4041707674019357,0
1595872122.0701098,194.00664784107136,1.4041707674019357,0
1595872122.0801046,195.80570198688434,1.4041707674019357,0
1595872122.0901,197.60488487873005,1.4041707674019357,0
1595872122.1001034,199.4054839769356,1.4041707674019357,0
1595872122.1101072,201.20616890582966,1.4041707674019357,0
1595872122.1200979,203.0044934907906,1.4041707674019357,0
1595872122.1301005,204.80496384296345,1.4041707674019357,0
1595872122.1400976,206.60444714221882,1.4041707674019357,0
1595872122.15011,208.40667702350544,1.4041707674019357,0
1595872122.160095,210.20397164020466,1.4041707674019357,0
1595872122.1700952,212.00401283893513,1.4041707674019357,0
1595872122.1801116,213.8069722810738,1.4041707674019357,0
1595872122.190108,215.60632683429645,1.4041707674019357,0
1595872122.2001112,217.40688301715778,1.4041707674019357,0
1595872122.2101128,219.20718170795368,1.4041707674019357,0
1595872122.2201014,221.00512005481647,1.4041707674019357,0
1595872122.2301133,222.80726410541462,1.4041707674019357,0
1595872122.2401035,224.60550285968708,1.4041707674019357,0
1595872122.2501059,226.4059302965157,1.4041707674019357,0
1595872122.2601137,228.20734478626179,1.4041707674019357,0
1595872122.270096,230.00416733417438,1.4041707674019357,0
1595872122.2801092,231.80652596149372,1.4041707674019357,0
1595872122.2901082,233.606352583503,1.4041707674019357,0
1595872122.300097,235.40433384571003,1.4041707674019357,0
1595872122.3101132,237.20725037250446,1.4041707674019357,0
1595872122.320111,239.00686241779255,1.4041707674019357,0
1595872122.3300982,240.8045432725899,1.4041707674019357,0
1595872122.340101,242.605056540107,1.4041707674019357,0
1595872122.3501,244.40488316211628,1.4041707674019357,0
1595872122.3600993,246.2047526994698,1.4041707674019357,0
1595872122.3700988,248.00466515216755,1.4041707674019357,0
1595872122.3800962,249.80419136676716,1.4041707674019357,0
1595872122.3900964,251.60423256549763,1.4041707674019357,0
1595872122.4001,253.40487457904743,1.4041707674019357,0
1595872122.4101,255.20487286243366,1.4041707674019357,0
1595872122.4201066,257.00607277545856,1.4041707674019357,0
1595872122.4301076,258.80624272022175,1.4041707674019357,0
1595872122.440099,260.6046960512154,1.4041707674019357,0
1595872122.4501047,262.40572430286335,1.4041707674019357,0
1595872122.4601138,264.20735336933063,1.4041707674019357,0
1595872122.4700985,266.0046050706856,1.4041707674019357,0
1595872122.4801133,267.8072641054146,1.4041707674019357,0
1595872122.4900951,269.60400082263874,1.4041707674019357,0
1595872122.5001016,271.4051578203194,1.4041707674019357,0
1595872122.5100985,273.20459820423054,1.4041707674019357,0
1595872122.5201051,275.00579811725544,1.4041707674019357,0
1595872122.5301096,276.8066117921822,1.4041707674019357,0
1595872122.5401044,278.6056659379952,1.4041707674019357,0
1595872122.5501144,280.4074666658394,1.4041707674019357,0
1595872122.5601048,282.2057483354561,1.4041707674019357,0
1595872122.5701098,284.00664784107136,1.4041707674019357,0
1595872122.580114,285.80737568530964,1.4041707674019357,0
1595872122.590108,287.6063010850899,1.4041707674019357,0
1595872122.6001065,289.4060418764107,1.4041707674019357,0
1595872122.6101034,291.20548226032184,1.4041707674019357,0
1595872122.6201088,293.00646759662555,1.4041707674019357,0
1595872122.6301134,294.8072812715523,1.4041707674019357,0
1595872122.6401103,296.60672165546345,1.4041707674019357,0
1595872122.6501026,298.40534664783405,1.4041707674019357,0
1595872122.6601117,300.20697571430134,1.4041707674019357,0
1595872122.6701128,302.00718857440876,1.4041707674019357,0
1595872122.6801088,303.80645729694294,1.4041707674019357,0
1595872122.6901007,305.60499645862507,1.4041707674019357,0
1595872122.7001064,307.406024710273,1.4041707674019357,0
1595872122.7100987,309.2046497026436,1.4041707674019357,0
1595872122.7201006,311.00499130878376,1.4041707674019357,0
1595872122.7301035,312.80550457630085,1.4041707674019357,0
1595872122.7401118,314.6070048967354,1.4041707674019357,0
1595872122.750109,316.4064881959908,1.4041707674019357,0
1595872122.7601078,318.2062719026558,1.4041707674019357,0
1595872122.7701092,320.0065276781075,1.4041707674019357,0
1595872122.7801056,321.80588223133014,1.4041707674019357,0
1595872122.7900949,323.60394932422565,1.4041707674019357,0
1595872122.8000977,325.40446259174274,1.4041707674019357,0
1595872122.8100991,327.2047183671944,1.4041707674019357,0
1595872122.8201108,329.0068195024483,1.4041707674019357,0
1595872122.8301013,330.805101172065,1.4041707674019357,0
1595872122.8401017,332.6051852861397,1.4041707674019357,0
1595872122.8501105,334.40677143726276,1.4041707674019357,0
1595872122.8601055,336.20586849842,1.4041707674019357,0
1595872122.870111,338.0068538347237,1.4041707674019357,0
1595872122.8801033,339.8054788270943,1.4041707674019357,0
1595872122.8900945,341.6038892427437,1.4041707674019357,0
1595872122.9001014,343.40513207111286,1.4041707674019357,0
1595872122.9101038,345.2055595079415,1.4041707674019357,0
1595872122.920111,347.00684525165485,1.4041707674019357,0
1595872122.9301138,348.80735851917194,1.4041707674019357,0
1595872122.9401085,350.60641266498493,1.4041707674019357,0
1595872122.9501104,352.40675427112507,1.4041707674019357,0
1595872122.960111,354.2068383851998,1.4041707674019357,0
1595872122.9701006,356.00499130878376,1.4041707674019357,0
1595872122.980101,357.80507542285847,1.4041707674019357,0
1595872122.9901,359.6048591295235,1.4041707674019357,0
1595872122.9923139,360,1.4041707674019357,1
1595872122.9923139,0,1.4041707674019357,0
1595872122.9923139,1.4041707674019357,1.4041707674019357,0
1595872122.9925494,254.1973064104073,1.4041707674019357,0
1595872122.9925754,254.20198418292927,1.4041707674019357,0
1595872122.9925988,254.20618988666462,1.4041707674019357,0
1595872122.992622,254.21035267505573,1.4041707674019357,0
1595872122.9926448,254.2144725481026,1.4041707674019357,0
1595872122.9926677,254.21859242114948,1.4041707674019357,0
1595872122.9926918,254.22292687091755,1.4041707674019357,0
1595872122.9927146,254.22704674396442,1.4041707674019357,0
1595872122.9927375,254.2311666170113,1.4041707674019357,0
1595872122.992768,254.2366597810738,1.4041707674019357,0
1595872122.9927907,254.24073673877643,1.4041707674019357,0
1595872122.9928148,254.2450711885445,1.4041707674019357,0
1595872122.992838,254.2492339769356,1.4041707674019357,0
1595872122.9928606,254.25331093463825,1.4041707674019357,0
1595872122.9928832,254.2573878923409,1.4041707674019357,0
1595872122.9929056,254.26142193469929,1.4041707674019357,0
1595872122.992928,254.26545597705768,1.4041707674019357,0
1595872122.9929523,254.26983334217,1.4041707674019357,0
1595872122.992975,254.27391029987263,1.4041707674019357,0
1595872122.9929976,254.27798725757526,1.4041707674019357,0
1595872122.99302,254.28202129993366,1.4041707674019357,0
1595872122.993043,254.28614117298054,1.4041707674019357,0
1595872122.993067,254.2904756227486,1.4041707674019357,0
1595872122.9930897,254.29455258045124,1.4041707674019357,0
1595872122.9931123,254.29862953815388,1.4041707674019357,0
1595872122.9931345,254.30262066516804,1.4041707674019357,0
1595872122.993157,254.30665470752643,1.4041707674019357,0
1595872122.993179,254.3106458345406,1.4041707674019357,0
1595872122.9932086,254.31596733722614,1.4041707674019357,0
1595872122.9932315,254.32008721027302,1.4041707674019357,0
1595872122.9932542,254.32416416797565,1.4041707674019357,0
1595872122.993277,254.32828404102253,1.4041707674019357,0
1595872122.9933,254.3324039140694,1.4041707674019357,0
1595872122.9933343,254.33858372363972,1.4041707674019357,0
1595872122.9933574,254.34274651203083,1.4041707674019357,0
1595872122.9933798,254.34678055438923,1.4041707674019357,0
1595872122.9934025,254.35085751209186,1.4041707674019357,0
1595872122.993425,254.35489155445026,1.4041707674019357,0
1595872122.9934585,254.36094261798786,1.4041707674019357,0
1595872122.9934814,254.36506249103473,1.4041707674019357,0
1595872122.9935043,254.3691823640816,1.4041707674019357,0
1595872122.9935274,254.37334515247272,1.4041707674019357,0
1595872122.99355,254.37742211017536,1.4041707674019357,0
1595872122.9935744,254.38179947528766,1.4041707674019357,0
1595872122.9935973,254.38591934833454,1.4041707674019357,0
1595872122.9936194,254.3899104753487,1.4041707674019357,0
1595872122.9936423,254.39403034839557,1.4041707674019357,0
1595872122.9936647,254.39806439075397,1.4041707674019357,0
1595872122.9936886,254.4023559251778,1.4041707674019357,0
1595872122.9937117,254.40651871356891,1.4041707674019357,0
1595872122.993734,254.41050984058307,1.4041707674019357,0
1595872122.9937565,254.4145867982857,1.4041707674019357,0
1595872122.993779,254.4186208406441,1.4041707674019357,0
1595872122.9938014,254.4226548830025,1.4041707674019357,0
1595872122.9938254,254.42698933277057,1.4041707674019357,0
1595872122.9938483,254.43110920581745,1.4041707674019357,0
1595872122.9938707,254.43514324817585,1.4041707674019357,0
1595872122.9938934,254.43922020587848,1.4041707674019357,0
1595872122.9939156,254.44321133289264,1.4041707674019357,0
1595872122.9939392,254.44745995197223,1.4041707674019357,0
1595872122.9939618,254.45153690967487,1.4041707674019357,0
1595872122.9939902,254.45664383563923,1.4041707674019357,0
1595872122.994013,254.4607637086861,1.4041707674019357,0
1595872122.9940357,254.46484066638874,1.4041707674019357,0
1595872122.994058,254.4688317934029,1.4041707674019357,0
1595872122.994082,254.47316624317097,1.4041707674019357,0
1595872122.9941046,254.4772432008736,1.4041707674019357,0
1595872122.9941275,254.48136307392048,1.4041707674019357,0
1595872122.9941502,254.4854400316231,1.4041707674019357,0
1595872122.9941728,254.48951698932575,1.4041707674019357,0
1595872122.994197,254.49385143909382,1.4041707674019357,0
1595872122.9942195,254.49792839679645,1.4041707674019357,0
1595872122.994242,254.50196243915485,1.4041707674019357,0
1595872122.9942644,254.50599648151325,1.4041707674019357,0
1595872122.9942865,254.5099876085274,1.4041707674019357,0
1595872122.9943104,254.51427914295124,1.4041707674019357,0
1595872122.9943337,254.5184848466866,1.4041707674019357,0
1595872122.994356,254.52247597370075,1.4041707674019357,0
1595872122.9943786,254.5265529314034,1.4041707674019357,0
1595872122.994401,254.53058697376179,1.4041707674019357,0
1595872122.9944239,254.53470684680866,1.4041707674019357,0
1595872122.994453,254.53994251880573,1.4041707674019357,0
1595872122.9944758,254.5440623918526,1.4041707674019357,0
1595872122.9944983,254.548096434211,1.4041707674019357,0
1595872122.994521,254.55217339191364,1.4041707674019357,0
1595872122.9945433,254.55620743427204,1.4041707674019357,0
1595872122.9945765,254.56217266712116,1.4041707674019357,0
1595872122.9945998,254.5663783708565,1.4041707674019357,0
1595872122.9946227,254.5704982439034,1.4041707674019357,0
1595872122.9946454,254.57457520160602,1.4041707674019357,0
1595872122.9946675,254.57856632862018,1.4041707674019357,0
1595872122.9947,254.5844028154366,1.4041707674019357,0
1595872122.9947236,254.58865143451618,1.4041707674019357,0
1595872122.9947462,254.59272839221882,1.4041707674019357,0
1595872122.9947753,254.5979640642159,1.4041707674019357,0
1595872122.9947982,254.60208393726276,1.4041707674019357,0
1595872122.994822,254.6063754716866,1.4041707674019357,0
1595872122.9948447,254.61045242938923,1.4041707674019357,0
1595872122.9948676,254.6145723024361,1.4041707674019357,0
1595872122.99489,254.6186063447945,1.4041707674019357,0
1595872122.9949121,254.62259747180866,1.4041707674019357,0
1595872122.9949362,254.62693192157673,1.4041707674019357,0
1595872122.9949594,254.63109470996784,1.4041707674019357,0
1595872122.9949815,254.635085836982,1.4041707674019357,0
1595872122.9950044,254.63920571002888,1.4041707674019357,0
1595872122.9950266,254.64319683704304,1.4041707674019357,0
1595872122.9950495,254.6473167100899,1.4041707674019357,0
1595872122.9950743,254.6517799058907,1.4041707674019357,0
1595872122.9950972,254.65589977893757,1.4041707674019357,0
1595872122.9951196,254.65993382129597,1.4041707674019357,0
1595872122.9951422,254.6640107789986,1.4041707674019357,0
1595872122.9951646,254.668044821357,1.4041707674019357,0
1595872122.9951885,254.67233635578083,1.4041707674019357,0
1595872122.9952111,254.67641331348347,1.4041707674019357,0
1595872122.9952335,254.68044735584186,1.4041707674019357,0
1595872122.995256,254.68448139820026,1.4041707674019357,0
1595872122.9952786,254.6885583559029,1.4041707674019357,0
1595872122.9953008,254.69254948291706,1.4041707674019357,0
1595872122.9953249,254.69688393268513,1.4041707674019357,0
1595872122.9953477,254.701003805732,1.4041707674019357,0
1595872122.99537,254.70499493274616,1.4041707674019357,0
1595872122.9953926,254.7090718904488,1.4041707674019357,0
1595872122.995415,254.7131059328072,1.4041707674019357,0
1595872122.9954388,254.71739746723102,1.4041707674019357,0
1595872122.9954617,254.7215173402779,1.4041707674019357,0
1595872122.9954839,254.72550846729206,1.4041707674019357,0
1595872122.995507,254.72967125568317,1.4041707674019357,0
1595872122.9955292,254.73366238269733,1.4041707674019357,0
1595872122.9955518,254.73773934039997,1.4041707674019357,0
1595872122.9955761,254.74211670551227,1.4041707674019357,0
1595872122.9955988,254.7461936632149,1.4041707674019357,0
1595872122.9956212,254.7502277055733,1.4041707674019357,0
1595872122.9956434,254.75421883258747,1.4041707674019357,0
1595872122.9956663,254.75833870563434,1.4041707674019357,0
1595872122.9956944,254.76340271625446,1.4041707674019357,0
1595872122.995718,254.76765133533405,1.4041707674019357,0
1595872122.9957407,254.7717282930367,1.4041707674019357,0
1595872122.9957628,254.77571942005085,1.4041707674019357,0
1595872122.9957855,254.77979637775348,1.4041707674019357,0
1595872122.9981523,255.2058170000069,1.4041707674019357,0
1595872123.0081537,257.00607277545856,1.4041707674019357,0
1595872123.0181448,258.804483191108,1.4041707674019357,0
1595872123.0281613,260.60744263324665,1.4041707674019357,0
1595872123.0381606,262.40731217060016,1.4041707674019357,0
1595872123.0481584,264.20692421588825,1.4041707674019357,0
1595872123.0581422,266.0040042558663,1.4041707674019357,0
1595872123.068153,267.80593372974323,1.4041707674019357,0
1595872123.0781589,269.6070048967354,1.4041707674019357,0
1595872123.088157,271.40665985736774,1.4041707674019357,0
1595872123.098148,273.20507027301716,1.4041707674019357,0
1595872123.1081567,275.00661350879597,1.4041707674019357,0
1595872123.1181436,276.8042514482491,1.4041707674019357,0
1595872123.128152,278.60575176868366,1.4041707674019357,0
1595872123.138144,280.40433384571,1.4041707674019357,0
1595872123.1481495,282.20531918201374,1.4041707674019357,0
1595872123.1581495,284.00531746539997,1.4041707674019357,0
1595872123.168152,285.8057878175728,1.4041707674019357,0
1595872123.1781492,287.6052711168282,1.4041707674019357,0
1595872123.1881568,289.40664269123005,1.4041707674019357,0
1595872123.1981554,291.20638348255085,1.4041707674019357,0
1595872123.208148,293.0050513902657,1.4041707674019357,0
1595872123.2181437,294.80427719745563,1.4041707674019357,0
1595872123.2281559,296.606464163398,1.4041707674019357,0
1595872123.238151,298.4056041398995,1.4041707674019357,0
1595872123.2481465,300.2047870317452,1.4041707674019357,0
1595872123.2581577,302.0068023363106,1.4041707674019357,0
1595872123.268149,303.80521275196,1.4041707674019357,0
1595872123.2781584,305.6069276491158,1.4041707674019357,0
1595872123.2881577,307.4067971864693,1.4041707674019357,0
1595872123.2981582,309.206881300544,1.4041707674019357,0
1595872123.3081555,311.0064075151436,1.4041707674019357,0
1595872123.318151,312.8055904069893,1.4041707674019357,0
1595872123.328157,314.6066615739815,1.4041707674019357,0
1595872123.338142,316.40395619068073,1.4041707674019357,0
1595872123.3481605,318.20730187091755,1.4041707674019357,0
1595872123.358156,320.00648476276325,1.4041707674019357,0
1595872123.3681493,321.8052814165108,1.4041707674019357,0
1595872123.3781536,323.6060521760933,1.4041707674019357,0
1595872123.3881538,325.4060933748238,1.4041707674019357,0
1595872123.3981438,327.204289213752,1.4041707674019357,0
1595872123.4081497,329.0053603807442,1.4041707674019357,0
1595872123.4181497,330.80535866413044,1.4041707674019357,0
1595872123.428148,332.605056540107,1.4041707674019357,0
1595872123.4381495,334.40531231555866,1.4041707674019357,0
1595872123.44815,336.20539642963337,1.4041707674019357,0
1595872123.4581592,338.0070684114449,1.4041707674019357,0
1595872123.46815,339.8053929964058,1.4041707674019357,0
1595872123.4781477,341.6050050416939,1.4041707674019357,0
1595872123.4881473,343.40491749439167,1.4041707674019357,0
1595872123.498154,345.20611740741657,1.4041707674019357,0
1595872123.5081472,347.00491406116413,1.4041707674019357,0
1595872123.518144,348.804311529731,1.4041707674019357,0
1595872123.52816,350.60722805652546,1.4041707674019357,0
1595872123.5381582,352.4068830171578,1.4041707674019357,0
1595872123.5481472,354.20490719470905,1.4041707674019357,0
1595872123.5581503,356.0054633775704,1.4041707674019357,0
1595872123.5681512,357.80563332233356,1.4041707674019357,0
1595872123.5781603,359.60726238880085,1.4041707674019357,0
1595872123.5803432,360,1.4041707674019357,1
1595872123.5803432,0,1.4041707674019357,0
1595872123.5803432,1.4041707674019357,1.4041707674019357,0
1595872123.580523,254.18726421985554,1.4041707674019357,0
1595872123.580547,254.1915986696236,1.4041707674019357,0
1595872123.5805728,254.19623352680134,1.4041707674019357,0
1595872123.5805962,254.2004392305367,1.4041707674019357,0
1595872123.5806189,254.20451618823932,1.4041707674019357,0
1595872123.5806415,254.20859314594196,1.4041707674019357,0
1595872123.5806642,254.2126701036446,1.4041707674019357,0
1595872123.580693,254.21786286029743,1.4041707674019357,0
1595872123.5807166,254.22211147937702,1.4041707674019357,0
1595872123.5807393,254.22618843707966,1.4041707674019357,0
1595872123.5807621,254.23030831012653,1.4041707674019357,0
1595872123.5807843,254.2342994371407,1.4041707674019357,0
1595872123.5808172,254.24022175464557,1.4041707674019357,0
1595872123.5808413,254.24455620441364,1.4041707674019357,0
1595872123.5808642,254.24867607746052,1.4041707674019357,0
1595872123.5808868,254.25275303516315,1.4041707674019357,0
1595872123.5809093,254.25678707752155,1.4041707674019357,0
1595872123.5809424,254.26275231037067,1.4041707674019357,0
1595872123.580966,254.26700092945026,1.4041707674019357,0
1595872123.5809886,254.2710778871529,1.4041707674019357,0
1595872123.5810115,254.27519776019977,1.4041707674019357,0
1595872123.5810335,254.2791459718697,1.4041707674019357,0
1595872123.5810573,254.28343750629352,1.4041707674019357,0
1595872123.5810804,254.28760029468464,1.4041707674019357,0
1595872123.5811026,254.2915914216988,1.4041707674019357,0
1595872123.581125,254.2956254640572,1.4041707674019357,0
1595872123.5811474,254.2996595064156,1.4041707674019357,0
1595872123.5811698,254.303693548774,1.4041707674019357,0
1595872123.581194,254.30802799854206,1.4041707674019357,0
1595872123.5812166,254.3121049562447,1.4041707674019357,0
1595872123.5812387,254.31609608325886,1.4041707674019357,0
1595872123.5812614,254.3201730409615,1.4041707674019357,0
1595872123.5812833,254.32412125263141,1.4041707674019357,0
1595872123.5813072,254.32841278705524,1.4041707674019357,0
1595872123.58133,254.33253266010212,1.4041707674019357,0
1595872123.5813527,254.33660961780475,1.4041707674019357,0
1595872123.5813751,254.34064366016315,1.4041707674019357,0
1595872123.5813975,254.34467770252155,1.4041707674019357,0
1595872123.5814197,254.3486688295357,1.4041707674019357,0
1595872123.5814438,254.35300327930378,1.4041707674019357,0
1595872123.5814667,254.35712315235065,1.4041707674019357,0
1595872123.581489,254.36115719470905,1.4041707674019357,0
1595872123.5815115,254.36519123706745,1.4041707674019357,0
1595872123.5815337,254.3691823640816,1.4041707674019357,0
1595872123.5815573,254.3734309831612,1.4041707674019357,0
1595872123.5815804,254.3775937715523,1.4041707674019357,0
1595872123.5816028,254.3816278139107,1.4041707674019357,0
1595872123.5816255,254.38570477161335,1.4041707674019357,0
1595872123.5816479,254.38973881397175,1.4041707674019357,0
1595872123.58167,254.3937299409859,1.4041707674019357,0
1595872123.5816944,254.3981073060982,1.4041707674019357,0
1595872123.581717,254.40218426380085,1.4041707674019357,0
1595872123.5817394,254.40621830615925,1.4041707674019357,0
1595872123.5817618,254.41025234851764,1.4041707674019357,0
1595872123.5817842,254.41428639087604,1.4041707674019357,0
1595872123.5818079,254.41853500995563,1.4041707674019357,0
1595872123.5818305,254.42261196765827,1.4041707674019357,0
1595872123.581853,254.42664601001667,1.4041707674019357,0
1595872123.581875,254.43063713703083,1.4041707674019357,0
1595872123.581898,254.4347570100777,1.4041707674019357,0
1595872123.5819206,254.43883396778034,1.4041707674019357,0
1595872123.5819497,254.4440696397774,1.4041707674019357,0
1595872123.5819793,254.44939114246296,1.4041707674019357,0
1595872123.582003,254.45368267688679,1.4041707674019357,0
1595872123.5820322,254.45891834888386,1.4041707674019357,0
1595872123.5820644,254.46471192035602,1.4041707674019357,0
1595872123.5820885,254.4690463701241,1.4041707674019357,0
1595872123.5821111,254.47312332782673,1.4041707674019357,0
1595872123.5821338,254.47720028552936,1.4041707674019357,0
1595872123.582156,254.48119141254352,1.4041707674019357,0
1595872123.5821786,254.48526837024616,1.4041707674019357,0
1595872123.5822127,254.49140526447223,1.4041707674019357,0
1595872123.5822356,254.4955251375191,1.4041707674019357,0
1595872123.5822582,254.49960209522175,1.4041707674019357,0
1595872123.5822809,254.50367905292438,1.4041707674019357,0
1595872123.5823033,254.50771309528278,1.4041707674019357,0
1595872123.5823274,254.51204754505085,1.4041707674019357,0
1595872123.5823498,254.51608158740925,1.4041707674019357,0
1595872123.5823724,254.52015854511188,1.4041707674019357,0
1595872123.5823948,254.52419258747028,1.4041707674019357,0
1595872123.5824177,254.52831246051716,1.4041707674019357,0
1595872123.5824418,254.53264691028522,1.4041707674019357,0
1595872123.582464,254.53663803729938,1.4041707674019357,0
1595872123.5824866,254.54071499500202,1.4041707674019357,0
1595872123.582509,254.54474903736042,1.4041707674019357,0
1595872123.5825317,254.54882599506305,1.4041707674019357,0
1595872123.5825553,254.55307461414264,1.4041707674019357,0
1595872123.5825782,254.55719448718952,1.4041707674019357,0
1595872123.5826006,254.56122852954792,1.4041707674019357,0
1595872123.582623,254.56526257190632,1.4041707674019357,0
1595872123.5826452,254.56925369892048,1.4041707674019357,0
1595872123.5826678,254.5733306566231,1.4041707674019357,0
1595872123.5826917,254.57762219104694,1.4041707674019357,0
1595872123.582714,254.58165623340534,1.4041707674019357,0
1595872123.5827367,254.58573319110798,1.4041707674019357,0
1595872123.582759,254.58972431812214,1.4041707674019357,0
1595872123.582781,254.5937154451363,1.4041707674019357,0
1595872123.5828035,254.5977494874947,1.4041707674019357,0
1595872123.5828278,254.602126852607,1.4041707674019357,0
1595872123.58285,254.60611797962116,1.4041707674019357,0
1595872123.5828726,254.6101949373238,1.4041707674019357,0
1595872123.582895,254.6142289796822,1.4041707674019357,0
1595872123.5829175,254.6182630220406,1.4041707674019357,0
1595872123.5829413,254.62255455646442,1.4041707674019357,0
1595872123.5829642,254.6266744295113,1.4041707674019357,0
1595872123.5829866,254.6307084718697,1.4041707674019357,0
1595872123.583009,254.6347425142281,1.4041707674019357,0
1595872123.5830312,254.63873364124225,1.4041707674019357,0
1595872123.5830538,254.6428105989449,1.4041707674019357,0
1595872123.583078,254.64714504871296,1.4041707674019357,0
1595872123.5831003,254.65117909107136,1.4041707674019357,0
1595872123.5831232,254.65529896411823,1.4041707674019357,0
1595872123.5831454,254.6592900911324,1.4041707674019357,0
1595872123.583168,254.66336704883503,1.4041707674019357,0
1595872123.5831969,254.66855980548786,1.4041707674019357,0
1595872123.5832198,254.67267967853473,1.4041707674019357,0
1595872123.5832424,254.67675663623737,1.4041707674019357,0
1595872123.583265,254.68083359394,1.4041707674019357,0
1595872123.5832875,254.6848676362984,1.4041707674019357,0
1595872123.5833201,254.69074703845905,1.4041707674019357,0
1595872123.5833433,254.69490982685016,1.4041707674019357,0
1595872123.583366,254.6989867845528,1.4041707674019357,0
1595872123.583388,254.70297791156696,1.4041707674019357,0
1595872123.5834112,254.70714069995807,1.4041707674019357,0
1595872123.5834439,254.71302010211872,1.4041707674019357,0
1595872123.5834677,254.71731163654255,1.4041707674019357,0
1595872123.5834904,254.72138859424518,1.4041707674019357,0
1595872123.583513,254.72546555194782,1.4041707674019357,0
1595872123.5835357,254.72954250965046,1.4041707674019357,0
1595872123.5835598,254.73387695941852,1.4041707674019357,0
1595872123.5835824,254.73795391712116,1.4041707674019357,0
1595872123.5836053,254.74207379016804,1.4041707674019357,0
1595872123.5836277,254.74610783252643,1.4041707674019357,0
1595872123.5836504,254.75018479022907,1.4041707674019357,0
1595872123.5836725,254.75417591724323,1.4041707674019357,0
1595872123.5836966,254.7585103670113,1.4041707674019357,0
1595872123.583719,254.7625444093697,1.4041707674019357,0
1595872123.5837412,254.76653553638386,1.4041707674019357,0
1595872123.5837636,254.77056957874225,1.4041707674019357,0
1595872123.586178,255.20517326984333,1.4041707674019357,0
1595872123.5961876,257.0068881669991,1.4041707674019357,0
1595872123.6061916,258.80761601123737,1.4041707674019357,0
1595872123.6161866,260.6067130723946,1.4041707674019357,0
1595872123.6261818,262.40585304889606,1.4041707674019357,0
1595872123.6361766,264.20490719470905,1.4041707674019357,0
1595872123.6461875,266.00687958393024,1.4041707674019357,0
1595872123.656178,267.80516125354694,1.4041707674019357,0
1595872123.6661878,269.60691906604694,1.4041707674019357,0
1595872123.6761768,271.4049432435982,1.4041707674019357,0
1595872123.6861854,273.206486479377,1.4041707674019357,0
1595872123.6961744,275.0045106569283,1.4041707674019357,0
1595872123.7061849,276.806397215461,1.4041707674019357,0
1595872123.7161775,278.60506512317585,1.4041707674019357,0
1595872123.7261882,280.4069945970528,1.4041707674019357,0
1595872123.7361755,282.2047183671944,1.4041707674019357,0
1595872123.7461877,284.0069053331368,1.4041707674019357,0
1595872123.7561834,285.8061311403267,1.4041707674019357,0
1595872123.76618,287.6055286088936,1.4041707674019357,0
1595872123.7761743,289.40449692401813,1.4041707674019357,0
1595872123.7861753,291.2046668687813,1.4041707674019357,0
1595872123.7961812,293.0057380357735,1.4041707674019357,0
1595872123.8061879,294.8069379487984,1.4041707674019357,0
1595872123.8161736,296.60436131153034,1.4041707674019357,0
1595872123.8261878,298.40693451557087,1.4041707674019357,0
1595872123.8361862,300.20663239154743,1.4041707674019357,0
1595872123.8461845,302.006330267524,1.4041707674019357,0
1595872123.8561833,303.80611397418903,1.4041707674019357,0
1595872123.866174,305.60443855914997,1.4041707674019357,0
1595872123.876183,307.40606762561725,1.4041707674019357,0
1595872123.8861854,309.20649506244587,1.4041707674019357,0
1595872123.8961825,311.00597836170124,1.4041707674019357,0
1595872123.9061806,312.80563332233356,1.4041707674019357,0
1595872123.9161813,314.6057603517525,1.4041707674019357,0
1595872123.92619,316.4073035875313,1.4041707674019357,0
1595872123.9361877,318.2069156328194,1.4041707674019357,0
1595872123.946186,320.00661350879597,1.4041707674019357,0
1595872123.9561915,321.8075988450997,1.4041707674019357,0
1595872123.9661722,323.6041209856026,1.4041707674019357,0
1595872123.9761736,325.40437676105427,1.4041707674019357,0
1595872123.986186,327.2066066423409,1.4041707674019357,0
1595872123.996185,329.00643326435016,1.4041707674019357,0
1595872124.006179,330.80535866413044,1.4041707674019357,0
1595872124.0161898,332.6072881380074,1.4041707674019357,0
1595872124.026173,334.40428234729694,1.4041707674019357,0
1595872124.0361724,336.20415188465046,1.4041707674019357,0
1595872124.0461843,338.0062959352486,1.4041707674019357,0
1595872124.0561724,339.8041484514229,1.4041707674019357,0
1595872124.066173,341.60427548084186,1.4041707674019357,0
1595872124.0761902,343.40736366901325,1.4041707674019357,0
1595872124.0861814,345.20577408466266,1.4041707674019357,0
1595872124.0961833,347.0061156908028,1.4041707674019357,0
1595872124.1061718,348.8040540376656,1.4041707674019357,0
1595872124.1161888,350.60709931049274,1.4041707674019357,0
1595872124.1261842,352.40628220233845,1.4041707674019357,0
1595872124.136179,354.20533634815143,1.4041707674019357,0
1595872124.146185,356.0064075151436,1.4041707674019357,0
1595872124.1561854,357.8064916292183,1.4041707674019357,0
1595872124.1661775,359.6050737062447,1.4041707674019357,0
1595872124.1683896,360,1.4041707674019357,1
1595872124.1683896,0,1.4041707674019357,0
1595872124.1683896,1.4041707674019357,1.4041707674019357,0
1595872124.168511,254.17674996051716,1.4041707674019357,0
1595872124.1685348,254.18104149494098,1.4041707674019357,0
1595872124.1685913,254.19121243152546,1.4041707674019357,0
1595872124.1686168,254.19580437335895,1.4041707674019357,0
1595872124.1686404,254.20005299243854,1.4041707674019357,0
1595872124.168663,254.20412995014118,1.4041707674019357,0
1595872124.1686878,254.20859314594196,1.4041707674019357,0
1595872124.168711,254.21275593433307,1.4041707674019357,0
1595872124.1687334,254.21678997669147,1.4041707674019357,0
1595872124.1687562,254.22090984973835,1.4041707674019357,0
1595872124.1687784,254.2249009767525,1.4041707674019357,0
1595872124.1688027,254.2292783418648,1.4041707674019357,0
1595872124.1688256,254.2333982149117,1.4041707674019357,0
1595872124.1688478,254.23738934192585,1.4041707674019357,0
1595872124.1688707,254.24150921497272,1.4041707674019357,0
1595872124.1688929,254.24550034198688,1.4041707674019357,0
1595872124.1689155,254.24957729968952,1.4041707674019357,0
1595872124.1689398,254.25395466480182,1.4041707674019357,0
1595872124.168962,254.25794579181598,1.4041707674019357,0
1595872124.168985,254.26206566486286,1.4041707674019357,0
1595872124.1690073,254.26609970722126,1.4041707674019357,0
1595872124.1690297,254.27013374957966,1.4041707674019357,0
1595872124.1690536,254.27442528400348,1.4041707674019357,0
1595872124.1690764,254.27854515705036,1.4041707674019357,0
1595872124.1690989,254.28257919940876,1.4041707674019357,0
1595872124.1691215,254.2866561571114,1.4041707674019357,0
1595872124.169144,254.2906901994698,1.4041707674019357,0
1595872124.1691666,254.29476715717243,1.4041707674019357,0
1595872124.169191,254.29914452228473,1.4041707674019357,0
1595872124.1692135,254.30322147998737,1.4041707674019357,0
1595872124.169236,254.30725552234577,1.4041707674019357,0
1595872124.1692584,254.31128956470417,1.4041707674019357,0
1595872124.1692808,254.31532360706257,1.4041707674019357,0
1595872124.1693046,254.3196151414864,1.4041707674019357,0
1595872124.1693358,254.3252370515816,1.4041707674019357,0
1595872124.1693583,254.32927109394,1.4041707674019357,0
1595872124.169381,254.33334805164264,1.4041707674019357,0
1595872124.1694033,254.33738209400104,1.4041707674019357,0
1595872124.1694314,254.34244610462116,1.4041707674019357,0
1595872124.169455,254.34669472370075,1.4041707674019357,0
1595872124.169478,254.35081459674763,1.4041707674019357,0
1595872124.1695,254.35480572376179,1.4041707674019357,0
1595872124.1695228,254.35888268146442,1.4041707674019357,0
1595872124.169545,254.36287380847858,1.4041707674019357,0
1595872124.1695783,254.36888195667194,1.4041707674019357,0
1595872124.1696012,254.37300182971882,1.4041707674019357,0
1595872124.1696239,254.37707878742145,1.4041707674019357,0
1595872124.1696463,254.38111282977985,1.4041707674019357,0
1595872124.1696687,254.38514687213825,1.4041707674019357,0
1595872124.1697018,254.39111210498737,1.4041707674019357,0
1595872124.1697247,254.39523197803425,1.4041707674019357,0
1595872124.169747,254.39926602039264,1.4041707674019357,0
1595872124.1697693,254.4032571474068,1.4041707674019357,0
1595872124.1697917,254.4072911897652,1.4041707674019357,0
1595872124.169816,254.4116685548775,1.4041707674019357,0
1595872124.1698387,254.41574551258014,1.4041707674019357,0
1595872124.169861,254.41977955493854,1.4041707674019357,0
1595872124.1698837,254.42385651264118,1.4041707674019357,0
1595872124.1699057,254.4278047243111,1.4041707674019357,0
1595872124.1699297,254.43213917407917,1.4041707674019357,0
1595872124.1699526,254.43625904712604,1.4041707674019357,0
1595872124.169975,254.44029308948444,1.4041707674019357,0
1595872124.1699972,254.4442842164986,1.4041707674019357,0
1595872124.1700256,254.44939114246296,1.4041707674019357,0
1595872124.1700487,254.45355393085407,1.4041707674019357,0
1595872124.1700733,254.4579742113106,1.4041707674019357,0
1595872124.1700957,254.462008253669,1.4041707674019357,0
1595872124.170118,254.4660422960274,1.4041707674019357,0
1595872124.1701407,254.47011925373005,1.4041707674019357,0
1595872124.170163,254.4741103807442,1.4041707674019357,0
1595872124.170187,254.47844483051227,1.4041707674019357,0
1595872124.1702096,254.4825217882149,1.4041707674019357,0
1595872124.1702318,254.48651291522907,1.4041707674019357,0
1595872124.170254,254.49050404224323,1.4041707674019357,0
1595872124.1702764,254.49453808460163,1.4041707674019357,0
1595872124.170301,254.49895836505817,1.4041707674019357,0
1595872124.170324,254.50312115344929,1.4041707674019357,0
1595872124.1703463,254.50711228046345,1.4041707674019357,0
1595872124.1703684,254.5111034074776,1.4041707674019357,0
1595872124.1703908,254.515137449836,1.4041707674019357,0
1595872124.170413,254.51912857685016,1.4041707674019357,0
1595872124.170437,254.52346302661823,1.4041707674019357,0
1595872124.1704597,254.52753998432087,1.4041707674019357,0
1595872124.1704822,254.53157402667927,1.4041707674019357,0
1595872124.1705043,254.53556515369343,1.4041707674019357,0
1595872124.1705265,254.5395562807076,1.4041707674019357,0
1595872124.1705503,254.54384781513141,1.4041707674019357,0
1595872124.1705728,254.5478818574898,1.4041707674019357,0
1595872124.1705956,254.5520017305367,1.4041707674019357,0
1595872124.1706178,254.55599285755085,1.4041707674019357,0
1595872124.1706402,254.56002689990925,1.4041707674019357,0
1595872124.1706624,254.5640180269234,1.4041707674019357,0
1595872124.170691,254.569167868232,1.4041707674019357,0
1595872124.1707141,254.5733306566231,1.4041707674019357,0
1595872124.1707363,254.57732178363727,1.4041707674019357,0
1595872124.1707587,254.58135582599567,1.4041707674019357,0
1595872124.1707811,254.58538986835407,1.4041707674019357,0
1595872124.1708138,254.59126927051472,1.4041707674019357,0
1595872124.1708379,254.59560372028278,1.4041707674019357,0
1595872124.1708605,254.59968067798542,1.4041707674019357,0
1595872124.1708832,254.60375763568805,1.4041707674019357,0
1595872124.1709056,254.60779167804645,1.4041707674019357,0
1595872124.1709378,254.61358524951862,1.4041707674019357,0
1595872124.1709616,254.61787678394245,1.4041707674019357,0
1595872124.170984,254.62191082630085,1.4041707674019357,0
1595872124.1710067,254.62598778400348,1.4041707674019357,0
1595872124.1710293,254.63006474170612,1.4041707674019357,0
1595872124.1710534,254.6343991914742,1.4041707674019357,0
1595872124.1710763,254.63851906452106,1.4041707674019357,0
1595872124.171099,254.6425960222237,1.4041707674019357,0
1595872124.1711214,254.6466300645821,1.4041707674019357,0
1595872124.1711438,254.6506641069405,1.4041707674019357,0
1595872124.1711662,254.6546981492989,1.4041707674019357,0
1595872124.1711903,254.65903259906696,1.4041707674019357,0
1595872124.171213,254.6631095567696,1.4041707674019357,0
1595872124.1712353,254.667143599128,1.4041707674019357,0
1595872124.1712575,254.67113472614216,1.4041707674019357,0
1595872124.17128,254.67516876850055,1.4041707674019357,0
1595872124.1713095,254.6804902711861,1.4041707674019357,0
1595872124.171333,254.6847388902657,1.4041707674019357,0
1595872124.171356,254.68885876331257,1.4041707674019357,0
1595872124.1713784,254.69289280567097,1.4041707674019357,0
1595872124.171401,254.6969697633736,1.4041707674019357,0
1595872124.1714234,254.701003805732,1.4041707674019357,0
1595872124.1714475,254.70533825550007,1.4041707674019357,0
1595872124.1714702,254.7094152132027,1.4041707674019357,0
1595872124.1714926,254.7134492555611,1.4041707674019357,0
1595872124.171515,254.7174832979195,1.4041707674019357,0
1595872124.1715374,254.7215173402779,1.4041707674019357,0
1595872124.1715615,254.72585179004597,1.4041707674019357,0
1595872124.1715844,254.72997166309284,1.4041707674019357,0
1595872124.1716068,254.73400570545124,1.4041707674019357,0
1595872124.171629,254.7379968324654,1.4041707674019357,0
1595872124.1716516,254.74207379016804,1.4041707674019357,0
1595872124.1716738,254.7460649171822,1.4041707674019357,0
1595872124.1716976,254.75035645160602,1.4041707674019357,0
1595872124.17172,254.75439049396442,1.4041707674019357,0
1595872124.1717424,254.75842453632282,1.4041707674019357,0
1595872124.171765,254.76250149402546,1.4041707674019357,0
1595872124.1742327,255.20667530689167,1.4041707674019357,0
1595872124.1842217,257.00469948444294,1.4041707674019357,0
1595872124.1942332,258.8067577043526,1.4041707674019357,0
1595872124.2042198,260.6043527284615,1.4041707674019357,0
1595872124.214223,262.4049089113228,1.4041707674019357,0
1595872124.2242339,264.206881300544,1.4041707674019357,0
1595872124.2342272,266.00567795429157,1.4041707674019357,0
1595872124.2442226,267.8048608461373,1.4041707674019357,0
1595872124.2542367,269.60739113483356,1.4041707674019357,0
1595872124.264218,271.4040420213692,1.4041707674019357,0
1595872124.2742321,273.2065723100655,1.4041707674019357,0
1595872124.2842321,275.0065705934517,1.4041707674019357,0
1595872124.2942305,276.8062684694283,1.4041707674019357,0
1595872124.3042293,278.6060521760933,1.4041707674019357,0
1595872124.3142211,280.40459133777546,1.4041707674019357,0
1595872124.3242266,282.20557667407917,1.4041707674019357,0
1595872124.334222,284.00475956592487,1.4041707674019357,0
1595872124.34423,285.80617405567097,1.4041707674019357,0
1595872124.3542287,287.605957762336,1.4041707674019357,0
1595872124.3642194,289.40428234729694,1.4041707674019357,0
1595872124.3742292,291.20604015979694,1.4041707674019357,0
1595872124.3842225,293.0048368135445,1.4041707674019357,0
1595872124.3942235,294.8050067583077,1.4041707674019357,0
1595872124.404233,296.60672165546345,1.4041707674019357,0
1595872124.414228,298.4058187166207,1.4041707674019357,0
1595872124.4242237,300.2050445238106,1.4041707674019357,0
1595872124.434225,302.0053002992623,1.4041707674019357,0
1595872124.444219,303.80422569904255,1.4041707674019357,0
1595872124.4542258,305.60542561206745,1.4041707674019357,0
1595872124.464229,307.406024710273,1.4041707674019357,0
1595872124.4742224,309.2048213640206,1.4041707674019357,0
1595872124.4842217,311.0046909013741,1.4041707674019357,0
1595872124.4942174,312.80391670856403,1.4041707674019357,0
1595872124.5042317,314.60648991260456,1.4041707674019357,0
1595872124.5142183,316.40408493671345,1.4041707674019357,0
1595872124.5242314,318.2064435640328,1.4041707674019357,0
1595872124.5342274,320.00571228656696,1.4041707674019357,0
1595872124.5442176,321.8039510408394,1.4041707674019357,0
1595872124.5542247,323.6052367845528,1.4041707674019357,0
1595872124.5642235,325.40502049121784,1.4041707674019357,0
1595872124.574223,327.2049329439156,1.4041707674019357,0
1595872124.5842264,329.00553204212116,1.4041707674019357,0
1595872124.5942304,330.80625988635944,1.4041707674019357,0
1595872124.6042364,332.60733105335163,1.4041707674019357,0
1595872124.6142251,334.40531231555866,1.4041707674019357,0
1595872124.6242335,336.20681263599323,1.4041707674019357,0
1595872124.6342201,338.0044076601021,1.4041707674019357,0
1595872124.6442218,339.804706350898,1.4041707674019357,0
1595872124.6542327,341.6066787401192,1.4041707674019357,0
1595872124.6642196,343.40431667957233,1.4041707674019357,0
1595872124.6742241,345.2051303544991,1.4041707674019357,0
1595872124.684217,347.0038411775582,1.4041707674019357,0
1595872124.694221,348.80456902179645,1.4041707674019357,0
1595872124.7042212,350.6046102205269,1.4041707674019357,0
1595872124.714221,352.4045655885689,1.4041707674019357,0
1595872124.7242289,354.205980078315,1.4041707674019357,0
1595872124.7342331,356.0067508378975,1.4041707674019357,0
1595872124.74422,357.80438877735065,1.4041707674019357,0
1595872124.754234,359.60691906604694,1.4041707674019357,0
1595872124.7564273,360,1.4041707674019357,1
1595872124.7564273,0,1.4041707674019357,0
1595872124.7564273,1.4041707674019357,1.4041707674019357,0
1595872124.7567215,254.2078635850899,1.4041707674019357,0
1595872124.756746,254.21228386554645,1.4041707674019357,0
1595872124.7567692,254.21644665393757,1.4041707674019357,0
1595872124.7567923,254.22060944232868,1.4041707674019357,0
1595872124.7568245,254.22640301380085,1.4041707674019357,0
1595872124.7568476,254.23056580219196,1.4041707674019357,0
1595872124.7568707,254.23472859058307,1.4041707674019357,0
1595872124.7568932,254.23876263294147,1.4041707674019357,0
1595872124.7569158,254.2428395906441,1.4041707674019357,0
1595872124.7569456,254.2482040086739,1.4041707674019357,0
1595872124.756969,254.25240971240925,1.4041707674019357,0
1595872124.7569914,254.25644375476764,1.4041707674019357,0
1595872124.757014,254.26052071247028,1.4041707674019357,0
1595872124.7570367,254.26459767017292,1.4041707674019357,0
1595872124.7570703,254.27064873371052,1.4041707674019357,0
1595872124.757094,254.2748973527901,1.4041707674019357,0
1595872124.7571163,254.2789313951485,1.4041707674019357,0
1595872124.7571392,254.28305126819538,1.4041707674019357,0
1595872124.7571614,254.28704239520954,1.4041707674019357,0
1595872124.7571962,254.29330803546833,1.4041707674019357,0
1595872124.7572193,254.29747082385944,1.4041707674019357,0
1595872124.7572424,254.30163361225055,1.4041707674019357,0
1595872124.7572649,254.30566765460895,1.4041707674019357,0
1595872124.7572875,254.3097446123116,1.4041707674019357,0
1595872124.7573116,254.31407906207966,1.4041707674019357,0
1595872124.757334,254.31811310443805,1.4041707674019357,0
1595872124.7573566,254.3221900621407,1.4041707674019357,0
1595872124.7573788,254.32618118915485,1.4041707674019357,0
1595872124.757401,254.330172316169,1.4041707674019357,0
1595872124.7574248,254.33446385059284,1.4041707674019357,0
1595872124.7574635,254.34141613635944,1.4041707674019357,0
1595872124.7574878,254.34579350147175,1.4041707674019357,0
1595872124.7575107,254.34991337451862,1.4041707674019357,0
1595872124.7575328,254.35390450153278,1.4041707674019357,0
1595872124.7575574,254.35832478198932,1.4041707674019357,0
1595872124.7575803,254.3624446550362,1.4041707674019357,0
1595872124.757603,254.36652161273884,1.4041707674019357,0
1595872124.757625,254.370512739753,1.4041707674019357,0
1595872124.757648,254.37463261279987,1.4041707674019357,0
1595872124.7576716,254.37888123187946,1.4041707674019357,0
1595872124.7576945,254.38300110492634,1.4041707674019357,0
1595872124.7577171,254.38707806262897,1.4041707674019357,0
1595872124.7577398,254.3911550203316,1.4041707674019357,0
1595872124.7577622,254.39518906269,1.4041707674019357,0
1595872124.7577848,254.39926602039264,1.4041707674019357,0
1595872124.7578094,254.4036863008492,1.4041707674019357,0
1595872124.757832,254.40776325855182,1.4041707674019357,0
1595872124.7578545,254.41179730091022,1.4041707674019357,0
1595872124.7578769,254.41583134326862,1.4041707674019357,0
1595872124.7578998,254.4199512163155,1.4041707674019357,0
1595872124.7579238,254.42428566608356,1.4041707674019357,0
1595872124.7579467,254.42840553913044,1.4041707674019357,0
1595872124.7579691,254.43243958148884,1.4041707674019357,0
1595872124.7579913,254.436430708503,1.4041707674019357,0
1595872124.758014,254.44050766620563,1.4041707674019357,0
1595872124.7580364,254.44454170856403,1.4041707674019357,0
1595872124.7580605,254.4488761583321,1.4041707674019357,0
1595872124.758083,254.45295311603473,1.4041707674019357,0
1595872124.7581055,254.45698715839313,1.4041707674019357,0
1595872124.7581282,254.46106411609577,1.4041707674019357,0
1595872124.7581503,254.46505524310993,1.4041707674019357,0
1595872124.7581792,254.47024799976276,1.4041707674019357,0
1595872124.7582028,254.47449661884235,1.4041707674019357,0
1595872124.758226,254.47865940723347,1.4041707674019357,0
1595872124.7582548,254.4838521638863,1.4041707674019357,0
1595872124.7582784,254.4881007829659,1.4041707674019357,0
1595872124.7583117,254.49410893115925,1.4041707674019357,0
1595872124.758335,254.4983146348946,1.4041707674019357,0
1595872124.7583578,254.50239159259723,1.4041707674019357,0
1595872124.7583811,254.5065972963326,1.4041707674019357,0
1595872124.7584038,254.51067425403522,1.4041707674019357,0
1595872124.7584367,254.5165965715401,1.4041707674019357,0
1595872124.75846,254.52080227527546,1.4041707674019357,0
1595872124.7584832,254.52496506366657,1.4041707674019357,0
1595872124.7585058,254.5290420213692,1.4041707674019357,0
1595872124.7585282,254.5330760637276,1.4041707674019357,0
1595872124.7585526,254.5374534288399,1.4041707674019357,0
1595872124.7585754,254.54157330188679,1.4041707674019357,0
1595872124.7585976,254.54556442890095,1.4041707674019357,0
1595872124.7586205,254.54968430194782,1.4041707674019357,0
1595872124.7586432,254.55376125965046,1.4041707674019357,0
1595872124.7586658,254.5578382173531,1.4041707674019357,0
1595872124.7586899,254.56217266712116,1.4041707674019357,0
1595872124.7587125,254.5662496248238,1.4041707674019357,0
1595872124.758735,254.5702836671822,1.4041707674019357,0
1595872124.7587574,254.5743177095406,1.4041707674019357,0
1595872124.7587802,254.57843758258747,1.4041707674019357,0
1595872124.7588043,254.58277203235554,1.4041707674019357,0
1595872124.7588327,254.5878789583199,1.4041707674019357,0
1595872124.7588563,254.59212757739948,1.4041707674019357,0
1595872124.7588792,254.59624745044636,1.4041707674019357,0
1595872124.7589018,254.600324408149,1.4041707674019357,0
1595872124.7589257,254.60461594257282,1.4041707674019357,0
1595872124.7589483,254.60869290027546,1.4041707674019357,0
1595872124.7589712,254.61281277332233,1.4041707674019357,0
1595872124.7589936,254.61684681568073,1.4041707674019357,0
1595872124.7590163,254.62092377338337,1.4041707674019357,0
1595872124.7590392,254.62504364643024,1.4041707674019357,0
1595872124.7590635,254.62942101154255,1.4041707674019357,0
1595872124.7590864,254.63354088458942,1.4041707674019357,0
1595872124.7591085,254.63753201160358,1.4041707674019357,0
1595872124.7591312,254.64160896930622,1.4041707674019357,0
1595872124.7591536,254.64564301166462,1.4041707674019357,0
1595872124.7591777,254.64997746143268,1.4041707674019357,0
1595872124.7592006,254.65409733447956,1.4041707674019357,0
1595872124.7592232,254.6581742921822,1.4041707674019357,0
1595872124.7592459,254.66225124988483,1.4041707674019357,0
1595872124.7592683,254.66628529224323,1.4041707674019357,0
1595872124.7592912,254.6704051652901,1.4041707674019357,0
1595872124.7593153,254.67473961505817,1.4041707674019357,0
1595872124.759338,254.6788165727608,1.4041707674019357,0
1595872124.7593603,254.6828506151192,1.4041707674019357,0
1595872124.759383,254.68692757282184,1.4041707674019357,0
1595872124.7594056,254.69100453052448,1.4041707674019357,0
1595872124.759434,254.69611145648884,1.4041707674019357,0
1595872124.759457,254.70027424487995,1.4041707674019357,0
1595872124.7594795,254.70430828723835,1.4041707674019357,0
1595872124.7595022,254.70838524494098,1.4041707674019357,0
1595872124.7595246,254.71241928729938,1.4041707674019357,0
1595872124.759557,254.7182557741158,1.4041707674019357,0
1595872124.7595809,254.72254730853962,1.4041707674019357,0
1595872124.759604,254.72671009693073,1.4041707674019357,0
1595872124.7596264,254.73074413928913,1.4041707674019357,0
1595872124.759649,254.73482109699177,1.4041707674019357,0
1595872124.7596815,254.74065758380817,1.4041707674019357,0
1595872124.759705,254.74490620288776,1.4041707674019357,0
1595872124.7597282,254.74906899127888,1.4041707674019357,0
1595872124.7597508,254.7531459489815,1.4041707674019357,0
1595872124.7597733,254.7571799913399,1.4041707674019357,0
1595872124.7597973,254.76151444110798,1.4041707674019357,0
1595872124.75982,254.7655913988106,1.4041707674019357,0
1595872124.7598429,254.7697112718575,1.4041707674019357,0
1595872124.759865,254.77370239887165,1.4041707674019357,0
1595872124.7598875,254.77773644123005,1.4041707674019357,0
1595872124.7599099,254.78177048358845,1.4041707674019357,0
1595872124.759941,254.78739239368366,1.4041707674019357,0
1595872124.7599642,254.79155518207477,1.4041707674019357,0
1595872124.7599866,254.79558922443317,1.4041707674019357,0
1595872124.7600093,254.7996661821358,1.4041707674019357,0
1595872124.7622597,255.20474411640095,1.4041707674019357,0
1595872124.7722628,257.0053002992623,1.4041707674019357,0
1595872124.782262,258.8051698366158,1.4041707674019357,0
1595872124.7922614,260.6050393739693,1.4041707674019357,0
1595872124.8022563,262.40413643512653,1.4041707674019357,0
1595872124.8122616,264.205078856086,1.4041707674019357,0
1595872124.8222728,266.00709416065143,1.4041707674019357,0
1595872124.8322566,267.80417420062946,1.4041707674019357,0
1595872124.8422642,269.6055457750313,1.4041707674019357,0
1595872124.8522565,271.4041707674019,1.4041707674019357,0
1595872124.8622642,273.2055423418038,1.4041707674019357,0
1595872124.8722577,275.0043819108956,1.4041707674019357,0
1595872124.882267,276.8060538927071,1.4041707674019357,0
1595872124.8922672,278.60609509143757,1.4041707674019357,0
1595872124.902264,280.4055354753487,1.4041707674019357,0
1595872124.912262,282.2051475206368,1.4041707674019357,0
1595872124.9222627,284.00527455005573,1.4041707674019357,0
1595872124.9322734,285.8072040239327,1.4041707674019357,0
1595872124.9422555,287.60398365650104,1.4041707674019357,0
1595872124.9522674,289.4061277070992,1.4041707674019357,0
1595872124.962271,291.206769720649,1.4041707674019357,0
1595872124.9722643,293.00556637439655,1.4041707674019357,0
1595872124.9822602,294.80483509693073,1.4041707674019357,0
1595872124.9922645,296.60560585651325,1.4041707674019357,0
1595872125.002259,298.404617086982,1.4041707674019357,0
1595872125.012272,300.2069327989571,1.4041707674019357,0
1595872125.0222692,302.0064590135567,1.4041707674019357,0
1595872125.0322726,303.8070581117623,1.4041707674019357,0
1595872125.042257,305.604266897773,1.4041707674019357,0
1595872125.0522702,307.40662552509235,1.4041707674019357,0
1595872125.062266,309.20589424762653,1.4041707674019357,0
1595872125.0722582,311.0044763246529,1.4041707674019357,0
1595872125.082258,312.8044316926949,1.4041707674019357,0
1595872125.0922704,314.6066615739815,1.4041707674019357,0
1595872125.102265,316.40567280445026,1.4041707674019357,0
1595872125.1122656,318.2057998338692,1.4041707674019357,0
1595872125.1222744,320.00738598499225,1.4041707674019357,0
1595872125.1322625,321.80523850116657,1.4041707674019357,0
1595872125.1422722,323.60699631366657,1.4041707674019357,0
1595872125.1522563,325.40411926898884,1.4041707674019357,0
1595872125.1622713,327.2068212190621,1.4041707674019357,0
1595872125.172274,329.00733448657917,1.4041707674019357,0
1595872125.1822727,330.80707527789997,1.4041707674019357,0
1595872125.1922727,332.6070735612862,1.4041707674019357,0
1595872125.202261,334.40496899280475,1.4041707674019357,0
1595872125.212262,336.20513893756794,1.4041707674019357,0
1595872125.2222729,338.00711132678913,1.4041707674019357,0
1595872125.2322717,339.80689503345417,1.4041707674019357,0
1595872125.2422662,341.6059062639229,1.4041707674019357,0
1595872125.252261,343.4049604097359,1.4041707674019357,0
1595872125.2622619,345.2051303544991,1.4041707674019357,0
1595872125.272256,347.00405575427936,1.4041707674019357,0
1595872125.2822595,348.80469776782917,1.4041707674019357,0
1595872125.2922668,350.6060264268868,1.4041707674019357,0
1595872125.3022683,352.40628220233845,1.4041707674019357,0
1595872125.3122637,354.20546509418415,1.4041707674019357,0
1595872125.3222647,356.00563503894733,1.4041707674019357,0
1595872125.3322666,357.80597664508747,1.4041707674019357,0
1595872125.342274,359.6073053041451,1.4041707674019357,0
1595872125.3444622,360,1.4041707674019357,1
1595872125.3444622,0,1.4041707674019357,0
1595872125.3444622,1.4041707674019357,1.4041707674019357,0
1595872125.3446116,254.18181397113727,1.4041707674019357,0
1595872125.3446357,254.18614842090534,1.4041707674019357,0
1595872125.3446589,254.19031120929645,1.4041707674019357,0
1595872125.3446925,254.19636227283405,1.4041707674019357,0
1595872125.3447158,254.2005679765694,1.4041707674019357,0
1595872125.3447387,254.20468784961628,1.4041707674019357,0
1595872125.3447616,254.20880772266315,1.4041707674019357,0
1595872125.344784,254.21284176502155,1.4041707674019357,0
1595872125.3448088,254.21730496082233,1.4041707674019357,0
1595872125.3448312,254.22133900318073,1.4041707674019357,0
1595872125.3448539,254.22541596088337,1.4041707674019357,0
1595872125.3448765,254.229492918586,1.4041707674019357,0
1595872125.3448992,254.23356987628864,1.4041707674019357,0
1595872125.3449235,254.23794724140095,1.4041707674019357,0
1595872125.3449464,254.24206711444782,1.4041707674019357,0
1595872125.3449695,254.24622990283893,1.4041707674019357,0
1595872125.344992,254.25026394519733,1.4041707674019357,0
1595872125.3450143,254.25429798755573,1.4041707674019357,0
1595872125.3450365,254.2582891145699,1.4041707674019357,0
1595872125.3450608,254.2626664796822,1.4041707674019357,0
1595872125.3450837,254.26678635272907,1.4041707674019357,0
1595872125.345106,254.27077747974323,1.4041707674019357,0
1595872125.3451288,254.2748973527901,1.4041707674019357,0
1595872125.345151,254.27888847980427,1.4041707674019357,0
1595872125.345175,254.28322292957233,1.4041707674019357,0
1595872125.345198,254.2873428026192,1.4041707674019357,0
1595872125.34522,254.29133392963337,1.4041707674019357,0
1595872125.345243,254.29545380268024,1.4041707674019357,0
1595872125.3452652,254.2994449296944,1.4041707674019357,0
1595872125.3452876,254.3034789720528,1.4041707674019357,0
1595872125.345312,254.30789925250934,1.4041707674019357,0
1595872125.3453345,254.31193329486774,1.4041707674019357,0
1595872125.3453574,254.31605316791462,1.4041707674019357,0
1595872125.3453798,254.32008721027302,1.4041707674019357,0
1595872125.3454025,254.32416416797565,1.4041707674019357,0
1595872125.3454263,254.32845570239948,1.4041707674019357,0
1595872125.3454494,254.3326184907906,1.4041707674019357,0
1595872125.345472,254.33669544849323,1.4041707674019357,0
1595872125.3454945,254.34072949085163,1.4041707674019357,0
1595872125.3455172,254.34480644855427,1.4041707674019357,0
1595872125.3455408,254.34905506763386,1.4041707674019357,0
1595872125.3455637,254.35317494068073,1.4041707674019357,0
1595872125.3455865,254.3572948137276,1.4041707674019357,0
1595872125.345609,254.361328856086,1.4041707674019357,0
1595872125.3456316,254.36540581378864,1.4041707674019357,0
1595872125.3456538,254.3693969408028,1.4041707674019357,0
1595872125.3456829,254.37463261279987,1.4041707674019357,0
1595872125.345706,254.37879540119098,1.4041707674019357,0
1595872125.3457289,254.38291527423786,1.4041707674019357,0
1595872125.3457513,254.38694931659626,1.4041707674019357,0
1595872125.345774,254.3910262742989,1.4041707674019357,0
1595872125.3458068,254.39694859180378,1.4041707674019357,0
1595872125.3458304,254.40119721088337,1.4041707674019357,0
1595872125.345853,254.405274168586,1.4041707674019357,0
1595872125.3458757,254.40935112628864,1.4041707674019357,0
1595872125.3458982,254.41338516864704,1.4041707674019357,0
1595872125.3459308,254.41926457080768,1.4041707674019357,0
1595872125.3459544,254.42351318988727,1.4041707674019357,0
1595872125.3459835,254.42874886188434,1.4041707674019357,0
1595872125.346007,254.43299748096393,1.4041707674019357,0
1595872125.3460298,254.43707443866657,1.4041707674019357,0
1595872125.3460543,254.4414947191231,1.4041707674019357,0
1595872125.346077,254.44557167682575,1.4041707674019357,0
1595872125.3460994,254.44960571918415,1.4041707674019357,0
1595872125.3461218,254.45363976154255,1.4041707674019357,0
1595872125.3461492,254.45857502612995,1.4041707674019357,0
1595872125.3461742,254.46308113727497,1.4041707674019357,0
1595872125.3461974,254.46724392566608,1.4041707674019357,0
1595872125.34622,254.47132088336872,1.4041707674019357,0
1595872125.346243,254.4754407564156,1.4041707674019357,0
1595872125.3462653,254.479474798774,1.4041707674019357,0
1595872125.346288,254.48355175647663,1.4041707674019357,0
1595872125.346312,254.4878862062447,1.4041707674019357,0
1595872125.3463345,254.4919202486031,1.4041707674019357,0
1595872125.346357,254.49599720630573,1.4041707674019357,0
1595872125.3463795,254.50003124866413,1.4041707674019357,0
1595872125.346402,254.50406529102253,1.4041707674019357,0
1595872125.346426,254.5083997407906,1.4041707674019357,0
1595872125.346449,254.51251961383747,1.4041707674019357,0
1595872125.3464713,254.51655365619587,1.4041707674019357,0
1595872125.346494,254.5206306138985,1.4041707674019357,0
1595872125.3465161,254.52462174091266,1.4041707674019357,0
1595872125.3465402,254.52895619068073,1.4041707674019357,0
1595872125.346563,254.5330760637276,1.4041707674019357,0
1595872125.3465855,254.537110106086,1.4041707674019357,0
1595872125.346608,254.5411441484444,1.4041707674019357,0
1595872125.3466303,254.5451781908028,1.4041707674019357,0
1595872125.3466525,254.54916931781696,1.4041707674019357,0
1595872125.3466766,254.55350376758503,1.4041707674019357,0
1595872125.346699,254.55753780994343,1.4041707674019357,0
1595872125.3467212,254.5615289369576,1.4041707674019357,0
1595872125.3467436,254.56556297931598,1.4041707674019357,0
1595872125.3467658,254.56955410633014,1.4041707674019357,0
1595872125.3467884,254.57363106403278,1.4041707674019357,0
1595872125.3468122,254.5779225984566,1.4041707674019357,0
1595872125.3468347,254.581956640815,1.4041707674019357,0
1595872125.3468573,254.58603359851764,1.4041707674019357,0
1595872125.3468797,254.59006764087604,1.4041707674019357,0
1595872125.3469024,254.59414459857868,1.4041707674019357,0
1595872125.3469315,254.59938027057575,1.4041707674019357,0
1595872125.3469543,254.60350014362263,1.4041707674019357,0
1595872125.346977,254.60757710132526,1.4041707674019357,0
1595872125.346999,254.61152531299518,1.4041707674019357,0
1595872125.3470216,254.61560227069782,1.4041707674019357,0
1595872125.3470557,254.6217391649239,1.4041707674019357,0
1595872125.3470795,254.62603069934772,1.4041707674019357,0
1595872125.3471024,254.6301505723946,1.4041707674019357,0
1595872125.3471253,254.63427044544147,1.4041707674019357,0
1595872125.3471475,254.63826157245563,1.4041707674019357,0
1595872125.34718,254.64409805927204,1.4041707674019357,0
1595872125.3472035,254.64834667835163,1.4041707674019357,0
1595872125.3472261,254.65242363605427,1.4041707674019357,0
1595872125.3472488,254.6565005937569,1.4041707674019357,0
1595872125.3472712,254.6605346361153,1.4041707674019357,0
1595872125.3473036,254.6663711229317,1.4041707674019357,0
1595872125.3473277,254.67070557269977,1.4041707674019357,0
1595872125.3473508,254.6748683610909,1.4041707674019357,0
1595872125.3473732,254.67890240344929,1.4041707674019357,0
1595872125.3473957,254.68293644580768,1.4041707674019357,0
1595872125.3474195,254.6872279802315,1.4041707674019357,0
1595872125.3474553,254.69366528186725,1.4041707674019357,0
1595872125.34748,254.69812847766804,1.4041707674019357,0
1595872125.3475032,254.70229126605915,1.4041707674019357,0
1595872125.3475258,254.70636822376179,1.4041707674019357,0
1595872125.34755,254.71070267352985,1.4041707674019357,0
1595872125.3475728,254.71482254657673,1.4041707674019357,0
1595872125.347595,254.7188136735909,1.4041707674019357,0
1595872125.3476174,254.72284771594929,1.4041707674019357,0
1595872125.3476396,254.72683884296345,1.4041707674019357,0
1595872125.347662,254.73087288532184,1.4041707674019357,0
1595872125.3476858,254.73516441974567,1.4041707674019357,0
1595872125.3477085,254.7392413774483,1.4041707674019357,0
1595872125.3477309,254.7432754198067,1.4041707674019357,0
1595872125.3477533,254.7473094621651,1.4041707674019357,0
1595872125.3477757,254.7513435045235,1.4041707674019357,0
1595872125.3477995,254.75563503894733,1.4041707674019357,0
1595872125.3478222,254.75971199664997,1.4041707674019357,0
1595872125.3478444,254.76370312366413,1.4041707674019357,0
1595872125.3478665,254.7676942506783,1.4041707674019357,0
1595872125.3502958,255.20495869312214,1.4041707674019357,0
1595872125.3603096,257.0074460664742,1.4041707674019357,0
1595872125.3702943,258.80469776782917,1.4041707674019357,0
1595872125.3802958,260.6049535432808,1.4041707674019357,0
1595872125.390302,262.40606762561725,1.4041707674019357,0
1595872125.4003053,264.2066667238228,1.4041707674019357,0
1595872125.4103003,266.00576378498005,1.4041707674019357,0
1595872125.4203017,267.8060195604317,1.4041707674019357,0
1595872125.4303086,269.60726238880085,1.4041707674019357,0
1595872125.440301,271.40588738117145,1.4041707674019357,0
1595872125.4502952,273.20485569629597,1.4041707674019357,0
1595872125.460308,275.00717140827106,1.4041707674019357,0
1595872125.4702933,276.8045089403145,1.4041707674019357,0
1595872125.4802933,278.60450722370075,1.4041707674019357,0
1595872125.4903002,280.4057500520699,1.4041707674019357,0
1595872125.5002928,282.20441795978473,1.4041707674019357,0
1595872125.5102923,284.0043304124825,1.4041707674019357,0
1595872125.5202904,285.8039853731148,1.4041707674019357,0
1595872125.5303082,287.6072023073189,1.4041707674019357,0
1595872125.5403001,289.40574146900104,1.4041707674019357,0
1595872125.5503051,291.2066409746163,1.4041707674019357,0
1595872125.560309,293.0073259035103,1.4041707674019357,0
1595872125.5702991,294.8055646577828,1.4041707674019357,0
1595872125.5802903,296.6039750734322,1.4041707674019357,0
1595872125.590304,298.40641953144,1.4041707674019357,0
1595872125.6003034,300.20633198413776,1.4041707674019357,0
1595872125.6103036,302.00637318286823,1.4041707674019357,0
1595872125.6203005,303.80581356677936,1.4041707674019357,0
1595872125.6302924,305.6043527284615,1.4041707674019357,0
1595872125.6403074,307.40705467853473,1.4041707674019357,0
1595872125.6503077,309.2070958772652,1.4041707674019357,0
1595872125.660308,311.0071370759957,1.4041707674019357,0
1595872125.6703053,312.8066632905953,1.4041707674019357,0
1595872125.6803062,314.60683323535847,1.4041707674019357,0
1595872125.690309,316.40734650287555,1.4041707674019357,0
1595872125.7003055,318.2067010560982,1.4041707674019357,0
1595872125.710295,320.00481106433796,1.4041707674019357,0
1595872125.7202928,321.80442310962604,1.4041707674019357,0
1595872125.7302966,323.6051080385201,1.4041707674019357,0
1595872125.740307,325.4069945970528,1.4041707674019357,0
1595872125.7503088,327.2072932878487,1.4041707674019357,0
1595872125.7603,329.0057037034981,1.4041707674019357,0
1595872125.7703028,330.8062169710152,1.4041707674019357,0
1595872125.7803066,332.60690189990925,1.4041707674019357,0
1595872125.7903023,334.4061277070992,1.4041707674019357,0
1595872125.8003073,336.2070272127144,1.4041707674019357,0
1595872125.8103015,338.00599552783893,1.4041707674019357,0
1595872125.8203077,339.80710961017536,1.4041707674019357,0
1595872125.8302982,341.60539127979206,1.4041707674019357,0
1595872125.8402932,343.4044883409493,1.4041707674019357,0
1595872125.8502913,345.2041433015816,1.4041707674019357,0
1595872125.8603086,347.00727440509723,1.4041707674019357,0
1595872125.870299,348.80555607471393,1.4041707674019357,0
1595872125.8803031,350.6062839189522,1.4041707674019357,0
1595872125.8902965,352.4050805726998,1.4041707674019357,0
1595872125.9002905,354.20400597248005,1.4041707674019357,0
1595872125.910309,356.00735165271686,1.4041707674019357,0
1595872125.9203074,357.8070495286934,1.4041707674019357,0
1595872125.9303002,359.6057603517525,1.4041707674019357,0
1595872125.9324913,360,1.4041707674019357,1
1595872125.9324913,0,1.4041707674019357,0
1595872125.9324913,1.4041707674019357,1.4041707674019357,0
1595872125.932602,254.17481877002643,1.4041707674019357,0
1595872125.9326253,254.17902447376179,1.4041707674019357,0
1595872125.9326482,254.18314434680866,1.4041707674019357,0
1595872125.9327068,254.19370152149128,1.4041707674019357,0
1595872125.9327312,254.19807888660358,1.4041707674019357,0
1595872125.9327545,254.20228459033893,1.4041707674019357,0
1595872125.9327772,254.20636154804157,1.4041707674019357,0
1595872125.9328017,254.2107818284981,1.4041707674019357,0
1595872125.9328244,254.21485878620075,1.4041707674019357,0
1595872125.9328473,254.21897865924763,1.4041707674019357,0
1595872125.93287,254.22305561695026,1.4041707674019357,0
1595872125.9328923,254.22708965930866,1.4041707674019357,0
1595872125.9329166,254.23146702442097,1.4041707674019357,0
1595872125.9329398,254.23562981281208,1.4041707674019357,0
1595872125.9329627,254.23974968585895,1.4041707674019357,0
1595872125.932985,254.24378372821735,1.4041707674019357,0
1595872125.933008,254.24790360126423,1.4041707674019357,0
1595872125.9330301,254.2518947282784,1.4041707674019357,0
1595872125.9330547,254.25631500873493,1.4041707674019357,0
1595872125.9330776,254.2604348817818,1.4041707674019357,0
1595872125.9331002,254.26451183948444,1.4041707674019357,0
1595872125.9331229,254.26858879718708,1.4041707674019357,0
1595872125.933145,254.27257992420124,1.4041707674019357,0
1595872125.9331741,254.2778155961983,1.4041707674019357,0
1595872125.9331975,254.28202129993366,1.4041707674019357,0
1595872125.9332201,254.2860982576363,1.4041707674019357,0
1595872125.9332426,254.2901322999947,1.4041707674019357,0
1595872125.933265,254.2941663423531,1.4041707674019357,0
1595872125.9333043,254.3012473741524,1.4041707674019357,0
1595872125.9333286,254.30562473926472,1.4041707674019357,0
1595872125.9333515,254.3097446123116,1.4041707674019357,0
1595872125.9333742,254.31382157001423,1.4041707674019357,0
1595872125.9333966,254.31785561237263,1.4041707674019357,0
1595872125.9334295,254.3237779298775,1.4041707674019357,0
1595872125.9334528,254.32798363361286,1.4041707674019357,0
1595872125.9334755,254.3320605913155,1.4041707674019357,0
1595872125.9334981,254.33613754901813,1.4041707674019357,0
1595872125.9335206,254.34017159137653,1.4041707674019357,0
1595872125.9335446,254.3445060411446,1.4041707674019357,0
1595872125.9335675,254.34862591419147,1.4041707674019357,0
1595872125.93359,254.35265995654987,1.4041707674019357,0
1595872125.9336123,254.35669399890827,1.4041707674019357,0
1595872125.9336348,254.36072804126667,1.4041707674019357,0
1595872125.9336574,254.3648049989693,1.4041707674019357,0
1595872125.9336815,254.36913944873737,1.4041707674019357,0
1595872125.933704,254.37317349109577,1.4041707674019357,0
1595872125.9337265,254.3772504487984,1.4041707674019357,0
1595872125.933749,254.3812844911568,1.4041707674019357,0
1595872125.9337714,254.3853185335152,1.4041707674019357,0
1595872125.933795,254.3895671525948,1.4041707674019357,0
1595872125.9338176,254.39364411029743,1.4041707674019357,0
1595872125.93384,254.39767815265583,1.4041707674019357,0
1595872125.933863,254.4017980257027,1.4041707674019357,0
1595872125.933885,254.40578915271686,1.4041707674019357,0
1595872125.9339075,254.40982319507526,1.4041707674019357,0
1595872125.9339316,254.41415764484333,1.4041707674019357,0
1595872125.933954,254.41819168720173,1.4041707674019357,0
1595872125.9339764,254.42222572956013,1.4041707674019357,0
1595872125.9339983,254.42617394123005,1.4041707674019357,0
1595872125.9340208,254.43020798358845,1.4041707674019357,0
1595872125.934046,254.4347570100777,1.4041707674019357,0
1595872125.934069,254.43887688312458,1.4041707674019357,0
1595872125.9340913,254.44291092548298,1.4041707674019357,0
1595872125.9341137,254.44694496784138,1.4041707674019357,0
1595872125.9341364,254.451021925544,1.4041707674019357,0
1595872125.9341602,254.45531345996784,1.4041707674019357,0
1595872125.9341886,254.4604203859322,1.4041707674019357,0
1595872125.9342124,254.46471192035602,1.4041707674019357,0
1595872125.934235,254.46878887805866,1.4041707674019357,0
1595872125.934258,254.47290875110554,1.4041707674019357,0
1595872125.9342804,254.47694279346393,1.4041707674019357,0
1595872125.9343047,254.48132015857624,1.4041707674019357,0
1595872125.9343271,254.48535420093464,1.4041707674019357,0
1595872125.9343495,254.48938824329304,1.4041707674019357,0
1595872125.9343724,254.4935081163399,1.4041707674019357,0
1595872125.9343948,254.4975421586983,1.4041707674019357,0
1595872125.9344234,254.5026920000069,1.4041707674019357,0
1595872125.9344466,254.50685478839802,1.4041707674019357,0
1595872125.9344695,254.5109746614449,1.4041707674019357,0
1595872125.9344916,254.51496578845905,1.4041707674019357,0
1595872125.9345138,254.5189569154732,1.4041707674019357,0
1595872125.9345465,254.52483631763386,1.4041707674019357,0
1595872125.9345703,254.52912785205768,1.4041707674019357,0
1595872125.934593,254.53320480976032,1.4041707674019357,0
1595872125.9346156,254.53728176746296,1.4041707674019357,0
1595872125.934638,254.54131580982136,1.4041707674019357,0
1595872125.9346707,254.547195211982,1.4041707674019357,0
1595872125.934694,254.55140091571735,1.4041707674019357,0
1595872125.934717,254.55552078876423,1.4041707674019357,0
1595872125.9347398,254.5596406618111,1.4041707674019357,0
1595872125.9347622,254.5636747041695,1.4041707674019357,0
1595872125.9347863,254.56800915393757,1.4041707674019357,0
1595872125.934809,254.5720861116402,1.4041707674019357,0
1595872125.9348316,254.57616306934284,1.4041707674019357,0
1595872125.934854,254.58019711170124,1.4041707674019357,0
1595872125.9348767,254.58427406940388,1.4041707674019357,0
1595872125.9348989,254.58826519641804,1.4041707674019357,0
1595872125.934923,254.5925996461861,1.4041707674019357,0
1595872125.9349456,254.59667660388874,1.4041707674019357,0
1595872125.934968,254.60071064624714,1.4041707674019357,0
1595872125.9349906,254.60478760394977,1.4041707674019357,0
1595872125.9350128,254.60877873096393,1.4041707674019357,0
1595872125.9350367,254.61307026538776,1.4041707674019357,0
1595872125.9350595,254.61719013843464,1.4041707674019357,0
1595872125.935082,254.62122418079304,1.4041707674019357,0
1595872125.9351046,254.62530113849567,1.4041707674019357,0
1595872125.9351268,254.62929226550983,1.4041707674019357,0
1595872125.9351492,254.63332630786823,1.4041707674019357,0
1595872125.9351737,254.63774658832477,1.4041707674019357,0
1595872125.9351964,254.6418235460274,1.4041707674019357,0
1595872125.935219,254.64590050373005,1.4041707674019357,0
1595872125.9352415,254.64993454608845,1.4041707674019357,0
1595872125.935264,254.65401150379108,1.4041707674019357,0
1595872125.9352944,254.65946175250934,1.4041707674019357,0
1595872125.935317,254.66353871021198,1.4041707674019357,0
1595872125.9353395,254.66757275257038,1.4041707674019357,0
1595872125.935362,254.67164971027302,1.4041707674019357,0
1595872125.9353845,254.67568375263141,1.4041707674019357,0
1595872125.9354072,254.67976071033405,1.4041707674019357,0
1595872125.9354312,254.68409516010212,1.4041707674019357,0
1595872125.935454,254.68817211780475,1.4041707674019357,0
1595872125.9354765,254.6922490755074,1.4041707674019357,0
1595872125.935499,254.6962831178658,1.4041707674019357,0
1595872125.9355216,254.70036007556843,1.4041707674019357,0
1595872125.9355454,254.70465160999225,1.4041707674019357,0
1595872125.9355679,254.70868565235065,1.4041707674019357,0
1595872125.9355905,254.7127626100533,1.4041707674019357,0
1595872125.9356132,254.71683956775593,1.4041707674019357,0
1595872125.935635,254.72078777942585,1.4041707674019357,0
1595872125.9356577,254.72486473712848,1.4041707674019357,0
1595872125.9356868,254.73010040912555,1.4041707674019357,0
1595872125.9357095,254.7341773668282,1.4041707674019357,0
1595872125.9357316,254.73816849384235,1.4041707674019357,0
1595872125.9357543,254.742245451545,1.4041707674019357,0
1595872125.935777,254.74632240924763,1.4041707674019357,0
1595872125.93581,254.75228764209675,1.4041707674019357,0
1595872125.9358327,254.75636459979938,1.4041707674019357,0
1595872125.9358556,254.76048447284626,1.4041707674019357,0
1595872125.9358778,254.76447559986042,1.4041707674019357,0
1595872125.9383378,255.207276121711,1.4041707674019357,0
1595872125.9483373,257.00718857440876,1.4041707674019357,0
1595872125.9583385,258.8074014345162,1.4041707674019357,0
1595872125.9683194,260.60396649036335,1.4041707674019357,0
1595872125.978331,262.40606762561725,1.4041707674019357,0
1595872125.9883249,264.2049501100533,1.4041707674019357,0
1595872125.9983313,266.00610710773395,1.4041707674019357,0
1595872126.008336,267.80696369800495,1.4041707674019357,0
1595872126.0183346,269.60670448932575,1.4041707674019357,0
1595872126.028325,271.40498615894245,1.4041707674019357,0
1595872126.038333,273.20640064868854,1.4041707674019357,0
1595872126.0483286,275.0056264558785,1.4041707674019357,0
1595872126.0583377,276.80725552234577,1.4041707674019357,0
1595872126.068327,278.6053226152413,1.4041707674019357,0
1595872126.0783195,280.4039905229561,1.4041707674019357,0
1595872126.088335,282.20677830371784,1.4041707674019357,0
1595872126.0983348,284.00673367175983,1.4041707674019357,0
1595872126.1083343,285.8066461244576,1.4041707674019357,0
1595872126.118328,287.6055286088936,1.4041707674019357,0
1595872126.128331,289.4060418764107,1.4041707674019357,0
1595872126.1383345,291.2066838899605,1.4041707674019357,0
1595872126.1483262,293.0051801362984,1.4041707674019357,0
1595872126.1583316,294.8061654726021,1.4041707674019357,0
1595872126.168333,296.6064212480538,1.4041707674019357,0
