Timestamp,Phase,Heading,Ping?
1595880388.0100968,40.0509352596629,38.250293246113095,0
1595880388.0201113,41.853551379047666,38.250293246113095,0
1595880388.0301118,43.65363549312237,38.250293246113095,0
1595880388.0400968,45.45093010982159,38.250293246113095,0
1595880388.050111,47.25350331386212,38.250293246113095,0
1595880388.0600963,49.050840845905576,38.250293246113095,0
1595880388.070095,50.850624552570615,38.250293246113095,0
1595880388.0800967,52.65092324336651,38.250293246113095,0
1595880388.0901103,54.453367701374326,38.250293246113095,0
1595880388.1001067,56.25272225459698,38.250293246113095,0
1595880388.1101081,58.05297803004864,38.250293246113095,0
1595880388.1201117,59.85362004359845,38.250293246113095,0
1595880388.1300974,61.65104340633038,38.250293246113095,0
1595880388.1400993,63.45138501247052,38.250293246113095,0
1595880388.1501079,65.25292824824933,38.250293246113095,0
1595880388.1601021,67.05189656337384,38.250293246113095,0
1595880388.1701083,68.85301064571027,38.250293246113095,0
1595880388.1801052,70.6524510296214,38.250293246113095,0
1595880388.1901076,72.45287846645002,38.250293246113095,0
1595880388.2001104,74.2533917339671,38.250293246113095,0
1595880388.210107,76.052789202534,38.250293246113095,0
1595880388.220112,77.85368870814924,38.250293246113095,0
1595880388.2300982,79.65119790156965,38.250293246113095,0
1595880388.24011,81.45329903682355,38.250293246113095,0
1595880388.2501097,83.25325440486554,38.250293246113095,0
1595880388.2601073,85.05282353480939,38.250293246113095,0
1595880388.2700982,86.85119103511457,38.250293246113095,0
1595880388.2801082,88.6529917629588,38.250293246113095,0
1595880388.290108,90.4529471310008,38.250293246113095,0
1595880388.3000977,92.25110005458478,38.250293246113095,0
1595880388.310105,94.0524287136424,38.250293246113095,0
1595880388.3201,95.85152577479963,38.250293246113095,0
1595880388.3300962,97.65083741267804,38.250293246113095,0
1595880388.340095,99.45062111934308,38.250293246113095,0
1595880388.3501015,101.25177811702375,38.250293246113095,0
1595880388.3601108,103.05345009883527,38.250293246113095,0
1595880388.3700979,104.85113095363263,38.250293246113095,0
1595880388.3800979,106.65112923701886,38.250293246113095,0
1595880388.3901055,108.45250081142072,38.250293246113095,0
1595880388.4001105,110.25340031703595,38.250293246113095,0
1595880388.4100988,112.05129574855451,38.250293246113095,0
1595880388.4201028,113.85202359279279,38.250293246113095,0
1595880388.4300957,115.65073441585187,38.250293246113095,0
1595880388.440098,117.45116185268049,38.250293246113095,0
1595880388.4501023,119.251932612263,38.250293246113095,0
1595880388.4600976,121.05107258876447,38.250293246113095,0
1595880388.4700963,122.85085629542951,38.250293246113095,0
1595880388.4800994,124.65141247829084,38.250293246113095,0
1595880388.4900982,126.45119618495588,38.250293246113095,0
1595880388.5001054,128.25248192866925,38.250293246113095,0
1595880388.5100935,130.05033444484357,38.250293246113095,0
1595880388.5201101,131.85333680232648,38.250293246113095,0
1595880388.5301056,133.65251969417218,38.250293246113095,0
1595880388.5401077,135.45290421565656,38.250293246113095,0
1595880388.5501056,137.25251626094465,38.250293246113095,0
1595880388.5601082,139.0529866131175,38.250293246113095,0
1595880388.570097,140.85096787532453,38.250293246113095,0
1595880388.5801098,142.65328358729963,38.250293246113095,0
1595880388.5900934,144.45032071193341,38.250293246113095,0
1595880388.600096,146.25079106410627,38.250293246113095,0
1595880388.6101084,148.0530209453929,38.250293246113095,0
1595880388.6201005,149.85160302241925,38.250293246113095,0
1595880388.6300993,151.6513867290843,38.250293246113095,0
1595880388.6400998,153.451470843159,38.250293246113095,0
1595880388.6500976,155.2510828884471,38.250293246113095,0
1595880388.66011,157.0533127697337,38.250293246113095,0
1595880388.6701057,158.85253857692365,38.250293246113095,0
1595880388.680103,160.65206479152326,38.250293246113095,0
1595880388.6901047,162.45236348231916,38.250293246113095,0
1595880388.7000942,164.2504734905589,38.250293246113095,0
1595880388.7101104,166.05339001735334,38.250293246113095,0
1595880388.720093,167.85025548061017,38.250293246113095,0
1595880388.7300954,169.6506829174388,38.250293246113095,0
1595880388.7401028,171.4520115764964,38.250293246113095,0
1595880388.750105,173.25239609798078,38.250293246113095,0
1595880388.7600975,175.05106400569562,38.250293246113095,0
1595880388.7700953,176.8506760509837,38.250293246113095,0
1595880388.780111,178.65350674708966,38.250293246113095,0
1595880388.790094,180.45041512569074,38.250293246113095,0
1595880388.8001106,182.25341748317365,38.250293246113095,0
1595880388.8101027,184.05199956020002,38.250293246113095,0
1595880388.820111,185.8534998806346,38.250293246113095,0
1595880388.830108,187.65294026454572,38.250293246113095,0
1595880388.8401065,189.45268105586652,38.250293246113095,0
1595880388.8500972,191.25100564082746,38.250293246113095,0
1595880388.8600972,193.0510039242137,38.250293246113095,0
1595880388.8701084,194.85301922877912,38.250293246113095,0
1595880388.880101,196.65168713649396,38.250293246113095,0
1595880388.8900943,198.45048379024152,38.250293246113095,0
1595880388.9001083,200.2530140789378,38.250293246113095,0
1595880388.9101048,202.05236863216047,38.250293246113095,0
1595880388.9201055,203.8524956615794,38.250293246113095,0
1595880388.9300966,205.65090607722883,38.250293246113095,0
1595880388.9400923,207.45013188441877,38.250293246113095,0
1595880388.9500976,209.25107430537824,38.250293246113095,0
1595880388.9601095,211.05321835597638,38.250293246113095,0
1595880388.9700978,212.85111378749494,38.250293246113095,0
1595880388.9801064,214.65265702327375,38.250293246113095,0
1595880388.9900923,216.45012330134992,38.250293246113095,0
1595880389.0001018,218.25183819850568,38.250293246113095,0
1595880389.0100923,220.05011986812238,38.250293246113095,0
1595880389.02011,221.85329388698224,38.250293246113095,0
1595880389.0300975,223.65106057246808,38.250293246113095,0
1595880389.040099,225.45131634791974,38.250293246113095,0
1595880389.050094,227.25041340907697,38.250293246113095,0
1595880389.0601027,229.05199956020002,38.250293246113095,0
1595880389.0701053,230.85246991237287,38.250293246113095,0
1595880389.080111,232.65349816402082,38.250293246113095,0
1595880389.0901117,234.45362519343976,38.250293246113095,0
1595880389.1001077,236.25289391597394,38.250293246113095,0
1595880389.1101012,238.05173348506574,38.250293246113095,0
1595880389.120108,239.85293339809064,38.250293246113095,0
1595880389.1300952,241.65065716823224,38.250293246113095,0
1595880389.1400962,243.45082711299543,38.250293246113095,0
1595880389.1501026,245.2519841106761,38.250293246113095,0
1595880389.1600962,247.0508236797679,38.250293246113095,0
1595880389.1700945,248.85052155574445,38.250293246113095,0
1595880389.1801019,250.65185021480207,38.250293246113095,0
1595880389.1901097,252.45326470454816,38.250293246113095,0
1595880389.2001033,254.25210427363996,38.250293246113095,0
1595880389.2101,256.0515017422068,38.250293246113095,0
1595880389.2200978,257.8511137874949,38.250293246113095,0
1595880389.2300966,259.65089749415995,38.250293246113095,0
1595880389.2401004,261.451582423054,38.250293246113095,0
1595880389.2500968,263.25093697627665,38.250293246113095,0
1595880389.2601037,265.0521798046458,38.250293246113095,0
1595880389.2701008,266.85166310390116,38.250293246113095,0
1595880389.2800992,268.6513609798777,38.250293246113095,0
1595880389.2900984,270.45123051723124,38.250293246113095,0
1595880389.3001108,272.25346039851786,38.250293246113095,0
1595880389.3101008,274.0516562374461,38.250293246113095,0
1595880389.320106,275.85259865840555,38.250293246113095,0
1595880389.3300972,277.65100907405497,38.250293246113095,0
1595880389.3401113,279.45353936275126,38.250293246113095,0
1595880389.350093,281.25023316463114,38.250293246113095,0
1595880389.3601027,283.05199097713114,38.250293246113095,0
1595880389.370102,284.85186051448466,38.250293246113095,0
1595880389.3801038,286.6522021206248,38.250293246113095,0
1595880389.3901052,288.45245789607645,38.250293246113095,0
1595880389.4001088,290.25309990962626,38.250293246113095,0
1595880389.4101112,292.05352734645487,38.250293246113095,0
1595880389.420104,293.85223816951395,38.250293246113095,0
1595880389.4301102,295.6533522518504,38.250293246113095,0
1595880389.440093,297.45026063045145,38.250293246113095,0
1595880389.4501004,299.25158928950907,38.250293246113095,0
1595880389.460106,301.0525746258128,38.250293246113095,0
1595880389.470103,302.85205792506815,38.250293246113095,0
1595880389.4800944,304.6505112560618,38.250293246113095,0
1595880389.4901063,306.45265530665995,38.250293246113095,0
1595880389.5001028,308.2520098598826,38.250293246113095,0
1595880389.5100982,310.0511927517283,38.250293246113095,0
1595880389.5200996,311.85144852717997,38.250293246113095,0
1595880389.5301018,313.65183304866434,38.250293246113095,0
1595880389.5401082,315.452990046345,38.250293246113095,0
1595880389.550099,317.25131463130595,38.250293246113095,0
1595880389.560097,319.05096959193827,38.250293246113095,0
1595880389.5701065,320.85268448909403,38.250293246113095,0
1595880389.5801105,322.6534123333323,38.250293246113095,0
1595880389.5901084,324.4530243786204,38.250293246113095,0
1595880389.600092,326.2500615032542,38.250293246113095,0
1595880389.6101084,328.05302094539286,38.250293246113095,0
1595880389.6201048,329.8523754986155,38.250293246113095,0
1595880389.6301062,331.6526312740672,38.250293246113095,0
1595880389.640092,333.4500546367991,38.250293246113095,0
1595880389.6501012,335.25172661861063,38.250293246113095,0
1595880389.6600916,337.05000828822733,38.250293246113095,0
1595880389.6700988,338.8512940319407,38.250293246113095,0
1595880389.6801026,340.65197896083475,38.250293246113095,0
1595880389.690107,342.4527926357615,38.250293246113095,0
1595880389.700094,344.25043057521464,38.250293246113095,0
1595880389.710094,346.05042885860087,38.250293246113095,0
1595880389.7200963,347.8508562954295,38.250293246113095,0
1595880389.730095,349.6505970867503,38.250293246113095,0
1595880389.740097,351.45098160823466,38.250293246113095,0
1595880389.7501013,353.2517523678172,38.250293246113095,0
1595880389.7600942,355.05046319087626,38.250293246113095,0
1595880389.7700953,356.8506760509837,38.250293246113095,0
1595880389.780096,358.6508030804026,38.250293246113095,0
1595880389.7876062,360,38.250293246113095,1
1595880389.7876062,0,38.250293246113095,0
1595880389.8510475,11.419448366962705,38.250293246113095,0
1595880389.8510475,7.993613856873893,34.82445873602428,0
1595880390.010119,36.62647404058971,34.82445873602428,0
1595880390.0201185,38.42638649328747,34.82445873602428,0
1595880390.0301213,40.22689976080456,34.82445873602428,0
1595880390.040123,42.027198451600455,34.82445873602428,0
1595880390.0501187,43.8264242587904,34.82445873602428,0
1595880390.060116,45.625950473390006,34.82445873602428,0
1595880390.0701132,47.42543377264538,34.82445873602428,0
1595880390.0801275,49.228006976685904,34.82445873602428,0
1595880390.0901108,51.025001185975455,34.82445873602428,0
1595880390.1001098,52.82482780798473,34.82445873602428,0
1595880390.1101172,54.62615646704235,34.82445873602428,0
1595880390.120126,56.4277426181654,34.82445873602428,0
1595880390.1301181,58.226324695191764,34.82445873602428,0
1595880390.1401222,60.027052539430045,34.82445873602428,0
1595880390.1501272,61.82795204504528,34.82445873602428,0
1595880390.1601083,63.624560016236686,34.82445873602428,0
1595880390.170117,65.4261032520155,34.82445873602428,0
1595880390.1801157,67.22588695868053,34.82445873602428,0
1595880390.1901205,69.02674354895153,34.82445873602428,0
1595880390.200125,70.82755722387829,34.82445873602428,0
1595880390.2101107,72.62498058661022,34.82445873602428,0
1595880390.2201135,74.42549385412731,34.82445873602428,0
1595880390.2301176,76.22622169836559,34.82445873602428,0
1595880390.2401206,78.02677788122692,34.82445873602428,0
1595880390.2501137,79.82553161963024,34.82445873602428,0
1595880390.2601254,81.62763275488415,34.82445873602428,0
1595880390.2701151,83.42578567846813,34.82445873602428,0
1595880390.2801268,85.22788681372204,34.82445873602428,0
1595880390.2901204,87.02672638281383,34.82445873602428,0
1595880390.300116,88.82595219000378,34.82445873602428,0
1595880390.3101218,90.62698044165172,34.82445873602428,0
1595880390.3201263,92.42779411657848,34.82445873602428,0
1595880390.330108,94.22448791845837,34.82445873602428,0
1595880390.3401096,96.02478660925426,34.82445873602428,0
1595880390.3501265,97.82783188208141,34.82445873602428,0
1595880390.3601096,99.62478317602672,34.82445873602428,0
1595880390.3701115,101.42512478216686,34.82445873602428,0
1595880390.3801107,103.22499431952038,34.82445873602428,0
1595880390.3901117,105.02516426428356,34.82445873602428,0
1595880390.400113,106.82542003973522,34.82445873602428,0
1595880390.4101117,108.62516083105602,34.82445873602428,0
1595880390.4201186,110.42640365942516,34.82445873602428,0
1595880390.430117,112.22610153540172,34.82445873602428,0
1595880390.4401245,114.02747310980358,34.82445873602428,0
1595880390.4501138,115.82554020269909,34.82445873602428,0
1595880390.4601119,117.62519516333141,34.82445873602428,0
1595880390.4701097,119.4248072086195,34.82445873602428,0
1595880390.4801178,121.22626461370983,34.82445873602428,0
1595880390.4901214,123.02690662725963,34.82445873602428,0
1595880390.500125,124.82754864080944,34.82445873602428,0
1595880390.510126,126.62776150091686,34.82445873602428,0
1595880390.5201247,128.42750229223765,34.82445873602428,0
1595880390.5301256,130.22767223700083,34.82445873602428,0
1595880390.5401247,132.0274988590101,34.82445873602428,0
1595880390.5501122,133.82526554449595,34.82445873602428,0
1595880390.5601227,135.62715210302866,34.82445873602428,0
1595880390.5701141,137.42560543402232,34.82445873602428,0
1595880390.580124,139.22736324652232,34.82445873602428,0
1595880390.5901113,141.02508701666392,34.82445873602428,0
1595880390.6001248,142.82753147467173,34.82445873602428,0
1595880390.6101258,144.6277014194349,34.82445873602428,0
1595880390.6201193,146.4265409885267,34.82445873602428,0
1595880390.6301196,148.22658218725718,34.82445873602428,0
1595880390.6401167,150.02606548651255,34.82445873602428,0
1595880390.6501195,151.82657875402964,34.82445873602428,0
1595880390.660116,153.6259333072523,34.82445873602428,0
1595880390.670113,155.42541660650767,34.82445873602428,0
1595880390.680108,157.2245136676649,34.82445873602428,0
1595880390.6901245,159.02747310980357,34.82445873602428,0
1595880390.700119,160.82648434027232,34.82445873602428,0
1595880390.7101169,162.6260963855604,34.82445873602428,0
1595880390.7201085,164.4245926318983,34.82445873602428,0
1595880390.7301087,166.22463383062876,34.82445873602428,0
1595880390.7401118,168.0251900134901,34.82445873602428,0
1595880390.7501154,169.8258320270399,34.82445873602428,0
1595880390.76012,171.62664570196665,34.82445873602428,0
1595880390.7701194,173.4265581546644,34.82445873602428,0
1595880390.7801147,175.22569813116587,34.82445873602428,0
1595880390.79012,177.02664055212534,34.82445873602428,0
1595880390.8001149,178.82573761328257,34.82445873602428,0
1595880390.8101156,180.62586464270152,34.82445873602428,0
1595880390.8201158,182.42590584143198,34.82445873602428,0
1595880390.8301072,184.22435917242564,34.82445873602428,0
1595880390.8401227,186.02714695318735,34.82445873602428,0
1595880390.850114,187.825600284181,34.82445873602428,0
1595880390.8601134,189.62546982153452,34.82445873602428,0
1595880390.8701239,191.42735638006724,34.82445873602428,0
1595880390.880123,193.22718300207652,34.82445873602428,0
1595880390.8901145,195.0256792484144,34.82445873602428,0
1595880390.9001188,196.82645000799693,34.82445873602428,0
1595880390.9101164,198.62601913794077,34.82445873602428,0
1595880390.9201238,200.4273477969984,34.82445873602428,0
1595880390.9301107,202.22498573645152,34.82445873602428,0
1595880390.9401078,204.0244690357069,34.82445873602428,0
1595880390.9501102,205.8248964725355,34.82445873602428,0
1595880390.9601083,207.62455143316782,34.82445873602428,0
1595880390.9701245,209.42746795996226,34.82445873602428,0
1595880390.9801126,211.22532047613657,34.82445873602428,0
1595880390.9901233,213.02724995001353,34.82445873602428,0
1595880391.0001235,214.827291148744,34.82445873602428,0
1595880391.0101097,216.6248003421644,34.82445873602428,0
1595880391.0201197,218.42660107000864,34.82445873602428,0
1595880391.03012,220.2266422687391,34.82445873602428,0
1595880391.0401225,222.02711262091196,34.82445873602428,0
1595880391.0501263,223.827797549806,34.82445873602428,0
1595880391.060115,225.62577881201304,34.82445873602428,0
1595880391.0701158,227.42590584143198,34.82445873602428,0
1595880391.0801218,229.22697700842417,34.82445873602428,0
1595880391.0901082,231.02452911718882,34.82445873602428,0
1595880391.100122,232.82701649054087,34.82445873602428,0
1595880391.1101108,234.6249977527479,34.82445873602428,0
1595880391.1201224,236.4270988880018,34.82445873602428,0
1595880391.1301115,238.22512306555308,34.82445873602428,0
1595880391.1401098,240.02482094152964,34.82445873602428,0
1595880391.1501079,241.82447590216196,34.82445873602428,0
1595880391.1601238,243.62734951361216,34.82445873602428,0
1595880391.1701224,245.42709030493296,34.82445873602428,0
1595880391.180107,247.22434200628794,34.82445873602428,0
1595880391.190107,249.02434028967417,34.82445873602428,0
1595880391.200121,250.82682766302622,34.82445873602428,0
1595880391.2101078,252.62446560247935,34.82445873602428,0
1595880391.2201104,254.4249359546522,34.82445873602428,0
1595880391.2301083,256.2245479999403,34.82445873602428,0
1595880391.2401226,258.0271212039808,34.82445873602428,0
1595880391.2501085,259.824587482057,34.82445873602428,0
1595880391.2601144,261.62565864904917,34.82445873602428,0
1595880391.2701159,263.42591442450083,34.82445873602428,0
1595880391.28011,265.2248398242811,34.82445873602428,0
1595880391.2901068,267.02428020819224,34.82445873602428,0
1595880391.300124,268.8273683963636,34.82445873602428,0
1595880391.3101234,270.6272808490614,34.82445873602428,0
1595880391.320114,272.4255625186781,34.82445873602428,0
1595880391.330125,274.2275778232435,34.82445873602428,0
1595880391.3401067,276.0242716251234,34.82445873602428,0
1595880391.3501096,277.8247848926405,34.82445873602428,0
1595880391.3601196,279.6265856204847,34.82445873602428,0
1595880391.3701138,281.42555393560923,34.82445873602428,0
1595880391.380109,283.2246939121107,34.82445873602428,0
1595880391.3901105,285.02494968756235,34.82445873602428,0
1595880391.4001064,286.82421841009653,34.82445873602428,0
1595880391.4101238,288.62734951361216,34.82445873602428,0
1595880391.420108,290.42451538427866,34.82445873602428,0
1595880391.430117,292.2261015354017,34.82445873602428,0
1595880391.440115,294.02575649603403,34.82445873602428,0
1595880391.4501064,295.8242098270277,34.82445873602428,0
1595880391.4601128,297.62536682470835,34.82445873602428,0
1595880391.4701238,299.42733921392954,34.82445873602428,0
1595880391.4801083,301.2245479999403,34.82445873602428,0
1595880391.4901102,303.0248896060804,34.82445873602428,0
1595880391.5001178,304.8262611804823,34.82445873602428,0
1595880391.5101202,306.6266886173109,34.82445873602428,0
1595880391.5201087,308.4246269641737,34.82445873602428,0
1595880391.5301092,310.2247110782484,34.82445873602428,0
1595880391.5401213,312.0268980441908,34.82445873602428,0
1595880391.5501199,313.8266388355116,34.82445873602428,0
1595880391.560114,315.62556423529185,34.82445873602428,0
1595880391.5701108,317.425004619203,34.82445873602428,0
1595880391.5801206,319.226762431703,34.82445873602428,0
1595880391.5901155,321.0258594928602,34.82445873602428,0
1595880391.6001132,322.82542862280405,34.82445873602428,0
1595880391.6101074,324.62439693792857,34.82445873602428,0
1595880391.6201243,326.4274422107557,34.82445873602428,0
1595880391.6301188,328.22645344122446,34.82445873602428,0
1595880391.6401138,330.0255505023817,34.82445873602428,0
1595880391.650107,331.824304240785,34.82445873602428,0
1595880391.660116,333.6259333072523,34.82445873602428,0
1595880391.6701195,335.4265753208021,34.82445873602428,0
1595880391.6801093,337.2247282443861,34.82445873602428,0
1595880391.6901174,339.0261856494764,34.82445873602428,0
1595880391.700112,340.8252397952894,34.82445873602428,0
1595880391.7101097,342.62480892523325,34.82445873602428,0
1595880391.7201138,344.42553676947153,34.82445873602428,0
1595880391.7301238,346.2273374973158,34.82445873602428,0
1595880391.7401135,348.02549042089976,34.82445873602428,0
1595880391.7501166,349.8260466037611,34.82445873602428,0
1595880391.760112,351.6252294956068,34.82445873602428,0
1595880391.770112,353.425227778993,34.82445873602428,0
1595880391.780122,355.22702850683726,34.82445873602428,0
1595880391.7901206,357.02676929815806,34.82445873602428,0
1595880391.80012,358.8266817508558,34.82445873602428,0
1595880391.8066452,360,34.82445873602428,1
1595880391.8066452,0,34.82445873602428,0
1595880391.8411393,6.2089363513807285,34.82445873602428,0
1595880391.8411393,4.346255445966513,32.96177783061007,0
1595880392.010116,34.762076521405966,32.96177783061007,0
1595880392.0201323,36.5649930482004,32.96177783061007,0
1595880392.0301254,38.36374678660372,32.96177783061007,0
1595880392.0401309,40.16473212290743,32.96177783061007,0
1595880392.0501204,41.96284213114718,32.96177783061007,0
1595880392.060129,43.764385366925985,32.96177783061007,0
1595880392.0701313,45.5648128037546,32.96177783061007,0
1595880392.0801237,47.363437796125204,32.96177783061007,0
1595880392.0901184,49.16249194193819,32.96177783061007,0
1595880392.1001182,50.962447309980185,32.96177783061007,0
1595880392.110125,52.763690138349325,32.96177783061007,0
1595880392.120128,54.564203405866415,32.96177783061007,0
1595880392.1301308,56.364716673383505,32.96177783061007,0
1595880392.1401327,58.16505827952364,32.96177783061007,0
1595880392.150127,59.96402659464815,32.96177783061007,0
1595880392.160127,61.764024878034384,32.96177783061007,0
1595880392.1701274,63.56410899210909,32.96177783061007,0
1595880392.180117,65.36221900034883,32.96177783061007,0
1595880392.1901302,67.1646205430124,32.96177783061007,0
1595880392.200118,68.96243014384248,32.96177783061007,0
1595880392.2101233,70.76337256480195,32.96177783061007,0
1595880392.220123,72.56332793284395,32.96177783061007,0
1595880392.2301304,74.36465659190156,32.96177783061007,0
1595880392.2401178,76.16238036204317,32.96177783061007,0
1595880392.250127,77.96405234385469,32.96177783061007,0
1595880392.2601306,79.7646943574045,32.96177783061007,0
1595880392.2701328,81.56507887888887,32.96177783061007,0
1595880392.2801328,83.3650771622751,32.96177783061007,0
1595880392.2901335,85.16520419169404,32.96177783061007,0
1595880392.3001328,86.96507372904756,32.96177783061007,0
1595880392.3101208,88.76292624522188,32.96177783061007,0
1595880392.3201268,90.56399741221406,32.96177783061007,0
1595880392.3301198,92.36275115061738,32.96177783061007,0
1595880392.3401263,94.16390814829805,32.96177783061007,0
1595880392.3501318,95.96489348460176,32.96177783061007,0
1595880392.3601274,97.7641192917917,32.96177783061007,0
1595880392.370121,99.5629588608835,32.96177783061007,0
1595880392.3801286,101.36433043528535,32.96177783061007,0
1595880392.3901155,103.16196837473848,32.96177783061007,0
1595880392.4001157,104.96200957346895,32.96177783061007,0
1595880392.4101183,106.7624799256418,32.96177783061007,0
1595880392.4201255,108.56376566935518,32.96177783061007,0
1595880392.4301262,110.36389269877412,32.96177783061007,0
1595880392.4401202,112.1628180985544,32.96177783061007,0
1595880392.4501214,113.96303095866182,32.96177783061007,0
1595880392.460132,115.76491751719453,32.96177783061007,0
1595880392.4701154,117.56195464182832,32.96177783061007,0
1595880392.4801152,119.36191000987031,32.96177783061007,0
1595880392.4901178,121.16238036204317,32.96177783061007,0
1595880392.5001316,122.96486773539522,32.96177783061007,0
1595880392.510124,124.76349272776582,32.96177783061007,0
1595880392.5201154,126.56194605875947,32.96177783061007,0
1595880392.530126,128.36387553263643,32.96177783061007,0
1595880392.5401225,130.16323008585908,32.96177783061007,0
1595880392.5501251,131.96370043803194,32.96177783061007,0
1595880392.5601325,133.76502909708955,32.96177783061007,0
1595880392.570127,135.5640403275583,32.96177783061007,0
1595880392.5801215,137.36305155802705,32.96177783061007,0
1595880392.5901258,139.16382231760957,32.96177783061007,0
1595880392.6001248,140.96364893961885,32.96177783061007,0
1595880392.610129,142.76441969920137,32.96177783061007,0
1595880392.6201138,144.56167140055635,32.96177783061007,0
1595880392.6301174,146.36231341410615,32.96177783061007,0
1595880392.640121,148.16295542765596,32.96177783061007,0
1595880392.65013,149.96458449412324,32.96177783061007,0
1595880392.6601298,151.76453986216524,32.96177783061007,0
1595880392.6701167,153.56217780161836,32.96177783061007,0
1595880392.6801157,155.36200442362764,32.96177783061007,0
1595880392.6901138,157.16165938425996,32.96177783061007,0
1595880392.7001262,158.96388926554658,32.96177783061007,0
1595880392.7101312,160.76478877116182,32.96177783061007,0
1595880392.7201185,162.56251254130342,32.96177783061007,0
1595880392.7301185,164.36251082468965,32.96177783061007,0
1595880392.7401145,166.16177954722383,32.96177783061007,0
1595880392.7501295,167.96448149729707,32.96177783061007,0
1595880392.7601287,169.7643510346506,32.96177783061007,0
1595880392.7701175,171.56233229685762,32.96177783061007,0
1595880392.7801282,173.36426177073457,32.96177783061007,0
1595880392.7901204,175.16284384776094,32.96177783061007,0
1595880392.8001297,176.96451582957246,32.96177783061007,0
1595880392.8101223,178.7631837372873,32.96177783061007,0
1595880392.8201303,180.56464114237764,32.96177783061007,0
1595880392.8301318,182.3648969178293,32.96177783061007,0
1595880392.8401244,184.16356482554414,32.96177783061007,0
1595880392.8501203,185.96283354807832,32.96177783061007,0
1595880392.860119,187.76261725474336,32.96177783061007,0
1595880392.8701253,189.5637313370798,32.96177783061007,0
1595880392.8801217,191.36308589030244,32.96177783061007,0
1595880392.8901181,193.1624404435251,32.96177783061007,0
1595880392.900118,194.96243872691133,32.96177783061007,0
1595880392.9101326,196.7650548462961,32.96177783061007,0
1595880392.920123,198.5633365159128,32.96177783061007,0
1595880392.9301293,200.36445059824922,32.96177783061007,0
1595880392.9401214,202.1630326752756,32.96177783061007,0
1595880392.950123,203.9633313660715,32.96177783061007,0
1595880392.960123,205.76332964945772,32.96177783061007,0
1595880392.970126,207.5638429169748,32.96177783061007,0
1595880392.9801245,209.3635837082956,32.96177783061007,0
1595880392.990116,211.16203703928926,32.96177783061007,0
1595880393.0001273,212.96409525919893,32.96177783061007,0
1595880393.0101185,214.76250567484834,32.96177783061007,0
1595880393.0201313,216.56482138682344,32.96177783061007,0
1595880393.0301292,218.36443343211153,32.96177783061007,0
1595880393.0401258,220.16383090067842,32.96177783061007,0
1595880393.0501235,221.96340003062227,32.96177783061007,0
1595880393.0601213,223.76301207591035,32.96177783061007,0
1595880393.07013,225.5645982270334,32.96177783061007,0
1595880393.0801191,227.36262240458467,32.96177783061007,0
1595880393.0901256,229.16377940226533,32.96177783061007,0
1595880393.1001315,230.96485056925752,32.96177783061007,0
1595880393.1101222,232.76317515421846,32.96177783061007,0
1595880393.1201172,234.56227221537569,32.96177783061007,0
1595880393.1301298,236.36454501200654,32.96177783061007,0
1595880393.140117,238.1622258668039,32.96177783061007,0
1595880393.1501176,239.96235289622285,32.96177783061007,0
1595880393.160124,241.76350989390352,32.96177783061007,0
1595880393.1701152,243.56192030955293,32.96177783061007,0
1595880393.180116,245.36204733897188,32.96177783061007,0
1595880393.1901147,247.16183104563692,32.96177783061007,0
1595880393.200122,248.96315970469453,32.96177783061007,0
1595880393.2101195,250.76268591929414,32.96177783061007,0
1595880393.2201326,252.56504454661348,32.96177783061007,0
1595880393.2301302,254.36461367655733,32.96177783061007,0
1595880393.2401137,256.1616508011911,32.96177783061007,0
1595880393.2501292,257.96443858195283,32.96177783061007,0
1595880393.2601287,259.7643510346506,32.96177783061007,0
1595880393.270119,261.56258978892305,32.96177783061007,0
1595880393.2801285,263.3643046860788,32.96177783061007,0
1595880393.2901287,265.1643458848093,32.96177783061007,0
1595880393.3001304,266.9646445756052,32.96177783061007,0
1595880393.3101149,268.7618533616159,32.96177783061007,0
1595880393.3201282,270.5642549042795,32.96177783061007,0
1595880393.3301256,272.3637811188791,32.96177783061007,0
1595880393.3401241,274.1635219101999,32.96177783061007,0
1595880393.3501303,275.96463599253633,32.96177783061007,0
1595880393.3601296,277.76450552988985,32.96177783061007,0
1595880393.3701136,279.5616284852121,32.96177783061007,0
1595880393.3801198,281.36274256754854,32.96177783061007,0
1595880393.3901305,283.1646720414255,32.96177783061007,0
1595880393.4001217,284.9630824570749,32.96177783061007,0
1595880393.4101324,286.76501193095186,32.96177783061007,0
1595880393.420127,288.5640231614206,32.96177783061007,0
1595880393.4301255,290.3637639527414,32.96177783061007,0
1595880393.4401321,292.1649638657663,32.96177783061007,0
1595880393.450113,293.9615289216135,32.96177783061007,0
1595880393.4601243,295.7635442261789,32.96177783061007,0
1595880393.470124,297.5634995942209,32.96177783061007,0
1595880393.4801247,299.36362662363985,32.96177783061007,0
1595880393.4901266,301.16396822978,32.96177783061007,0
1595880393.5001173,302.9622928147409,32.96177783061007,0
1595880393.510119,304.7625915055368,32.96177783061007,0
1595880393.5201294,306.56447806406953,32.96177783061007,0
1595880393.5301182,308.36245932627656,32.96177783061007,0
1595880393.5401309,310.1647321229074,32.96177783061007,0
1595880393.5501235,311.96340003062227,32.96177783061007,0
1595880393.5601318,313.76490035105684,32.96177783061007,0
1595880393.5701284,315.56429781962373,32.96177783061007,0
1595880393.5801165,317.36215033579805,32.96177783061007,0
1595880393.5901282,319.16425147105195,32.96177783061007,0
1595880393.6001287,320.96433558512666,32.96177783061007,0
1595880393.610129,322.76441969920137,32.96177783061007,0
1595880393.620123,324.5633021836374,32.96177783061007,0
1595880393.6301227,326.3632575516794,32.96177783061007,0
1595880393.6401243,328.1635562424753,32.96177783061007,0
1595880393.650132,329.96492781687715,32.96177783061007,0
1595880393.660125,331.76368155528047,32.96177783061007,0
1595880393.6701176,333.5623494629953,32.96177783061007,0
1595880393.6801229,335.3632918839548,32.96177783061007,0
1595880393.6901186,337.1625176911447,32.96177783061007,0
1595880393.7001314,338.9648334031198,32.96177783061007,0
1595880393.710121,340.7629434113596,32.96177783061007,0
1595880393.720124,342.5634995942209,32.96177783061007,0
1595880393.7301273,344.36409869242647,32.96177783061007,0
1595880393.7401319,346.1649123673532,32.96177783061007,0
1595880393.750123,347.96332278300264,32.96177783061007,0
1595880393.7601244,349.7635785584543,32.96177783061007,0
1595880393.7701313,351.56482138682344,32.96177783061007,0
1595880393.780131,353.36477675486543,32.96177783061007,0
1595880393.790113,355.16151347208955,32.96177783061007,0
1595880393.8001266,356.96395793009737,32.96177783061007,0
1595880393.8101292,358.7644282822702,32.96177783061007,0
1595880393.8170059,360,32.96177783061007,1
1595880393.8170059,0,32.96177783061007,0
1595880393.8387525,3.9143983368966886,32.96177783061007,0
1595880393.8387525,2.7400788358276813,31.78745832954106,0
1595880394.0101323,33.58844366584477,31.78745832954106,0
1595880394.0201294,35.38792696510014,31.78745832954106,0
1595880394.03013,37.18801107917485,31.78745832954106,0
1595880394.0401278,38.987623124462935,31.78745832954106,0
1595880394.0501335,40.788651376110884,31.78745832954106,0
1595880394.0601335,42.588649659497115,31.78745832954106,0
1595880394.0701425,44.3902787259644,31.78745832954106,0
1595880394.0801268,46.187444596630904,31.78745832954106,0
1595880394.090138,47.989459901196334,31.78745832954106,0
1595880394.1001446,49.790659814221236,31.78745832954106,0
1595880394.1101398,51.5897997907227,31.78745832954106,0
1595880394.1201305,53.38812437568364,31.78745832954106,0
1595880394.1301343,55.18880930457768,31.78745832954106,0
1595880394.140129,56.98786345039067,31.78745832954106,0
1595880394.1501377,58.78940668616948,31.78745832954106,0
1595880394.160133,60.58854666267094,31.78745832954106,0
1595880394.170144,62.39056196723637,31.78745832954106,0
1595880394.180132,64.18837156806646,31.78745832954106,0
1595880394.1901283,65.98772612128911,31.78745832954106,0
1595880394.2001295,67.78793898139654,31.78745832954106,0
1595880394.2101283,69.58772268806158,31.78745832954106,0
1595880394.2201297,71.38797846351324,31.78745832954106,0
1595880394.2301443,73.190594582898,31.78745832954106,0
1595880394.240141,74.9899920514649,31.78745832954106,0
1595880394.2501366,76.78921785865484,31.78745832954106,0
1595880394.2601368,78.5892590573853,31.78745832954106,0
1595880394.270145,80.39071646247564,31.78745832954106,0
1595880394.2801275,82.18758192573247,31.78745832954106,0
1595880394.2901292,83.98788061652837,31.78745832954106,0
1595880394.3001447,85.79066839729009,31.78745832954106,0
1595880394.3101437,87.59049501929937,31.78745832954106,0
1595880394.320134,89.38873377357183,31.78745832954106,0
1595880394.330133,91.1885603955811,31.78745832954106,0
1595880394.3401315,92.98830118690191,31.78745832954106,0
1595880394.3501425,94.7902735761231,31.78745832954106,0
1595880394.3601284,96.58773985419927,31.78745832954106,0
1595880394.3701344,98.38881102119146,31.78745832954106,0
1595880394.3801403,100.18988218818365,31.78745832954106,0
1595880394.3901458,101.99086752448736,31.78745832954106,0
1595880394.4001415,103.7900933316773,31.78745832954106,0
1595880394.4101408,105.58996286903081,31.78745832954106,0
1595880394.420137,107.38927450690923,31.78745832954106,0
1595880394.4301395,109.18974485908208,31.78745832954106,0
1595880394.4401295,110.9879406980103,31.78745832954106,0
1595880394.4501276,112.78759565864263,31.78745832954106,0
1595880394.4601269,114.58746519599615,31.78745832954106,0
1595880394.4701452,116.39076796088872,31.78745832954106,0
1595880394.4801283,118.18771925483404,31.78745832954106,0
1595880394.4901366,119.9892195752686,31.78745832954106,0
1595880394.5001323,121.78844538245855,31.78745832954106,0
1595880394.5101414,123.59007444892583,31.78745832954106,0
1595880394.5201278,125.38762655769048,31.78745832954106,0
1595880394.5301263,127.18736734901128,31.78745832954106,0
1595880394.5401456,128.9908417752808,31.78745832954106,0
1595880394.550145,130.79071131263433,31.78745832954106,0
1595880394.5601273,132.58753386054693,31.78745832954106,0
1595880394.5701406,134.3899354032105,31.78745832954106,0
1595880394.580138,136.1894616178101,31.78745832954106,0
1595880394.590135,137.98894491706548,31.78745832954106,0
1595880394.6001446,139.79065981422124,31.78745832954106,0
1595880394.6101387,141.58958521400152,31.78745832954106,0
1595880394.6201375,143.38936892066656,31.78745832954106,0
1595880394.630128,145.18765059028325,31.78745832954106,0
1595880394.6401265,146.98739138160406,31.78745832954106,0
1595880394.6501458,148.7908658078736,31.78745832954106,0
1595880394.660135,150.5889329007691,31.78745832954106,0
1595880394.67013,152.38802996192632,31.78745832954106,0
1595880394.6801379,154.18944445167241,31.78745832954106,0
1595880394.6901333,155.98862734351812,31.78745832954106,0
1595880394.700127,157.78746691260991,31.78745832954106,0
1595880394.7101338,159.58870974097906,31.78745832954106,0
1595880394.7201343,161.38879385505376,31.78745832954106,0
1595880394.730128,163.1876763394898,31.78745832954106,0
1595880394.7401395,164.98973455939947,31.78745832954106,0
1595880394.7501345,166.7888316205567,31.78745832954106,0
1595880394.760129,168.58784285102544,31.78745832954106,0
1595880394.770134,170.38874235664068,31.78745832954106,0
1595880394.7801435,172.19045725379644,31.78745832954106,0
1595880394.7901435,173.99045553718267,31.78745832954106,0
1595880394.8001356,175.78903761420904,31.78745832954106,0
1595880394.8101437,177.59049501929937,31.78745832954106,0
1595880394.8201413,179.39006414924322,31.78745832954106,0
1595880394.8301423,181.1902340940064,31.78745832954106,0
1595880394.8401434,182.99044695411382,31.78745832954106,0
1595880394.8501427,184.79031649146734,31.78745832954106,0
1595880394.8601441,186.590572266919,31.78745832954106,0
1595880394.8701358,188.3890685132569,31.78745832954106,0
1595880394.8801358,190.18906679664312,31.78745832954106,0
1595880394.8901427,191.99030962501226,31.78745832954106,0
1595880394.9001367,193.78923502479253,31.78745832954106,0
1595880394.9101336,195.58867540870366,31.78745832954106,0
1595880394.92014,197.38983240638433,31.78745832954106,0
1595880394.9301305,199.18811407600103,31.78745832954106,0
1595880394.9401295,200.9879406980103,31.78745832954106,0
1595880394.9501266,202.78742399726568,31.78745832954106,0
1595880394.9601386,204.58956804786382,31.78745832954106,0
1595880394.9701352,206.38896551643072,31.78745832954106,0
1595880394.980137,208.18930712257085,31.78745832954106,0
1595880394.990141,209.9899920514649,31.78745832954106,0
1595880395.0001285,211.78775873695074,31.78745832954106,0
1595880395.0101314,213.58827200446783,31.78745832954106,0
1595880395.020144,215.39054480109868,31.78745832954106,0
1595880395.0301263,217.18736734901128,31.78745832954106,0
1595880395.0401328,218.98852434669195,31.78745832954106,0
1595880395.0501397,220.7897671750611,31.78745832954106,0
1595880395.0601418,222.59015169654546,31.78745832954106,0
1595880395.0701265,224.38740339790044,31.78745832954106,0
1595880395.0801451,226.19074907813726,31.78745832954106,0
1595880395.0901437,227.99048986945806,31.78745832954106,0
1595880395.1001325,229.7884711316651,31.78745832954106,0
1595880395.1101387,231.58958521400152,31.78745832954106,0
1595880395.1201324,233.38846769843755,31.78745832954106,0
1595880395.130141,235.19001093421636,31.78745832954106,0
1595880395.1401374,236.98936548743902,31.78745832954106,0
1595880395.1501405,238.78992167030034,31.78745832954106,0
1595880395.1601322,240.58841791663824,31.78745832954106,0
1595880395.1701264,242.38738623176275,31.78745832954106,0
1595880395.1801453,244.1907748273438,31.78745832954106,0
1595880395.1901374,245.98935690437017,31.78745832954106,0
1595880395.2001426,247.79029932532964,31.78745832954106,0
1595880395.2101276,249.58759394202886,31.78745832954106,0
1595880395.2201283,251.3877209714478,31.78745832954106,0
1595880395.2301352,253.18896379981695,31.78745832954106,0
1595880395.2401302,254.98806086097417,31.78745832954106,0
1595880395.2501342,256.7887887052124,31.78745832954106,0
1595880395.2601268,258.58745661292727,31.78745832954106,0
1595880395.2701344,260.3888281873291,31.78745832954106,0
1595880395.2801359,262.1890839627808,31.78745832954106,0
1595880395.2901306,263.9881381085938,31.78745832954106,0
1595880395.300136,265.7891234448975,31.78745832954106,0
1595880395.3101268,267.5874480298584,31.78745832954106,0
1595880395.3201303,269.3880900434082,31.78745832954106,0
1595880395.3301268,271.1874445966309,31.78745832954106,0
1595880395.340137,272.98928823981936,31.78745832954106,0
1595880395.3501396,274.7897585919922,31.78745832954106,0
1595880395.3601387,276.5895852140015,31.78745832954106,0
1595880395.3701262,278.3873518994873,31.78745832954106,0
1595880395.3801315,280.1882943204468,31.78745832954106,0
1595880395.3901298,281.98799219642336,31.78745832954106,0
1595880395.4001322,283.788419633252,31.78745832954106,0
1595880395.4101272,285.5875166944092,31.78745832954106,0
1595880395.420143,287.39034739051516,31.78745832954106,0
1595880395.4301262,289.1873415998047,31.78745832954106,0
1595880395.4401436,290.99047270332034,31.78745832954106,0
1595880395.4501297,292.78798189674075,31.78745832954106,0
1595880395.4601357,294.58905306373293,31.78745832954106,0
1595880395.4701374,296.38935175452883,31.78745832954106,0
1595880395.4801416,298.19012251411135,31.78745832954106,0
1595880395.4901423,299.9902495435303,31.78745832954106,0
1595880395.5001419,301.79016199622805,31.78745832954106,0
1595880395.5101438,303.5905036023682,31.78745832954106,0
1595880395.5201418,305.3901585630005,31.78745832954106,0
1595880395.5301328,307.1885260633057,31.78745832954106,0
1595880395.540136,308.98912516151125,31.78745832954106,0
1595880395.550132,310.78839388404543,31.78745832954106,0
1595880395.560131,312.5882205060547,31.78745832954106,0
1595880395.5701377,314.3894204190796,31.78745832954106,0
1595880395.5801253,316.18718710456545,31.78745832954106,0
1595880395.590129,317.98782911811526,31.78745832954106,0
1595880395.6001403,319.7898873380249,31.78745832954106,0
1595880395.6101403,321.58988562141116,31.78745832954106,0
1595880395.6201422,323.3902272275513,31.78745832954106,0
1595880395.630128,325.1876505902832,31.78745832954106,0
1595880395.6401339,326.9887217572754,31.78745832954106,0
1595880395.650129,328.7878617337769,31.78745832954106,0
1595880395.6601334,330.5886324933594,31.78745832954106,0
1595880395.6701353,332.38897409949953,31.78745832954106,0
1595880395.68014,334.18983068977053,31.78745832954106,0
1595880395.690141,335.9900006345337,31.78745832954106,0
1595880395.7001433,337.7904280713623,31.78745832954106,0
1595880395.7101407,339.58995428596194,31.78745832954106,0
1595880395.7201314,341.3882788709229,31.78745832954106,0
1595880395.7301319,343.1883629849976,31.78745832954106,0
1595880395.7401328,344.98853292976077,31.78745832954106,0
1595880395.7501314,346.78827372108157,31.78745832954106,0
1595880395.7601252,348.5871562055176,31.78745832954106,0
1595880395.770132,350.38839903388674,31.78745832954106,0
1595880395.7801363,352.18916979346926,31.78745832954106,0
1595880395.790142,353.9901980451172,31.78745832954106,0
1595880395.8001404,355.7898959210938,31.78745832954106,0
1595880395.8101315,357.5883063367432,31.78745832954106,0
1595880395.8201382,359.3895062497681,31.78745832954106,0
1595880395.8235385,360,31.78745832954106,1
1595880395.8235385,0,31.78745832954106,0
1595880395.8388498,2.756043343884322,31.78745832954106,0
1595880395.8388498,1.9292303407190268,30.960645326375765,0
1595880396.0101495,32.76317561507206,30.960645326375765,0
1595880396.0201502,34.563302644491,30.960645326375765,0
1595880396.0301466,36.36265719771366,30.960645326375765,0
1595880396.0401363,38.160810121297644,30.960645326375765,0
1595880396.0501394,39.96136630415897,30.960645326375765,0
1595880396.0601392,41.761321672200964,30.960645326375765,0
1595880396.0701385,43.56119120955448,30.960645326375765,0
1595880396.0801363,45.360803254842565,30.960645326375765,0
1595880396.09014,47.16148818373661,30.960645326375765,0
1595880396.1001387,48.96122897505741,30.960645326375765,0
1595880396.1101391,50.761313089132116,30.960645326375765,0
1595880396.120136,52.56075347304325,30.960645326375765,0
1595880396.1301355,54.360665925741,30.960645326375765,0
1595880396.1401541,56.16401160597782,30.960645326375765,0
1595880396.1501517,57.96358073592167,30.960645326375765,0
1595880396.1601536,59.763922342061804,30.960645326375765,0
1595880396.1701407,61.56160319685917,30.960645326375765,0
1595880396.1801362,63.36078608870487,30.960645326375765,0
1595880396.19014,65.16147101759891,30.960645326375765,0
1595880396.2001467,66.96267093062382,30.960645326375765,0
1595880396.2101362,68.76078093886356,30.960645326375765,0
1595880396.2201352,70.56060756087284,30.960645326375765,0
1595880396.2301538,72.36395324110966,30.960645326375765,0
1595880396.2401414,74.1617199265955,30.960645326375765,0
1595880396.2501516,75.96356356978397,30.960645326375765,0
1595880396.2601495,77.76317561507206,30.960645326375765,0
1595880396.270137,79.5609423005579,30.960645326375765,0
1595880396.2801354,81.36064017653446,30.960645326375765,0
1595880396.2901378,83.16106761336307,30.960645326375765,0
1595880396.3001354,84.96063674330692,30.960645326375765,0
1595880396.3101492,86.76312411665897,30.960645326375765,0
1595880396.320152,88.56363738417606,30.960645326375765,0
1595880396.3301408,90.36161864638309,30.960645326375765,0
1595880396.340146,92.16256106734257,30.960645326375765,0
1595880396.350143,93.9620014512537,30.960645326375765,0
1595880396.3601458,95.76251471877079,30.960645326375765,0
1595880396.370143,97.56199801802616,30.960645326375765,0
1595880396.380152,99.36362708449344,30.960645326375765,0
1595880396.3901362,101.16079295515995,30.960645326375765,0
1595880396.4001458,102.96250785231571,30.960645326375765,0
1595880396.410143,104.76199115157108,30.960645326375765,0
1595880396.420148,106.56289065718632,30.960645326375765,0
1595880396.4301367,108.36087191939335,30.960645326375765,0
1595880396.4401486,110.16301596999149,30.960645326375765,0
1595880396.4501462,111.96258509993534,30.960645326375765,0
1595880396.4601455,113.76245463728885,30.960645326375765,0
1595880396.4701471,115.56275332808475,30.960645326375765,0
1595880396.4801435,117.36210788130741,30.960645326375765,0
1595880396.4901445,119.16227782607059,30.960645326375765,0
1595880396.5001473,120.96279109358768,30.960645326375765,0
1595880396.5101473,122.76278937697391,30.960645326375765,0
1595880396.5201452,124.562401422262,30.960645326375765,0
1595880396.5301466,126.36265719771366,30.960645326375765,0
1595880396.5401416,128.16175425887087,30.960645326375765,0
1595880396.5501528,129.9637695634363,30.960645326375765,0
1595880396.560136,131.76076377272585,30.960645326375765,0
1595880396.5701356,133.5606762254236,30.960645326375765,0
1595880396.5801418,135.36179030776003,30.960645326375765,0
1595880396.590153,137.16380561232546,30.960645326375765,0
1595880396.600136,138.96075690627077,30.960645326375765,0
1595880396.610153,140.76380217909792,30.960645326375765,0
1595880396.6201515,142.56354297041872,30.960645326375765,0
1595880396.630138,144.36109507918337,30.960645326375765,0
1595880396.6401439,146.16216624617556,30.960645326375765,0
1595880396.6501374,147.96100581526736,30.960645326375765,0
1595880396.6601427,149.76194823622683,30.960645326375765,0
1595880396.670142,151.56181777358034,30.960645326375765,0
1595880396.6801538,153.3639618241785,30.960645326375765,0
1595880396.6901436,155.16211474776247,30.960645326375765,0
1595880396.7001405,156.9615551316736,30.960645326375765,0
1595880396.710151,158.76344169020632,30.960645326375765,0
1595880396.7201388,160.5612512910364,30.960645326375765,0
1595880396.730136,162.36073459029177,30.960645326375765,0
1595880396.7401395,164.16137660384157,30.960645326375765,0
1595880396.7501457,165.962490686178,30.960645326375765,0
1595880396.7601385,167.76120150923708,30.960645326375765,0
1595880396.7701468,169.56270182967165,30.960645326375765,0
1595880396.780138,171.36111224532107,30.960645326375765,0
1595880396.790142,173.16184008955935,30.960645326375765,0
1595880396.8001404,174.9615379655359,30.960645326375765,0
1595880396.810139,176.7612787568567,30.960645326375765,0
1595880396.8201494,178.56316531538943,30.960645326375765,0
1595880396.8301384,180.3611894929407,30.960645326375765,0
1595880396.840143,182.16200316786745,30.960645326375765,0
1595880396.85014,183.96148646712282,30.960645326375765,0
1595880396.8601403,185.7615276658533,30.960645326375765,0
1595880396.8701532,187.5638433778284,30.960645326375765,0
1595880396.8801382,189.3611379945276,30.960645326375765,0
1595880396.8901386,191.16122210860232,30.960645326375765,0
1595880396.9001348,192.96053374648073,30.960645326375765,0
1595880396.9101424,194.7619053208826,30.960645326375765,0
1595880396.9201472,196.5627619111536,30.960645326375765,0
1595880396.9301505,198.36336100935915,30.960645326375765,0
1595880396.9401467,200.16267264723757,30.960645326375765,0
1595880396.9501457,201.96249926924685,30.960645326375765,0
1595880396.9601474,203.76279796004275,30.960645326375765,0
1595880396.9701502,205.56331122755984,30.960645326375765,0
1595880396.9801502,207.36330951094607,30.960645326375765,0
1595880396.990148,209.16292155623415,30.960645326375765,0
1595880397.0001514,210.96352065443972,30.960645326375765,0
1595880397.0101402,212.76150191664675,30.960645326375765,0
1595880397.0201476,214.56283057570437,30.960645326375765,0
1595880397.0301485,216.36300052046755,30.960645326375765,0
1595880397.0401437,218.16214049696902,30.960645326375765,0
1595880397.0501423,219.96188128828982,30.960645326375765,0
1595880397.0601513,221.7635103547571,30.960645326375765,0
1595880397.0701392,223.56131995558718,30.960645326375765,0
1595880397.0801528,225.363764413595,30.960645326375765,0
1595880397.0901413,227.16170276045779,30.960645326375765,0
1595880397.1001458,228.96251643538454,30.960645326375765,0
1595880397.110137,230.76092685103396,30.960645326375765,0
1595880397.1201358,232.560710557699,30.960645326375765,0
1595880397.1301413,234.3616958940027,30.960645326375765,0
1595880397.1401367,236.1608787858484,30.960645326375765,0
1595880397.1501448,237.96233619093874,30.960645326375765,0
1595880397.1601532,239.7638365113733,30.960645326375765,0
1595880397.1701381,241.56113112807253,30.960645326375765,0
1595880397.1801505,243.36336100935915,30.960645326375765,0
1595880397.1901357,245.1606985414026,30.960645326375765,0
1595880397.200144,246.96219886183718,30.960645326375765,0
1595880397.210144,248.7621971452234,30.960645326375765,0
1595880397.2201385,250.56120837569216,30.960645326375765,0
1595880397.2301407,252.36159289717654,30.960645326375765,0
1595880397.2401445,254.16227782607058,30.960645326375765,0
1595880397.2501411,255.96167529463747,30.960645326375765,0
1595880397.2601533,257.76386226057986,30.960645326375765,0
1595880397.2701452,259.562401422262,30.960645326375765,0
1595880397.280136,261.36076892256716,30.960645326375765,0
1595880397.290143,263.1620117509363,30.960645326375765,0
1595880397.3001502,264.9632974946497,30.960645326375765,0
1595880397.3101377,266.7610641801355,30.960645326375765,0
1595880397.3201478,268.56286490797976,30.960645326375765,0
1595880397.3301404,270.3615328156946,30.960645326375765,0
1595880397.3401434,272.16208899855593,30.960645326375765,0
1595880397.3501391,273.9613148057459,30.960645326375765,0
1595880397.3601522,275.7636734330652,30.960645326375765,0
1595880397.370142,277.5618263566492,30.960645326375765,0
1595880397.3801448,279.3623396241663,30.960645326375765,0
1595880397.39015,281.16328204512575,30.960645326375765,0
1595880397.400151,282.96345198988894,30.960645326375765,0
1595880397.4101427,284.76194823622683,30.960645326375765,0
1595880397.420151,286.5634485566614,30.960645326375765,0
1595880397.430143,288.36203063368777,30.960645326375765,0
1595880397.4401362,290.1607843720911,30.960645326375765,0
1595880397.4501529,291.963786729574,30.960645326375765,0
1595880397.46015,293.76327002882937,30.960645326375765,0
1595880397.4701362,295.5607792222498,30.960645326375765,0
1595880397.4801407,297.36159289717654,30.960645326375765,0
1595880397.4901505,299.16335070967654,30.960645326375765,0
1595880397.500147,300.96274817824343,30.960645326375765,0
1595880397.510147,302.76274646162966,30.960645326375765,0
1595880397.5201504,304.5633455598352,30.960645326375765,0
1595880397.5301466,306.36265719771365,30.960645326375765,0
1595880397.5401452,308.16239798903445,30.960645326375765,0
1595880397.5501509,309.9634262406824,30.960645326375765,0
1595880397.560138,311.76110709547976,30.960645326375765,0
1595880397.5701494,313.5631653153894,30.960645326375765,0
1595880397.5801384,315.3611894929407,30.960645326375765,0
1595880397.5901418,317.16178859114626,30.960645326375765,0
1595880397.6001432,318.9620443665979,30.960645326375765,0
1595880397.6101482,320.76294387221316,30.960645326375765,0
1595880397.620136,322.56075347304323,30.960645326375765,0
1595880397.6301374,324.3610092484949,30.960645326375765,0
1595880397.6401465,326.1626383149622,30.960645326375765,0
1595880397.6501517,327.96358073592165,30.960645326375765,0
1595880397.6601505,329.7633644425867,30.960645326375765,0
1595880397.6701488,331.56306231856325,30.960645326375765,0
1595880397.6801455,333.36245978713015,30.960645326375765,0
1595880397.690135,335.1605697953699,30.960645326375765,0
1595880397.700149,336.9631000840662,30.960645326375765,0
1595880397.7101371,338.7609526002405,30.960645326375765,0
1595880397.7201352,340.5606075608728,30.960645326375765,0
1595880397.7301497,342.3632236802576,30.960645326375765,0
1595880397.7401524,344.16369403243044,30.960645326375765,0
1595880397.750151,345.96343482375124,30.960645326375765,0
1595880397.7601395,347.76137317061404,30.960645326375765,0
1595880397.7701516,349.5635601365564,30.960645326375765,0
1595880397.7801495,351.3631721818445,30.960645326375765,0
1595880397.7901351,353.16059554457644,30.960645326375765,0
1595880397.8001451,354.9623962724207,30.960645326375765,0
1595880397.810151,356.76346743941286,30.960645326375765,0
1595880397.8201368,358.5608908021448,30.960645326375765,0
1595880397.8281446,360,30.960645326375765,1
1595880397.8281446,0,30.960645326375765,0
1595880397.8377225,1.7240520799158041,30.960645326375765,0
1595880397.8377225,1.2068364559410618,30.443429702401023,0
1595880398.01016,32.245573752999164,30.443429702401023,0
1595880398.0201616,34.04587244379506,30.443429702401023,0
1595880398.0301557,35.844797843575336,30.443429702401023,0
1595880398.0401556,37.644796126961566,30.443429702401023,0
1595880398.0501657,39.446596854805804,30.443429702401023,0
1595880398.0601516,41.244063132881976,30.443429702401023,0
1595880398.0701663,43.04672216761098,30.443429702401023,0
1595880398.0801642,44.846334212899066,30.443429702401023,0
1595880398.090166,46.6466758190392,30.443429702401023,0
1595880398.1001549,48.444657081246234,30.443429702401023,0
1595880398.1101637,50.24624323236928,30.443429702401023,0
1595880398.1201663,52.04671358454213,30.443429702401023,0
1595880398.1301591,53.845424407601215,30.443429702401023,0
1595880398.140161,55.64576601374135,30.443429702401023,0
1595880398.150151,57.443961852669574,30.443429702401023,0
1595880398.1601486,59.24353098261342,30.443429702401023,0
1595880398.170148,61.04340051996694,30.443429702401023,0
1595880398.1801605,62.8456733165978,30.443429702401023,0
1595880398.1901488,64.64356874811635,30.443429702401023,0
1595880398.2001674,66.44691442835317,30.443429702401023,0
1595880398.2101486,68.24352239954457,30.443429702401023,0
1595880398.2201602,70.04562353479848,30.443429702401023,0
1595880398.2301514,71.8440339504479,30.443429702401023,0
1595880398.2401567,73.64497637140737,30.443429702401023,0
1595880398.2501616,75.4458758770226,30.443429702401023,0
1595880398.2601573,77.24510168421254,30.443429702401023,0
1595880398.2701583,79.04527162897573,30.443429702401023,0
1595880398.2801597,80.84552740442739,30.443429702401023,0
1595880398.2901604,82.64565443384633,30.443429702401023,0
1595880398.300153,84.44432234156118,30.443429702401023,0
1595880398.3101552,86.24470686304555,30.443429702401023,0
1595880398.3201618,88.04590677607045,30.443429702401023,0
1595880398.3301487,89.84354471552358,30.443429702401023,0
1595880398.3401484,91.64350008356557,30.443429702401023,0
1595880398.350155,93.44469999659047,30.443429702401023,0
1595880398.3601482,95.24345373499379,30.443429702401023,0
1595880398.370149,97.04358076441274,30.443429702401023,0
1595880398.3801653,98.84654020655141,30.443429702401023,0
1595880398.3901627,100.64606642115102,30.443429702401023,0
1595880398.4001496,102.44370436060414,30.443429702401023,0
1595880398.4101517,104.24408888208852,30.443429702401023,0
1595880398.420163,106.04610418665395,30.443429702401023,0
1595880398.4301624,107.8460166393517,30.443429702401023,0
1595880398.440154,109.6445128856896,30.443429702401023,0
1595880398.4501483,111.4434812008141,30.443429702401023,0
1595880398.4601529,113.24429487574086,30.443429702401023,0
1595880398.4701648,115.04643892633901,30.443429702401023,0
1595880398.4801626,116.8460509716271,30.443429702401023,0
1595880398.4901657,118.64660715448842,30.443429702401023,0
1595880398.5001504,120.4438588558434,30.443429702401023,0
1595880398.5101483,122.24347090113149,30.443429702401023,0
1595880398.5201628,124.04608702051625,30.443429702401023,0
1595880398.5301588,125.84535574305043,30.443429702401023,0
1595880398.5401533,127.64436697351918,30.443429702401023,0
1595880398.5501583,129.44526647913443,30.443429702401023,0
1595880398.5601604,131.2456510006188,30.443429702401023,0
1595880398.5701618,133.04590677607047,30.443429702401023,0
1595880398.5801556,134.8447892605065,30.443429702401023,0
1595880398.5901537,136.64444422113883,30.443429702401023,0
1595880398.6001499,138.44375585901724,30.443429702401023,0
1595880398.610161,140.24577116358267,30.443429702401023,0
1595880398.6201637,142.04624151575553,30.443429702401023,0
1595880398.6301565,143.8449523388146,30.443429702401023,0
1595880398.6401672,145.64688181269156,30.443429702401023,0
1595880398.650162,147.44593595850455,30.443429702401023,0
1595880398.6601474,149.24331640589224,30.443429702401023,0
1595880398.6701543,151.04455923426138,30.443429702401023,0
1595880398.6801538,152.84447168695914,30.443429702401023,0
1595880398.6901488,154.64356874811637,30.443429702401023,0
1595880398.7001593,156.44545530664908,30.443429702401023,0
1595880398.710154,158.24450945246207,30.443429702401023,0
1595880398.7201605,160.04566645014273,30.443429702401023,0
1595880398.7301626,161.8460509716271,30.443429702401023,0
1595880398.74016,163.64557718622672,30.443429702401023,0
1595880398.7501483,165.44347261774527,30.443429702401023,0
1595880398.7601566,167.24497293817984,30.443429702401023,0
1595880398.7701566,169.04497122156607,30.443429702401023,0
1595880398.7801495,170.84368204462515,30.443429702401023,0
1595880398.790158,172.64522528040396,30.443429702401023,0
1595880398.8001623,174.44599603998648,30.443429702401023,0
1595880398.8101609,176.24573683130728,30.443429702401023,0
1595880398.8201632,178.0461642681359,30.443429702401023,0
1595880398.8301513,179.8440167843102,30.443429702401023,0
1595880398.840166,181.64667581903922,30.443429702401023,0
1595880398.8501563,183.44491457331168,30.443429702401023,0
1595880398.8601613,185.2458140789269,30.443429702401023,0
1595880398.8701532,187.04435324060904,30.443429702401023,0
1595880398.8801582,188.84525274622428,30.443429702401023,0
1595880398.8901632,190.6461522518395,30.443429702401023,0
1595880398.9001484,192.44348978388297,30.443429702401023,0
1595880398.910159,194.24541925775992,30.443429702401023,0
1595880398.9201572,196.04507421839224,30.443429702401023,0
1595880398.9301565,197.84494375574576,30.443429702401023,0
1595880398.94015,199.64378332483756,30.443429702401023,0
1595880398.9501579,201.44519781458365,30.443429702401023,0
1595880398.9601538,203.24446653711783,30.443429702401023,0
1595880398.9701521,205.0441644130944,30.443429702401023,0
1595880398.9801612,206.84579347956168,30.443429702401023,0
1595880398.9901645,208.64639257776724,30.443429702401023,0
1595880399.0001638,210.44626211512076,30.443429702401023,0
1595880399.0101511,212.24398588526236,30.443429702401023,0
1595880399.020153,214.0443274914025,30.443429702401023,0
1595880399.0301666,215.8467719494103,30.443429702401023,0
1595880399.0401518,217.64410948145377,30.443429702401023,0
1595880399.0501509,219.44393610346305,30.443429702401023,0
1595880399.0601628,221.2460801540612,30.443429702401023,0
1595880399.0701473,223.04328894007193,30.443429702401023,0
1595880399.0801492,224.84363054621207,30.443429702401023,0
1595880399.0901496,226.64371466028678,30.443429702401023,0
1595880399.1001503,228.44384168970572,30.443429702401023,0
1595880399.1101534,230.24439787256705,30.443429702401023,0
1595880399.1201482,232.04345201838004,30.443429702401023,0
1595880399.1301534,233.8443944393395,30.443429702401023,0
1595880399.1401563,235.6449077068566,30.443429702401023,0
1595880399.1501575,237.44512056696402,30.443429702401023,0
1595880399.160164,239.24632047998892,30.443429702401023,0
1595880399.170161,241.04576086390006,30.443429702401023,0
1595880399.180153,242.84430002558219,30.443429702401023,0
1595880399.1901562,244.64489912378775,30.443429702401023,0
1595880399.200158,246.4452407299279,30.443429702401023,0
1595880399.2101622,248.24596857416617,30.443429702401023,0
1595880399.2201498,250.043735259652,30.443429702401023,0
1595880399.230163,251.84613680231558,30.443429702401023,0
1595880399.2401493,253.643645995736,30.443429702401023,0
1595880399.250156,255.4448459087609,30.443429702401023,0
1595880399.260147,257.2432563244103,30.443429702401023,0
1595880399.270158,259.0452287136315,30.443429702401023,0
1595880399.2801487,260.84355329859244,30.443429702401023,0
1595880399.290164,262.6462981640099,30.443429702401023,0
1595880399.3001614,264.44582437860953,30.443429702401023,0
1595880399.310164,266.2462947307824,30.443429702401023,0
1595880399.320159,268.0453917919396,30.443429702401023,0
1595880399.330163,269.8461196361779,30.443429702401023,0
1595880399.3401542,271.6445300518273,30.443429702401023,0
1595880399.350164,273.4462878643273,30.443429702401023,0
1595880399.36015,275.2437970577477,30.443429702401023,0
1595880399.3701656,277.04658483850943,30.443429702401023,0
1595880399.3801494,278.84366487848746,30.443429702401023,0
1595880399.3901656,280.6465814052819,30.443429702401023,0
1595880399.400149,282.4436185299157,30.443429702401023,0
1595880399.4101639,284.2462775646447,30.443429702401023,0
1595880399.4201608,286.0457179485558,30.443429702401023,0
1595880399.4301622,287.8459737240075,30.443429702401023,0
1595880399.4401536,289.64442705500113,30.443429702401023,0
1595880399.4501588,291.4453694759606,30.443429702401023,0
1595880399.4601493,293.2436511455773,30.443429702401023,0
1595880399.4701645,295.0463960109948,30.443429702401023,0
1595880399.4801574,296.84510683405387,30.443429702401023,0
1595880399.4901466,298.6431739269494,30.443429702401023,0
1595880399.5001504,300.4438588558434,30.443429702401023,0
1595880399.510161,302.24574541437613,30.443429702401023,0
1595880399.5201569,304.0450141369103,30.443429702401023,0
1595880399.530152,305.8441541134118,30.443429702401023,0
1595880399.5401645,307.6463839946984,30.443429702401023,0
1595880399.5501509,309.44393610346305,30.443429702401023,0
1595880399.56015,311.2437627254723,30.443429702401023,0
1595880399.5701582,313.0452630459069,30.443429702401023,0
1595880399.580162,314.84594797480094,30.443429702401023,0
1595880399.5901508,316.64392923700797,30.443429702401023,0
1595880399.600161,318.44577288019644,30.443429702401023,0
1595880399.6101556,320.2447841106652,30.443429702401023,0
1595880399.6201653,322.0465419231652,30.443429702401023,0
1595880399.6301517,323.84409403192984,30.443429702401023,0
1595880399.640155,325.6446931301354,30.443429702401023,0
1595880399.6501596,327.44550680506217,30.443429702401023,0
1595880399.6601589,329.2453763424157,30.443429702401023,0
1595880399.6701584,331.04528879511344,30.443429702401023,0
1595880399.6801488,332.84357046473013,30.443429702401023,0
1595880399.690147,334.64322542536246,30.443429702401023,0
1595880399.7001512,336.443996184945,30.443429702401023,0
1595880399.7101655,338.2465693889855,30.443429702401023,0
1595880399.720153,340.04433607447135,30.443429702401023,0
1595880399.7301657,341.8466088711022,30.443429702401023,0
1595880399.740152,343.6441180645226,30.443429702401023,0
1595880399.7501466,345.4431722103356,30.443429702401023,0
1595880399.7601657,347.2466037212609,30.443429702401023,0
1595880399.7701654,349.0465590893029,30.443429702401023,0
1595880399.7801468,350.84320997583853,30.443429702401023,0
1595880399.7901514,352.6440236507653,30.443429702401023,0
1595880399.800151,354.4439790188073,30.443429702401023,0
1595880399.8101516,356.244063132882,30.443429702401023,0
1595880399.8201475,358.04333185541617,30.443429702401023,0
1595880399.830161,359.845776313424,30.443429702401023,0
1595880399.8310323,360,30.443429702401023,1
1595880399.8310323,0,30.443429702401023,0
1595880399.8403122,1.6704080044029759,30.443429702401023,0
1595880399.8403122,1.1692856030820842,29.94230730108013,0
1595880400.0101666,31.74307806066265,29.94230730108013,0
1595880400.020171,33.543848820245174,29.94230730108013,0
1595880400.0301647,35.34273130468121,29.94230730108013,0
1595880400.040176,37.14474660924664,29.94230730108013,0
1595880400.0501692,38.9435432629942,29.94230730108013,0
1595880400.0601742,40.74444276860943,29.94230730108013,0
1595880400.0701647,42.54272443822613,29.94230730108013,0
1595880400.080169,44.34349519780865,29.94230730108013,0
1595880400.090173,46.14422304204693,29.94230730108013,0
1595880400.1001685,47.943405933892635,29.94230730108013,0
1595880400.110169,49.74349004796734,29.94230730108013,0
1595880400.1201677,51.54327375463238,29.94230730108013,0
1595880400.1301792,53.34533197454205,29.94230730108013,0
1595880400.1401637,55.14254076055279,29.94230730108013,0
1595880400.15017,56.943697758233455,29.94230730108013,0
1595880400.1601713,58.74391061834088,29.94230730108013,0
1595880400.1701646,60.542707272088435,29.94230730108013,0
1595880400.180169,62.34352094701519,29.94230730108013,0
1595880400.1901753,64.14463502935162,29.94230730108013,0
1595880400.2001722,65.94407541326275,29.94230730108013,0
1595880400.210171,67.74385911992779,29.94230730108013,0
1595880400.2201762,69.54480154088726,29.94230730108013,0
1595880400.2301795,71.34540063909283,29.94230730108013,0
1595880400.2401648,73.14273817113629,29.94230730108013,0
1595880400.2501652,74.942822285211,29.94230730108013,0
1595880400.2601807,76.74561006597271,29.94230730108013,0
1595880400.2701674,78.5432050900816,29.94230730108013,0
1595880400.280178,80.34513456395855,29.94230730108013,0
1595880400.2901783,82.14517576268902,29.94230730108013,0
1595880400.300169,83.94350034764996,29.94230730108013,0
1595880400.3101704,85.74375612310162,29.94230730108013,0
1595880400.320165,87.54276735357037,29.94230730108013,0
1595880400.3301702,89.34370977452984,29.94230730108013,0
1595880400.3401692,91.14353639653912,29.94230730108013,0
1595880400.350171,92.94387800267926,29.94230730108013,0
1595880400.3601665,94.74306089452496,29.94230730108013,0
1595880400.3701682,96.54335958532086,29.94230730108013,0
1595880400.3801723,98.34408742955914,29.94230730108013,0
1595880400.3901653,100.14284116796246,29.94230730108013,0
1595880400.4001746,101.94451314977398,29.94230730108013,0
1595880400.4101646,103.7427089887022,29.94230730108013,0
1595880400.4201784,105.54519636205426,29.94230730108013,0
1595880400.4301672,107.34317762426129,29.94230730108013,0
1595880400.4401648,109.14274675420513,29.94230730108013,0
1595880400.45018,110.94549161962262,29.94230730108013,0
1595880400.4601686,112.74342996648541,29.94230730108013,0
1595880400.470173,114.54420072606793,29.94230730108013,0
1595880400.480172,116.3440273480772,29.94230730108013,0
1595880400.4901743,118.14445478490582,29.94230730108013,0
1595880400.5001688,119.94346601537457,29.94230730108013,0
1595880400.5101774,121.74500925115338,29.94230730108013,0
1595880400.5201657,123.54290468267193,29.94230730108013,0
1595880400.5301774,125.34500581792584,29.94230730108013,0
1595880400.5401735,127.14431745580426,29.94230730108013,0
1595880400.5501666,128.94307119420756,29.94230730108013,0
1595880400.5601618,130.74221117070903,29.94230730108013,0
1595880400.5701804,132.54555685094584,29.94230730108013,0
1595880400.5801718,134.3440101819395,29.94230730108013,0
1595880400.5901704,136.1437509732603,29.94230730108013,0
1595880400.6001697,137.9436205106138,29.94230730108013,0
1595880400.6101627,139.74237424901713,29.94230730108013,0
1595880400.6201754,141.544647045648,29.94230730108013,0
1595880400.630165,143.34279996923198,29.94230730108013,0
1595880400.6401658,145.14292699865092,29.94230730108013,0
1595880400.650175,146.94459898046244,29.94230730108013,0
1595880400.6601715,148.7439535336851,29.94230730108013,0
1595880400.670163,150.54240686467875,29.94230730108013,0
1595880400.6801667,152.3430917935728,29.94230730108013,0
1595880400.6901662,154.14300424627055,29.94230730108013,0
1595880400.7001648,155.94274503759135,29.94230730108013,0
1595880400.710165,157.74278623632182,29.94230730108013,0
1595880400.720163,159.54244119695414,29.94230730108013,0
1595880400.7301729,161.34419900945414,29.94230730108013,0
1595880400.7401798,163.14544183782328,29.94230730108013,0
1595880400.750172,164.94402391484965,29.94230730108013,0
1595880400.7601616,166.74217683843364,29.94230730108013,0
1595880400.7701657,168.54290468267192,29.94230730108013,0
1595880400.7801688,170.34346086553325,29.94230730108013,0
1595880400.7901669,172.14311582616557,29.94230730108013,0
1595880400.8001797,173.94543153814067,29.94230730108013,0
1595880400.8101711,175.74388486913432,29.94230730108013,0
1595880400.820166,177.54298193029155,29.94230730108013,0
1595880400.830172,179.34405309728373,29.94230730108013,0
1595880400.8401794,181.14538175634135,29.94230730108013,0
1595880400.8501778,182.9450796323179,29.94230730108013,0
1595880400.860163,184.74241716436137,29.94230730108013,0
1595880400.8701751,186.54460413030375,29.94230730108013,0
1595880400.8801677,188.3432720380186,29.94230730108013,0
1595880400.8901632,190.1424549298643,29.94230730108013,0
1595880400.9001625,191.94232446721782,29.94230730108013,0
1595880400.9101777,193.7450693326353,29.94230730108013,0
1595880400.9201794,195.5453680234312,29.94230730108013,0
1595880400.9301636,197.3425338940977,29.94230730108013,0
1595880400.9401677,199.14326173833598,29.94230730108013,0
1595880400.950168,200.94330293706645,29.94230730108013,0
1595880400.9601667,202.7430866437315,29.94230730108013,0
1595880400.97017,204.54368574193705,29.94230730108013,0
1595880400.9801621,206.34226781896342,29.94230730108013,0
1595880400.9901779,208.14509851506938,29.94230730108013,0
1595880401.0001667,209.9430797772764,29.94230730108013,0
1595880401.0101771,211.74496633580912,29.94230730108013,0
1595880401.0201643,213.5426471906065,29.94230730108013,0
1595880401.0301776,215.34504873327006,29.94230730108013,0
1595880401.0401752,217.1446178632139,29.94230730108013,0
1595880401.050179,218.94530279210795,29.94230730108013,0
1595880401.060167,220.74315530828227,29.94230730108013,0
1595880401.070177,222.5449560361265,29.94230730108013,0
1595880401.080173,224.3442247586607,29.94230730108013,0
1595880401.090179,226.14529592565287,29.94230730108013,0
1595880401.1001642,227.94263345769633,29.94230730108013,0
1595880401.110176,229.74477750829448,29.94230730108013,0
1595880401.1201775,231.54503328374614,29.94230730108013,0
1595880401.1301749,233.34455949834575,29.94230730108013,0
1595880401.1401744,235.1444719510435,29.94230730108013,0
1595880401.1501803,236.9455431180357,29.94230730108013,0
1595880401.1601655,238.74288065007914,29.94230730108013,0
1595880401.1701686,240.54343683294047,29.94230730108013,0
1595880401.1801631,242.34244806340922,29.94230730108013,0
1595880401.1901748,244.14454919866313,29.94230730108013,0
1595880401.2001634,245.94248754552592,29.94230730108013,0
1595880401.210172,247.74403078130473,29.94230730108013,0
1595880401.2201676,249.54325658849467,29.94230730108013,0
1595880401.2301757,251.344713993585,29.94230730108013,0
1595880401.2401648,253.14273817113627,29.94230730108013,0
1595880401.2501748,254.9445388989805,29.94230730108013,0
1595880401.2601802,256.7455242352842,29.94230730108013,0
1595880401.2701728,258.54419214299907,29.94230730108013,0
1595880401.2801769,260.34491998723735,29.94230730108013,0
1595880401.2901776,262.1450470166563,29.94230730108013,0
1595880401.3001802,263.94551736882914,29.94230730108013,0
1595880401.310167,265.74315530828227,29.94230730108013,0
1595880401.3201647,267.5427244382261,29.94230730108013,0
1595880401.330174,269.34439642003764,29.94230730108013,0
1595880401.3401725,271.14413721135844,29.94230730108013,0
1595880401.3501766,272.9448650555967,29.94230730108013,0
1595880401.360169,274.7434900479673,29.94230730108013,0
1595880401.3701756,276.54468996099223,29.94230730108013,0
1595880401.3801708,278.3438299374937,29.94230730108013,0
1595880401.390163,280.14241201452006,29.94230730108013,0
1595880401.400172,281.94404108098735,29.94230730108013,0
1595880401.41017,283.74369604161967,29.94230730108013,0
1595880401.420168,285.54330808690776,29.94230730108013,0
1595880401.4301734,287.34429342321147,29.94230730108013,0
1595880401.4401753,289.1446350293516,29.94230730108013,0
1595880401.4501717,290.94398958257426,29.94230730108013,0
1595880401.4601676,292.74325830510844,29.94230730108013,0
1595880401.4701784,294.5451877789854,29.94230730108013,0
1595880401.4801798,296.34544355443705,29.94230730108013,0
1595880401.4901645,298.14269525579203,29.94230730108013,0
1595880401.5001755,299.9446676450132,29.94230730108013,0
1595880401.5101652,301.7428205685972,29.94230730108013,0
1595880401.520165,303.5427759366392,29.94230730108013,0
1595880401.530177,305.3449629025816,29.94230730108013,0
1595880401.5401618,307.14221460393657,29.94230730108013,0
1595880401.5501752,308.94461614660014,29.94230730108013,0
1595880401.5601735,310.7443140225767,29.94230730108013,0
1595880401.570161,312.54208070806254,29.94230730108013,0
1595880401.5801623,314.34229356816996,29.94230730108013,0
1595880401.590168,316.1433218198179,29.94230730108013,0
1595880401.6001658,317.942933865106,29.94230730108013,0
1595880401.610168,319.7433183865904,29.94230730108013,0
1595880401.620168,321.5433166699766,29.94230730108013,0
1595880401.630178,323.34511739782084,29.94230730108013,0
1595880401.640161,325.14206869176616,29.94230730108013,0
1595880401.6501741,326.9444273190855,29.94230730108013,0
1595880401.6601624,328.74232275060405,29.94230730108013,0
1595880401.6701674,330.5432222562193,29.94230730108013,0
1595880401.6801686,332.3434351163267,29.94230730108013,0
1595880401.690165,334.14278966954936,29.94230730108013,0
1595880401.700164,335.94261629155864,29.94230730108013,0
1595880401.710167,337.7431295590757,29.94230730108013,0
1595880401.720175,339.54458696416606,29.94230730108013,0
1595880401.730169,341.34351236394633,29.94230730108013,0
1595880401.740173,343.1442402081846,29.94230730108013,0
1595880401.7501678,344.9432943539976,29.94230730108013,0
1595880401.7601728,346.74419385961284,29.94230730108013,0
1595880401.7701766,348.5448787885069,29.94230730108013,0
1595880401.7801797,350.3454349713682,29.94230730108013,0
1595880401.7901728,352.1441887097715,29.94230730108013,0
1595880401.800172,353.94405824712504,29.94230730108013,0
1595880401.8101666,355.7430694775938,29.94230730108013,0
1595880401.8201642,357.54263860753764,29.94230730108013,0
1595880401.8301752,359.34461099675883,29.94230730108013,0
1595880401.8338327,360,29.94230730108013,1
1595880401.8338327,0,29.94230730108013,0
1595880401.8416686,1.4104698377012248,29.94230730108013,0
1595880401.8416686,0.9873288863908556,29.519166349769762,0
1595880402.01019,31.32118165433519,29.519166349769762,0
1595880402.0201812,33.119592069984606,29.519166349769762,0
1595880402.0301886,34.92092072904222,29.519166349769762,0
1595880402.0401933,36.72177731931322,29.519166349769762,0
1595880402.0501943,38.5219472640764,29.519166349769762,0
1595880402.0601861,40.32048642575853,29.519166349769762,0
1595880402.0701876,42.12074220121019,29.519166349769762,0
1595880402.0801826,43.91983926236742,29.519166349769762,0
1595880402.0901904,45.72125375211351,29.519166349769762,0
1595880402.1001859,47.520436643959215,29.519166349769762,0
1595880402.1101806,49.3194907897722,29.519166349769762,0
1595880402.1201954,51.12214982450121,29.519166349769762,0
1595880402.1301808,52.9195302718889,29.519166349769762,0
1595880402.140183,54.71991479337328,29.519166349769762,0
1595880402.1501844,56.52017056882494,29.519166349769762,0
1595880402.1601899,58.32115590512865,29.519166349769762,0
1595880402.170182,60.119737982155016,29.519166349769762,0
1595880402.1801834,61.919993757606676,29.519166349769762,0
1595880402.190189,63.72097909391039,29.519166349769762,0
1595880402.2001843,65.52016198575609,29.519166349769762,0
1595880402.2101824,67.31981694638841,29.519166349769762,0
1595880402.2201889,69.12097394406908,29.519166349769762,0
1595880402.23018,70.91938435971849,29.519166349769762,0
1595880402.2401948,72.7220433944475,29.519166349769762,0
1595880402.2501893,74.52105462491625,29.519166349769762,0
1595880402.2601964,76.32234036862963,29.519166349769762,0
1595880402.2701983,78.12268197476976,29.519166349769762,0
1595880402.2801898,79.92113530576341,29.519166349769762,0
1595880402.2901814,81.7196315521013,29.519166349769762,0
1595880402.300194,83.52190434873216,29.519166349769762,0
1595880402.3101964,85.32233178556078,29.519166349769762,0
1595880402.3201885,87.12091386258714,29.519166349769762,0
1595880402.3301816,88.91966760099046,29.519166349769762,0
1595880402.3401842,90.72013795316332,29.519166349769762,0
1595880402.350181,92.51957833707445,29.519166349769762,0
1595880402.3601856,94.32039201200121,29.519166349769762,0
1595880402.370195,96.12206399381273,29.519166349769762,0
1595880402.3801887,97.92094647824877,29.519166349769762,0
1595880402.390195,99.72206056058519,29.519166349769762,0
1595880402.4001968,101.52240216672533,29.519166349769762,0
1595880402.410192,103.3215421432268,29.519166349769762,0
1595880402.4201825,105.11982381284349,29.519166349769762,0
1595880402.4301898,106.92115247190111,29.519166349769762,0
1595880402.4401815,108.719648718239,29.519166349769762,0
1595880402.450182,110.51973283231371,29.519166349769762,0
1595880402.460181,112.31955945432298,29.519166349769762,0
1595880402.4701884,114.1208881133806,29.519166349769762,0
1595880402.480194,115.92191636502855,29.519166349769762,0
1595880402.4901874,117.72071301877611,29.519166349769762,0
1595880402.5001836,119.52002465665453,29.519166349769762,0
1595880402.510188,121.32083833158129,29.519166349769762,0
1595880402.5201905,123.1212657684099,29.519166349769762,0
1595880402.530183,124.91993367612474,29.519166349769762,0
1595880402.5401838,126.72006070554369,29.519166349769762,0
1595880402.550188,128.5208314651262,29.519166349769762,0
1595880402.56018,130.31937062680834,29.519166349769762,0
1595880402.5701916,132.12147176206224,29.519166349769762,0
1595880402.5801876,133.92074048459642,29.519166349769762,0
1595880402.590179,135.71919381559007,29.519166349769762,0
1595880402.6001894,137.5210803741228,29.519166349769762,0
1595880402.6101847,139.32022035062425,29.519166349769762,0
1595880402.6201954,141.1221498245012,29.519166349769762,0
1595880402.6301837,142.92004525601976,29.519166349769762,0
1595880402.6401854,144.72034394681566,29.519166349769762,0
1595880402.6501846,146.52021348416918,29.519166349769762,0
1595880402.6601846,148.3202117675554,29.519166349769762,0
1595880402.6701934,150.12179791867845,29.519166349769762,0
1595880402.680184,151.92007958829515,29.519166349769762,0
1595880402.6901915,153.721451162697,29.519166349769762,0
1595880402.700191,155.52136361539476,29.519166349769762,0
1595880402.710193,157.3217052215349,29.519166349769762,0
1595880402.720186,159.12045895993822,29.519166349769762,0
1595880402.7301953,160.92213094174974,29.519166349769762,0
1595880402.740182,162.71972596585863,29.519166349769762,0
1595880402.7501922,164.5215696090471,29.519166349769762,0
1595880402.7601876,166.3207525008928,29.519166349769762,0
1595880402.7701967,168.1223815673601,29.519166349769762,0
1595880402.7801929,169.9216932052385,29.519166349769762,0
1595880402.7901912,171.72139108121507,29.519166349769762,0
1595880402.800194,173.52190434873216,29.519166349769762,0
1595880402.810182,175.31975686490648,29.519166349769762,0
1595880402.8201866,177.12057053983324,29.519166349769762,0
1595880402.8301792,178.91923844754808,29.519166349769762,0
1595880402.8401895,180.72108209073656,29.519166349769762,0
1595880402.8501852,182.5203078979265,29.519166349769762,0
1595880402.8601794,184.319276213051,29.519166349769762,0
1595880402.8701787,186.11914575040453,29.519166349769762,0
1595880402.8801787,187.91914403379076,29.519166349769762,0
1595880402.8901803,189.71944272458666,29.519166349769762,0
1595880402.900193,191.52171552121752,29.519166349769762,0
1595880402.910196,193.32227170407884,29.519166349769762,0
1595880402.9201887,195.1209396117937,29.519166349769762,0
1595880402.9301822,196.91977918088548,29.519166349769762,0
1595880402.9401853,198.7203353637468,29.519166349769762,0
1595880402.9501803,200.51943242490404,29.519166349769762,0
1595880402.9601896,202.32110440671556,29.519166349769762,0
1595880402.9701955,204.12217557370775,29.519166349769762,0
1595880402.9801805,205.91947019040697,29.519166349769762,0
1595880402.9901783,207.71908223569505,29.519166349769762,0
1595880403.0001907,209.52131211698168,29.519166349769762,0
1595880403.010184,211.32010877072923,29.519166349769762,0
1595880403.0201852,213.12032163083666,29.519166349769762,0
1595880403.0301833,214.91997659146898,29.519166349769762,0
1595880403.0401793,216.71924531400316,29.519166349769762,0
1595880403.0501895,218.52108895719164,29.519166349769762,0
1595880403.060183,220.31992852628343,29.519166349769762,0
1595880403.070196,222.12224423825853,29.519166349769762,0
1595880403.0801888,223.9209550613176,29.519166349769762,0
1595880403.0901952,225.72211205899828,29.519166349769762,0
1595880403.100189,227.5209945434343,29.519166349769762,0
1595880403.1101937,229.3218511337053,29.519166349769762,0
1595880403.1201832,231.11996114194505,29.519166349769762,0
1595880403.130183,232.91991650998705,29.519166349769762,0
1595880403.1401787,234.719142317177,29.519166349769762,0
1595880403.1501944,236.52197301328295,29.519166349769762,0
1595880403.1601956,238.32218587339037,29.519166349769762,0
1595880403.17019,240.12119710385912,29.519166349769762,0
1595880403.1801968,241.92239701688402,29.519166349769762,0
1595880403.1901927,243.7216657394182,29.519166349769762,0
1595880403.2001946,245.52200734555834,29.519166349769762,0
1595880403.2101932,247.32174813687914,29.519166349769762,0
1595880403.2201807,249.11951482236498,29.519166349769762,0
1595880403.230182,250.9197276824724,29.519166349769762,0
1595880403.2401912,252.72139966428392,29.519166349769762,0
1595880403.2501876,254.52075421750658,29.519166349769762,0
1595880403.2601948,256.32203996121996,29.519166349769762,0
1595880403.2701876,258.12075078427904,29.519166349769762,0
1595880403.280185,259.92027699887865,29.519166349769762,0
1595880403.290189,261.72100484311693,29.519166349769762,0
1595880403.3001854,263.5203593963396,29.519166349769762,0
1595880403.3101816,265.319671034218,29.519166349769762,0
1595880403.3201928,267.12168633878343,29.519166349769762,0
1595880403.3301902,268.92121255338304,29.519166349769762,0
1595880403.3401928,270.7216829055559,29.519166349769762,0
1595880403.3501897,272.521123289467,29.519166349769762,0
1595880403.360184,274.32009160459154,29.519166349769762,0
1595880403.370181,276.1195749038469,29.519166349769762,0
1595880403.3801844,277.9201740020525,29.519166349769762,0
1595880403.390178,279.7190135711443,29.519166349769762,0
1595880403.400191,281.5213721984636,29.519166349769762,0
1595880403.4101863,283.3205121749651,29.519166349769762,0
1595880403.420179,285.1191800826799,29.519166349769762,0
1595880403.4301968,286.922397016884,29.519166349769762,0
1595880403.4401903,288.7212365859758,29.519166349769762,0
1595880403.450196,290.52226483762377,29.519166349769762,0
1595880403.460195,292.32209145963304,29.519166349769762,0
1595880403.4701784,294.1190856689226,29.519166349769762,0
1595880403.4801958,295.9222167724382,29.519166349769762,0
1595880403.4901948,297.7220433944475,29.519166349769762,0
1595880403.5001872,299.5206683868181,29.519166349769762,0
1595880403.5101774,301.31890714109056,29.519166349769762,0
1595880403.5201955,303.1221669906389,29.519166349769762,0
1595880403.5301955,304.92216527402513,29.519166349769762,0
1595880403.5401945,306.7219918960344,29.519166349769762,0
1595880403.5501807,308.5195010894548,29.519166349769762,0
1595880403.5601847,310.3202289336931,29.519166349769762,0
1595880403.5701823,312.11979806363695,29.519166349769762,0
1595880403.5801861,313.920482992531,29.519166349769762,0
1595880403.5901918,315.72151124417894,29.519166349769762,0
1595880403.6001897,317.521123289467,29.519166349769762,0
1595880403.610187,319.32064950406664,29.519166349769762,0
1595880403.6201773,321.1188882583391,29.519166349769762,0
1595880403.6301937,322.92184770047777,29.519166349769762,0
1595880403.6401956,324.7221893066179,29.519166349769762,0
1595880403.650185,326.52029931485765,29.519166349769762,0
1595880403.6601913,328.3214133971941,29.519166349769762,0
1595880403.6701846,330.12021005094164,29.519166349769762,0
1595880403.680192,331.92153870999925,29.519166349769762,0
1595880403.690194,333.7218803161394,29.519166349769762,0
1595880403.7001944,335.5219644302141,29.519166349769762,0
1595880403.7101932,337.32174813687914,29.519166349769762,0
1595880403.7201774,339.11891400754564,29.519166349769762,0
1595880403.7301915,340.92144429624193,29.519166349769762,0
1595880403.7401874,342.7207130187761,29.519166349769762,0
1595880403.7501872,344.5206683868181,29.519166349769762,0
1595880403.7601902,346.32122456967943,29.519166349769762,0
1595880403.770195,348.1220811599504,29.519166349769762,0
1595880403.7801902,349.9212211364519,29.519166349769762,0
1595880403.7901945,351.7219918960344,29.519166349769762,0
1595880403.800191,353.52134644925707,29.519166349769762,0
1595880403.8101943,355.32194554746263,29.519166349769762,0
1595880403.8201869,357.1206134551775,29.519166349769762,0
1595880403.830196,358.92224252164476,29.519166349769762,0
1595880403.8361948,360,29.519166349769762,1
1595880403.8361948,0,29.519166349769762,0
1595880403.8517723,2.803978323341539,29.519166349769762,0
1595880403.8517723,1.9627848263390781,28.6779728527673,0
1595880404.010198,30.479430257857633,28.6779728527673,0
1595880404.0202017,32.280072271407434,28.6779728527673,0
1595880404.0301907,34.0780964489587,28.6779728527673,0
1595880404.0401902,35.87800890165646,28.6779728527673,0
1595880404.0502017,37.680067121566125,28.6779728527673,0
1595880404.0602062,39.48088079649288,28.6779728527673,0
1595880404.0702083,41.28126531797726,28.6779728527673,0
1595880404.08019,43.07795911985714,28.6779728527673,0
1595880404.0902047,44.880618154586145,28.6779728527673,0
1595880404.1002011,46.6799727078088,28.6779728527673,0
1595880404.1101935,48.47859770017941,28.6779728527673,0
1595880404.1201928,50.27846723753292,28.6779728527673,0
1595880404.130195,52.0788517590173,28.6779728527673,0
1595880404.140197,53.87923628050167,28.6779728527673,0
1595880404.1501954,55.678934156478235,28.6779728527673,0
1595880404.160203,57.48030573088009,28.6779728527673,0
1595880404.1702085,59.2812910671838,28.6779728527673,0
1595880404.1802049,61.08064562040646,28.6779728527673,0
1595880404.1901925,62.8784123058923,28.6779728527673,0
1595880404.2002048,64.68064218717892,28.6779728527673,0
1595880404.2102003,66.47982507902462,28.6779728527673,0
1595880404.2202065,68.28093916136105,28.6779728527673,0
1595880404.2302065,70.08093744474728,28.6779728527673,0
1595880404.2401972,71.87926202970822,28.6779728527673,0
1595880404.2502027,73.68024736601193,28.6779728527673,0
1595880404.2601902,75.47801405149777,28.6779728527673,0
1595880404.2702057,77.28080183225948,28.6779728527673,0
1595880404.2802002,79.07981306272823,28.6779728527673,0
1595880404.290202,80.88011175352413,28.6779728527673,0
1595880404.3001997,82.67972379881222,28.6779728527673,0
1595880404.3102076,84.48113828855831,28.6779728527673,0
1595880404.3201993,86.2796345348962,28.6779728527673,0
1595880404.3301957,88.07898908811886,28.6779728527673,0
1595880404.340203,89.88031774717648,28.6779728527673,0
1595880404.3501997,91.67971521574337,28.6779728527673,0
1595880404.3602026,93.48022848326046,28.6779728527673,0
1595880404.3701959,95.27902513700802,28.6779728527673,0
1595880404.3802075,97.08112627226193,28.6779728527673,0
1595880404.3901942,98.87872129637081,28.6779728527673,0
1595880404.4002094,100.6814661617883,28.6779728527673,0
1595880404.410193,102.47850328642208,28.6779728527673,0
1595880404.4201925,104.27841573911984,28.6779728527673,0
1595880404.4302056,106.08077436643917,28.6779728527673,0
1595880404.4401968,107.87918478208859,28.6779728527673,0
1595880404.4502087,109.68132883268673,28.6779728527673,0
1595880404.4601989,111.47956758695919,28.6779728527673,0
1595880404.4702024,113.280209600509,28.6779728527673,0
1595880404.4801924,115.07840543943722,28.6779728527673,0
1595880404.4901967,116.87917619901974,28.6779728527673,0
1595880404.5001953,118.67891699034054,28.6779728527673,0
1595880404.5102034,120.48037439543087,28.6779728527673,0
1595880404.5202043,122.28054434019406,28.6779728527673,0
1595880404.5302045,124.08058553892452,28.6779728527673,0
1595880404.5401907,125.87809473234493,28.6779728527673,0
1595880404.5502036,127.68041044432003,28.6779728527673,0
1595880404.5601902,129.47800546842893,28.6779728527673,0
1595880404.570194,131.27869039732298,28.6779728527673,0
1595880404.5801995,133.0796757336267,28.6779728527673,0
1595880404.5901923,134.87838655668577,28.6779728527673,0
1595880404.600203,136.68031603056272,28.6779728527673,0
1595880404.6101947,138.4788122769006,28.6779728527673,0
1595880404.6202009,140.27992635923704,28.6779728527673,0
1595880404.6302044,142.08056837278684,28.6779728527673,0
1595880404.640202,143.8801375027307,28.6779728527673,0
1595880404.6502025,145.6802216168054,28.6779728527673,0
1595880404.6601899,147.477945386947,28.6779728527673,0
1595880404.6702063,149.28090482908567,28.6779728527673,0
1595880404.6801958,151.07901483732542,28.6779728527673,0
1595880404.6902049,152.8806439037927,28.6779728527673,0
1595880404.7001941,154.6787109966882,28.6779728527673,0
1595880404.7102082,156.4812412853845,28.6779728527673,0
1595880404.7201962,158.27909380155882,28.6779728527673,0
1595880404.730201,160.0799503918298,28.6779728527673,0
1595880404.7401996,161.8796911831506,28.6779728527673,0
1595880404.7502012,163.6799898739465,28.6779728527673,0
1595880404.760201,165.4799452419885,28.6779728527673,0
1595880404.770206,167.28084474760374,28.6779728527673,0
1595880404.7802083,169.08127218443235,28.6779728527673,0
1595880404.7902036,170.88041216093382,28.6779728527673,0
1595880404.8001964,172.6791229839929,28.6779728527673,0
1595880404.8101926,174.47843462187132,28.6779728527673,0
1595880404.820203,176.28032118040403,28.6779728527673,0
1595880404.8302,178.07976156431516,28.6779728527673,0
1595880404.8401961,179.87907320219358,28.6779728527673,0
1595880404.8502026,181.68023019987425,28.6779728527673,0
1595880404.8601937,183.47864061552366,28.6779728527673,0
1595880404.8701987,185.2795401211389,28.6779728527673,0
1595880404.8802063,187.08091169554075,28.6779728527673,0
1595880404.8901968,188.87919336515745,28.6779728527673,0
1595880404.9002032,190.6803503628381,28.6779728527673,0
1595880404.910199,192.47957617002805,28.6779728527673,0
1595880404.9202027,194.2802610989221,28.6779728527673,0
1595880404.930206,196.08086019712766,28.6779728527673,0
1595880404.940202,197.88012891966184,28.6779728527673,0
1595880404.9502053,199.6807280178674,28.6779728527673,0
1595880404.9602065,201.48094087797483,28.6779728527673,0
1595880404.9701934,203.27857881742796,28.6779728527673,0
1595880404.9801943,205.07874876219114,28.6779728527673,0
1595880404.9901967,206.87917619901975,28.6779728527673,0
1595880405.0001929,208.67848783689817,28.6779728527673,0
1595880405.0101924,210.47840028959592,28.6779728527673,0
1595880405.0201893,212.27784067350706,28.6779728527673,0
1595880405.030192,214.0783110256799,28.6779728527673,0
1595880405.0401986,215.8795109387048,28.6779728527673,0
1595880405.0502028,217.68028169828733,28.6779728527673,0
1595880405.0601904,219.47804838377317,28.6779728527673,0
1595880405.0701919,221.27830415922483,28.6779728527673,0
1595880405.0802052,223.0807057018884,28.6779728527673,0
1595880405.0902038,224.8804464932092,28.6779728527673,0
1595880405.1002061,226.68087393003782,28.6779728527673,0
1595880405.11019,228.47795397001585,28.6779728527673,0
1595880405.1201928,230.27846723753294,28.6779728527673,0
1595880405.1301944,232.07876592832883,28.6779728527673,0
1595880405.1402037,233.88043791014036,28.6779728527673,0
1595880405.1501913,235.6782045956262,28.6779728527673,0
1595880405.1601956,237.47897535520872,28.6779728527673,0
1595880405.1701977,239.2793598766931,28.6779728527673,0
1595880405.1802063,241.0809031124719,28.6779728527673,0
1595880405.1901984,242.87948518949827,28.6779728527673,0
1595880405.2002013,244.67999845701536,28.6779728527673,0
1595880405.2102022,246.48016840177854,28.6779728527673,0
1595880405.2201889,248.27776342588743,28.6779728527673,0
1595880405.2301977,250.07934957701048,28.6779728527673,0
1595880405.240206,251.88084989744505,28.6779728527673,0
1595880405.250194,253.67870241361936,28.6779728527673,0
1595880405.2602038,255.48046022611936,28.6779728527673,0
1595880405.270189,257.2777977581628,28.6779728527673,0
1595880405.280198,259.0794268246301,28.6779728527673,0
1595880405.2901888,260.87775140959104,28.6779728527673,0
1595880405.3001938,262.6786509152063,28.6779728527673,0
1595880405.3102007,264.4798937435754,28.6779728527673,0
1595880405.3202064,266.28092199522337,28.6779728527673,0
1595880405.3301935,268.07860285002073,28.6779728527673,0
1595880405.3402057,269.8807898159631,28.6779728527673,0
1595880405.3501964,271.67911440092405,28.6779728527673,0
1595880405.3601985,273.4794989224084,28.6779728527673,0
1595880405.3702018,275.280098020614,28.6779728527673,0
1595880405.380207,277.08104044157346,28.6779728527673,0
1595880405.390195,278.87885004240354,28.6779728527673,0
1595880405.4002056,280.6807795162805,28.6779728527673,0
1595880405.4101894,282.4778595562585,28.6779728527673,0
1595880405.420205,284.2806902523645,28.6779728527673,0
1595880405.4302037,286.0804310436853,28.6779728527673,0
1595880405.4402013,287.8800001736291,28.6779728527673,0
1595880405.4501956,289.67896848875364,28.6779728527673,0
1595880405.460202,291.4801254864343,28.6779728527673,0
1595880405.4701886,293.2777205105432,28.6779728527673,0
1595880405.4801996,295.0796928997644,28.6779728527673,0
1595880405.490201,296.87994867521604,28.6779728527673,0
1595880405.5001934,298.67857366758665,28.6779728527673,0
1595880405.5101924,300.4784002895959,28.6779728527673,0
1595880405.5201964,302.2791281338342,28.6779728527673,0
1595880405.5301971,304.07925516325315,28.6779728527673,0
1595880405.540191,305.8781376476892,28.6779728527673,0
1595880405.5501962,307.67908006864866,28.6779728527673,0
1595880405.5601966,309.47916418272337,28.6779728527673,0
1595880405.5701995,311.27967745024046,28.6779728527673,0
1595880405.5801897,313.0779162045129,28.6779728527673,0
1595880405.5902047,314.88061815458616,28.6779728527673,0
1595880405.6001904,316.6780415173181,28.6779728527673,0
1595880405.6102076,318.4811297054895,28.6779728527673,0
1595880405.6201923,320.27838140684446,28.6779728527673,0
1595880405.6301973,322.0792809124597,28.6779728527673,0
1595880405.6402025,323.88022333341917,28.6779728527673,0
1595880405.6502054,325.68073660093626,28.6779728527673,0
1595880405.6602063,327.48090654569944,28.6779728527673,0
1595880405.670198,329.27940279203733,28.6779728527673,0
1595880405.6801991,331.07961565214475,28.6779728527673,0
1595880405.690207,332.88103014189085,28.6779728527673,0
1595880405.7001996,334.6796980496057,28.6779728527673,0
1595880405.7101946,336.4787951107629,28.6779728527673,0
1595880405.7202005,338.2798662777551,28.6779728527673,0
1595880405.7301888,340.07776170927366,28.6779728527673,0
1595880405.7401896,341.8778887386926,28.6779728527673,0
1595880405.7502043,343.6805477734216,28.6779728527673,0
1595880405.7602062,345.48088937956175,28.6779728527673,0
1595880405.770203,347.2803297634729,28.6779728527673,0
1595880405.7802045,349.08058553892454,28.6779728527673,0
1595880405.7901895,350.87788015562376,28.6779728527673,0
1595880405.800197,352.6792088146814,28.6779728527673,0
1595880405.810189,354.47779089170774,28.6779728527673,0
1595880405.8201995,356.27967745024046,28.6779728527673,0
1595880405.8302023,358.08019071775755,28.6779728527673,0
1595880405.8401995,359.8796740170129,28.6779728527673,0
1595880405.8408751,360,28.6779728527673,1
1595880405.8408751,0,28.6779728527673,0
1595880405.8518815,1.9811525936730625,28.6779728527673,0
1595880405.8518815,1.3868068155711448,28.083627074665383,0
1595880406.0102003,29.88418325752671,28.083627074665383,0
1595880406.0202148,31.686799376911477,28.083627074665383,0
1595880406.0302138,33.48662599892076,28.083627074665383,0
1595880406.0402155,35.286924689716656,28.083627074665383,0
1595880406.0502129,37.086450904316266,28.083627074665383,0
1595880406.060208,38.88559088081773,28.083627074665383,0
1595880406.0702114,40.6861899790233,28.083627074665383,0
1595880406.0802045,42.48494371742662,28.083627074665383,0
1595880406.0902147,44.286787360615094,28.083627074665383,0
1595880406.1002033,46.08472570747789,28.083627074665383,0
1595880406.1102078,47.885539382404644,28.083627074665383,0
1595880406.1201987,49.68390688270982,28.083627074665383,0
1595880406.1302147,51.486780494160016,28.083627074665383,0
1595880406.1402078,53.285534232563336,28.083627074665383,0
1595880406.150198,55.0837729868358,28.083627074665383,0
1595880406.1602118,56.88626036018785,28.083627074665383,0
1595880406.1702046,58.68497118324693,28.083627074665383,0
1595880406.1801991,60.48398241371568,28.083627074665383,0
1595880406.1902034,62.2847531732982,28.083627074665383,0
1595880406.2001975,64.08367857307847,28.083627074665383,0
1595880406.2102005,65.8842347559398,28.083627074665383,0
1595880406.2202098,67.68590673775132,28.083627074665383,0
1595880406.230214,69.48667749733384,28.083627074665383,0
1595880406.240197,71.28358587593492,28.083627074665383,0
1595880406.2501974,73.08366999000962,28.083627074665383,0
1595880406.260205,74.88504156441148,28.083627074665383,0
1595880406.2702155,76.6869281229442,28.083627074665383,0
1595880406.280199,78.48396524757798,28.083627074665383,0
1595880406.290203,80.28469309181627,28.083627074665383,0
1595880406.300204,82.08486303657945,28.083627074665383,0
1595880406.31021,83.88593420357164,28.083627074665383,0
1595880406.3201969,85.68357214302476,28.083627074665383,0
1595880406.330216,87.48700365395005,28.083627074665383,0
1595880406.340208,89.28558573097642,28.083627074665383,0
1595880406.3502162,91.08704313606675,28.083627074665383,0
1595880406.3602111,92.88614019722398,28.083627074665383,0
1595880406.3702068,94.68536600441392,28.083627074665383,0
1595880406.3802123,96.48635134071763,28.083627074665383,0
1595880406.390203,98.28467592567857,28.083627074665383,0
1595880406.40021,100.08591875404771,28.083627074665383,0
