Timestamp,Phase,Heading,Ping?
1595876411.000116,360,333.3678701183739,1
1595876411.000116,0,333.3678701183739,0
1595876411.020931,3.7466981670799555,333.3678701183739,0
1595876411.020931,2.622688716955969,332.2438606682499,0
1595876412.862161,334.04407352835733,332.2438606682499,0
1595876412.87217,335.8457025948246,332.2438606682499,0
1595876412.8821678,337.6453146401127,332.2438606682499,0
1595876412.8921618,339.444240039893,332.2438606682499,0
1595876412.9021692,341.2455686989506,332.2438606682499,0
1595876412.9121668,343.04513782889444,332.2438606682499,0
1595876412.9221675,344.8452648583134,332.2438606682499,0
1595876412.9321675,346.6452631416996,332.2438606682499,0
1595876412.942162,348.44427437216837,332.2438606682499,0
1595876412.9521646,350.2447447243412,332.2438606682499,0
1595876412.962168,352.0453438225468,332.2438606682499,0
1595876412.9721732,353.84628624350626,332.2438606682499,0
1595876412.982177,355.6469711724003,332.2438606682499,0
1595876412.992177,357.44696945578653,332.2438606682499,0
1595876413.0021625,359.2443499031742,332.2438606682499,0
1595876413.0063605,360,332.2438606682499,1
1595876413.0063605,0,332.2438606682499,0
1595876413.0210328,2.6410135689457093,332.2438606682499,0
1595876413.0210328,1.8487094982619965,331.4515565975662,0
1595876414.862167,333.2528423412796,331.4515565975662,0
1595876414.8721764,335.05455723843534,331.4515565975662,0
1595876414.882165,336.85249558529813,331.4515565975662,0
1595876414.8921793,338.65506878933866,331.4515565975662,0
1595876414.902165,340.4524921520706,331.4515565975662,0
1595876414.9121683,342.25309125027616,331.4515565975662,0
1595876414.9221709,344.053561602449,331.4515565975662,0
1595876414.9321792,345.8550619228836,331.4515565975662,0
1595876414.9421635,347.6522277935501,331.4515565975662,0
1595876414.9521646,349.4524406536575,331.4515565975662,0
1595876414.962163,351.25213852963407,331.4515565975662,0
1595876414.9721744,353.05419674954373,331.4515565975662,0
1595876414.9821653,354.8525642498489,331.4515565975662,0
1595876414.9921653,356.65256253323514,331.4515565975662,0
1595876415.0021782,358.45487824521024,331.4515565975662,0
1595876415.010763,360,331.4515565975662,1
1595876415.010763,0,331.4515565975662,0
1595876415.0211291,1.8659185513015473,331.4515565975662,0
1595876415.0211291,1.3061429859110831,330.89178103217574,0
1595876416.8621767,332.6946975589702,330.89178103217574,0
1595876416.8721638,334.49237841376754,330.89178103217574,0
1595876416.8821695,336.2934066654155,330.89178103217574,0
1595876416.8921611,338.0919029117534,330.89178103217574,0
1595876416.9021719,339.89383238563033,330.89178103217574,0
1595876416.912169,341.6933156848857,330.89178103217574,0
1595876416.9221766,343.49468725928756,330.89178103217574,0
1595876416.9321697,345.2934409976909,330.89178103217574,0
1595876416.942165,347.09258097419234,330.89178103217574,0
1595876416.9521618,348.8920213581035,330.89178103217574,0
1595876416.9621644,350.69249171027633,330.89178103217574,0
1595876416.972174,352.4942066074321,330.89178103217574,0
1595876416.9821618,354.29201620826217,330.89178103217574,0
1595876416.9921715,356.09377402076217,330.89178103217574,0
1595876417.002173,357.89402979621383,330.89178103217574,0
1595876417.0121639,359.692397296519,330.89178103217574,0
1595876417.0138836,360,330.89178103217574,1
1595876417.0138836,0,330.89178103217574,0
1595876417.0225034,1.551575839609825,330.89178103217574,0
1595876417.0225034,1.0861030877268774,330.4263082802928,0
1595876418.86219,332.22969687587386,330.4263082802928,0
1595876418.872177,334.027334815327,330.4263082802928,0
1595876418.8821902,335.82973635799056,330.4263082802928,0
1595876418.892187,337.6291767419017,330.4263082802928,0
1595876418.9021752,339.427029258076,330.4263082802928,0
1595876418.9121802,341.22792876369124,330.4263082802928,0
1595876418.922187,343.0291715920604,330.4263082802928,0
1595876418.9321804,344.82796824580794,330.4263082802928,0
1595876418.9421813,346.6281381905711,330.4263082802928,0
1595876418.9521813,348.42813647395735,330.4263082802928,0
1595876418.9621885,350.22942221767073,330.4263082802928,0
1595876418.9721766,352.02727473384505,330.4263082802928,0
1595876418.9821906,353.82980502254134,330.4263082802928,0
1595876418.9921818,355.62821543819075,330.4263082802928,0
1595876419.0021906,357.4298015893138,330.4263082802928,0
1595876419.0121841,359.2286411584056,330.4263082802928,0
1595876419.0164828,360,330.4263082802928,1
1595876419.0164828,0,330.4263082802928,0
1595876419.023847,1.3255707085764925,330.4263082802928,0
1595876419.023847,0.9278994960035447,330.02863706771984,0
1595876420.8621936,331.8302661341871,330.02863706771984,0
1595876420.8721852,333.628762380525,330.02863706771984,0
1595876420.8821955,335.4306060237135,330.02863706771984,0
1595876420.8922038,337.23210634414806,330.02863706771984,0
1595876420.9021888,339.0294009608473,330.02863706771984,0
1595876420.9121997,340.8313733500685,330.02863706771984,0
1595876420.9222023,342.6318437022413,330.02863706771984,0
1595876420.9321957,344.4306403559889,330.02863706771984,0
1595876420.9422011,346.2316256922926,330.02863706771984,0
1595876420.9522026,348.03188146774426,330.02863706771984,0
1595876420.9621916,349.8299056452955,330.02863706771984,0
1595876420.9721878,351.62921728317394,330.02863706771984,0
1595876420.9821997,353.4313613337721,330.02863706771984,0
1595876420.9922037,355.23208917801037,330.02863706771984,0
1595876421.0022006,357.0315295619215,330.02863706771984,0
1595876421.0121849,358.828695432588,330.02863706771984,0
1595876421.0186932,360,330.02863706771984,1
1595876421.0186932,0,330.02863706771984,0
1595876421.0290952,1.8723374766553889,330.02863706771984,0
1595876421.0290952,1.3106362336587722,329.46693582472324,0
1595876422.8622048,331.27036733564853,329.46693582472324,0
1595876422.8721926,333.0681769364786,329.46693582472324,0
1595876422.8821936,334.8683468812418,329.46693582472324,0
1595876422.8921952,336.6686455720377,329.46693582472324,0
1595876422.9021857,338.4669272416544,329.46693582472324,0
1595876422.9122012,340.2697150224161,329.46693582472324,0
1595876422.9221914,342.06795377668857,329.46693582472324,0
1595876422.9321961,343.86881036695956,329.46693582472324,0
1595876422.9421868,345.6671349519205,329.46693582472324,0
1595876422.9522042,347.4702660554361,329.46693582472324,0
1595876422.9622014,349.2697493546915,329.46693582472324,0
1595876422.972192,351.06807393965244,329.46693582472324,0
1595876422.9822018,352.86983175215244,329.46693582472324,0
1595876422.992193,354.66824216780185,329.46693582472324,0
1595876423.0021973,356.46901292738437,329.46693582472324,0
1595876423.0121899,358.2676808350992,329.46693582472324,0
1595876423.0218174,360,329.46693582472324,1
1595876423.0218174,0,329.46693582472324,0
1595876423.0316906,1.777168940873139,329.46693582472324,0
1595876423.0316906,1.2440182586111974,328.9337851424613,0
1595876424.862193,330.73447007135536,328.9337851424613,0
1595876424.8722079,332.53712910608436,328.9337851424613,0
1595876424.8822086,334.3372561355033,328.9337851424613,0
1595876424.8922024,336.13613861993935,328.9337851424613,0
1595876424.902196,337.93497818903114,328.9337851424613,0
1595876424.912193,339.7344614882865,328.9337851424613,0
1595876424.9222064,341.5368630309501,328.9337851424613,0
1595876424.9322002,343.3357455153861,328.9337851424613,0
1595876424.9421947,345.1347567458549,328.9337851424613,0
1595876424.9522057,346.93672913507606,328.9337851424613,0
1595876424.9621906,348.7340237517753,328.9337851424613,0
1595876424.9721935,350.5345370192924,328.9337851424613,0
1595876424.9822044,352.33650940851356,328.9337851424613,0
1595876424.9922018,354.1360356231132,328.9337851424613,0
1595876425.0022035,355.9363343139091,328.9337851424613,0
1595876425.0121906,357.73401516870643,328.9337851424613,0
1595876425.0221999,359.53568715051796,328.9337851424613,0
1595876425.02478,360,328.9337851424613,1
1595876425.02478,0,328.9337851424613,0
1595876425.0342948,1.7126538176932513,328.9337851424613,0
1595876425.0342948,1.198857672385276,328.4199889971533,0
1595876426.8621957,330.2210172488013,328.4199889971533,0
1595876426.8722045,332.0226033999243,328.4199889971533,0
1595876426.882198,333.8214429690161,328.4199889971533,0
1595876426.892204,335.6225141360083,328.4199889971533,0
1595876426.902192,337.4203666521826,328.4199889971533,0
1595876426.9122005,339.2218669726172,328.4199889971533,0
1595876426.922203,341.02233732479004,328.4199889971533,0
1595876426.9321938,342.820661909751,328.4199889971533,0
1595876426.9422088,344.6233638598242,328.4199889971533,0
1595876426.952208,346.42323339717774,328.4199889971533,0
1595876426.9622066,348.22297418849854,328.4199889971533,0
1595876426.972196,350.0210841967383,328.4199889971533,0
1595876426.982193,351.8205245806494,328.4199889971533,0
1595876426.9922028,353.6222823931494,328.4199889971533,0
1595876427.0022087,355.4233535601416,328.4199889971533,0
1595876427.0121975,357.22133482234864,328.4199889971533,0
1595876427.022208,359.02322138088135,328.4199889971533,0
1595876427.0276413,360,328.4199889971533,1
1595876427.0276413,0,328.4199889971533,0
1595876427.0356503,1.441629774741216,328.4199889971533,0
1595876427.0356503,1.009140842318851,327.98750006473097,0
1595876428.8622134,329.7905024222139,327.98750006473097,0
1595876428.8722074,331.58942782199415,327.98750006473097,0
1595876428.8821993,333.3879669836763,327.98750006473097,0
1595876428.8921995,335.18800818240675,327.98750006473097,0
1595876428.9022129,336.9904097250703,327.98750006473097,0
1595876428.9122095,338.7898071936372,327.98750006473097,0
1595876428.9222043,340.5888613394502,327.98750006473097,0
1595876428.9322107,342.39001833713087,327.98750006473097,0
1595876428.9422092,344.18975912845167,327.98750006473097,0
1595876428.9522092,345.9897574118379,327.98750006473097,0
1595876428.962203,347.78863989627393,327.98750006473097,0
1595876428.9721997,349.58803736484083,327.98750006473097,0
1595876428.9822,351.3880785635713,327.98750006473097,0
1595876428.9922037,353.18876349246534,327.98750006473097,0
1595876429.0022054,354.98906218326124,327.98750006473097,0
1595876429.0122051,356.78901755130323,327.98750006473097,0
1595876429.0221994,358.58798586642774,327.98750006473097,0
1595876429.0300577,360,327.98750006473097,1
1595876429.0300577,0,327.98750006473097,0
1595876429.0620036,5.750256412387216,327.98750006473097,0
1595876429.0620036,4.025179488671052,326.2624231410148,0
1595876430.8622217,328.0644384455802,326.2624231410148,0
1595876430.8722293,329.86581001998206,326.2624231410148,0
1595876430.8822126,331.6628042292716,326.2624231410148,0
1595876430.892212,333.46267376662513,326.2624231410148,0
1595876430.9022262,335.26524697066566,326.2624231410148,0
1595876430.9122117,337.06262741805335,326.2624231410148,0
1595876430.9222167,338.8635269236686,326.2624231410148,0
1595876430.9322238,340.66481266738197,326.2624231410148,0
1595876430.9422128,342.46283684493324,326.2624231410148,0
1595876430.9522192,344.2639938426139,326.2624231410148,0
1595876430.9622288,346.06570873976966,326.2624231410148,0
1595876430.9722269,347.865363700402,326.2624231410148,0
1595876430.9822147,349.66317330123206,326.2624231410148,0
1595876430.9922283,351.4656177592399,326.2624231410148,0
1595876431.0022292,353.26578770400306,326.2624231410148,0
1595876431.0122237,355.0647989344718,326.2624231410148,0
1595876431.0222113,356.86256561995765,326.2624231410148,0
1595876431.0322247,358.6649671626212,326.2624231410148,0
1595876431.039612,359.99469910384437,326.2624231410148,0
1595876431.039612,359.9962893726911,326.2640134098615,0
1595876431.039721,360,326.2640134098615,1
1595876431.039721,0,326.2640134098615,0
1595876432.862302,328.0645695927228,326.2640134098615,0
1595876432.8723109,329.86615574384587,326.2640134098615,0
1595876432.8823156,331.66701233411686,326.2640134098615,0
1595876432.8923104,333.46606647992985,326.2640134098615,0
1595876432.9023008,335.26434814954655,326.2640134098615,0
1595876432.9123106,337.06610596204655,326.2640134098615,0
1595876432.9223003,338.86425888563053,326.2640134098615,0
1595876432.93232,340.66781914258854,326.2640134098615,0
1595876432.9423046,342.4650279285993,326.2640134098615,0
1595876432.9523005,344.26429665113346,326.2640134098615,0
1595876432.9623156,346.0669986012067,326.2640134098615,0
1595876432.972319,347.8675976994123,326.2640134098615,0
1595876432.982319,349.66763889814274,326.2640134098615,0
1595876432.9923081,351.465663075694,326.2640134098615,0
1595876433.002304,353.2649317982282,326.2640134098615,0
1595876433.0123148,355.06686127210514,326.2640134098615,0
1595876433.0223167,356.8672028782453,326.2640134098615,0
1595876433.0323102,358.6660424473371,326.2640134098615,0
1595876433.0397272,360,326.2640134098615,1
1595876433.0397272,0,326.2640134098615,0
1595876433.0447266,0.8998719456280924,326.2640134098615,0
1595876433.0447266,0.6299103619396647,325.99405182617306,0
1595876434.8623166,327.79611004608273,325.99405182617306,0
1595876434.8723164,329.5960654141247,325.99405182617306,0
1595876434.8823173,331.3962353588879,325.99405182617306,0
1595876434.8923063,333.1942595364392,325.99405182617306,0
1595876434.902313,334.9954594494641,325.99405182617306,0
1595876434.9123235,336.7973460079968,325.99405182617306,0
1595876434.9223104,338.5949839474499,325.99405182617306,0
1595876434.9323108,340.3950680615246,325.99405182617306,0
1595876434.9423115,342.19519509094357,325.99405182617306,0
1595876434.952316,343.99600876587033,325.99405182617306,0
1595876434.9623096,345.7948483349621,325.99405182617306,0
1595876434.9723155,347.5959195019543,325.99405182617306,0
1595876434.9823236,349.39737690704465,325.99405182617306,0
1595876434.9923236,351.1973751904309,325.99405182617306,0
1595876435.0023084,352.99462689178586,325.99405182617306,0
1595876435.012313,354.7954405667126,325.99405182617306,0
1595876435.0223143,356.5956963421643,325.99405182617306,0
1595876435.032318,358.3963812710583,325.99405182617306,0
1595876435.0412376,360,325.99405182617306,1
1595876435.0412376,0,325.99405182617306,0
1595876435.047323,1.095370185548063,325.99405182617306,0
1595876435.047323,0.7667591298836443,325.66544077050867,0
1595876436.8623216,327.46651193750085,325.66544077050867,0
1595876436.8723342,329.2687847341317,325.66544077050867,0
1595876436.8823292,331.06788179528894,325.66544077050867,0
1595876436.8923228,332.86672136438074,325.66544077050867,0
1595876436.9023216,334.6665050710458,325.66544077050867,0
1595876436.912326,336.46731874597253,325.66544077050867,0
1595876436.9223194,338.2661153997201,325.66544077050867,0
1595876436.9323308,340.06817361962976,325.66544077050867,0
1595876436.9423304,341.8680860723275,325.66544077050867,0
1595876436.9523313,343.6682560170907,325.66544077050867,0
1595876436.9623225,345.4666664327401,325.66544077050867,0
1595876436.9723303,347.2680809224862,325.66544077050867,0
1595876436.9823356,349.0690233434457,325.66544077050867,0
1595876436.9923172,350.86571714532556,325.66544077050867,0
1595876437.00232,352.66623041284265,325.66544077050867,0
1595876437.0123277,354.4676019872445,325.66544077050867,0
1595876437.0223286,356.2677719320077,325.66544077050867,0
1595876437.0323231,358.06678316247644,325.66544077050867,0
1595876437.0423243,359.86699602258386,325.66544077050867,0
1595876437.0430787,360,325.66544077050867,1
1595876437.0430787,0,325.66544077050867,0
1595876437.049941,1.235223027588745,325.66544077050867,0
1595876437.049941,0.8646561193121216,325.29487386223207,0
1595876438.8623343,327.0954300450934,325.29487386223207,0
1595876438.8723433,328.8970591115607,325.29487386223207,0
1595876438.882333,330.69521203514466,325.29487386223207,0
1595876438.8923385,332.4961973714484,325.29487386223207,0
1595876438.902339,334.2962814855231,325.29487386223207,0
1595876438.9123442,336.09722390648255,325.29487386223207,0
1595876438.922338,337.8961063909186,325.29487386223207,0
1595876438.9323404,339.6965338277472,325.29487386223207,0
1595876438.942331,341.49485841270814,325.29487386223207,0
1595876438.9523373,343.29597249504457,325.29487386223207,0
1595876438.962344,345.09717240806947,325.29487386223207,0
1595876438.9723346,346.8954969930304,325.29487386223207,0
1595876438.9823341,348.69540944572816,325.29487386223207,0
1595876438.9923348,350.4955364751471,325.29487386223207,0
1595876439.0023353,352.2956205892218,325.29487386223207,0
1595876439.0123403,354.09652009483705,325.29487386223207,0
1595876439.022336,355.895745902027,325.29487386223207,0
1595876439.032332,357.69501462456117,325.29487386223207,0
1595876439.0423453,359.49741616722474,325.29487386223207,0
1595876439.0451574,360,325.29487386223207,1
1595876439.0451574,0,325.29487386223207,0
1595876439.057539,2.2286774205816755,325.29487386223207,0
1595876439.057539,1.5600741944071728,324.62627063605754,0
1595876440.86237,326.4296592316386,324.62627063605754,0
1595876440.8723712,328.229872091746,324.62627063605754,0
1595876440.8823595,330.0277675232646,324.62627063605754,0
1595876440.892354,331.8267787537333,324.62627063605754,0
1595876440.9023654,333.628836973643,324.62627063605754,0
1595876440.9123602,335.427891119456,324.62627063605754,0
1595876440.9223592,337.22771774146526,324.62627063605754,0
1595876440.9323635,339.0284885010478,324.62627063605754,0
1595876440.9423656,340.82887302253215,324.62627063605754,0
1595876440.9523659,342.6289142212626,324.62627063605754,0
1595876440.9623547,344.42689548346965,324.62627063605754,0
1595876440.972356,346.2271512589213,324.62627063605754,0
1595876440.9823594,348.0277503571269,324.62627063605754,0
1595876440.9923594,349.8277486405131,324.62627063605754,0
1595876441.0023518,351.6263736328837,324.62627063605754,0
1595876441.0123522,353.4264577469584,324.62627063605754,0
1595876441.0223584,355.22757182929485,324.62627063605754,0
1595876441.0323684,357.0293725571391,324.62627063605754,0
1595876441.0423582,358.82752548072307,324.62627063605754,0
1595876441.0488777,360,324.62627063605754,1
1595876441.0488777,0,324.62627063605754,0
1595876441.0551362,1.126543386912033,324.62627063605754,0
1595876441.0551362,0.7885803708384231,324.2883076199839,0
