Type = Mirollor Strogatz (-ish),Function = Peskin,Refract =0,Epsilon =0.3,Gamma =8,Start_phase =52
Timestamp,Phase,Offset,Ping?
1596160029,52,0,0
1596160029.01,53.79755210876464,0.28888888888888886,0
1596160029.02,55.59862327575683,0.28888888888888886,0
1596160029.03,57.397720336914055,0.28888888888888886,0
1596160029.04,59.198748588562005,0.28888888888888886,0
1596160029.05,60.99707317352294,0.28888888888888886,0
1596160029.06,62.7958698272705,0.28888888888888886,0
1596160029.07,64.59612560272217,0.28888888888888886,0
1596160029.08,66.39616680145264,0.28888888888888886,0
1596160029.09,68.19599342346191,0.28888888888888886,0
1596160029.1,69.99753665924072,0.28888888888888886,0
1596160029.11,71.79899406433105,0.28888888888888886,0
1596160029.12,73.59796237945557,0.28888888888888886,0
1596160029.1299999,75.39632987976074,0.28888888888888886,0
1596160029.1399999,77.19628524780273,0.28888888888888886,0
1596160029.1499999,78.9980001449585,0.28888888888888886,0
1596160029.1599998,80.79855632781982,0.28888888888888886,0
1596160029.1699998,82.59812545776367,0.28888888888888886,0
1596160029.1799998,84.39799499511719,0.28888888888888886,0
1596160029.1899998,86.1973066329956,0.28888888888888886,0
1596160029.1999998,87.99588871002197,0.28888888888888886,0
1596160029.2099998,89.79575824737549,0.28888888888888886,0
1596160029.2199998,91.59906101226807,0.28888888888888886,0
1596160029.2299998,93.39678478240967,0.28888888888888886,0
1596160029.2399998,95.19708347320557,0.28888888888888886,0
1596160029.2499998,96.99695301055908,0.28888888888888886,0
1596160029.2599998,98.79768085479736,0.28888888888888886,0
1596160029.2699997,100.59870910644531,0.28888888888888886,0
1596160029.2799997,102.39793491363525,0.28888888888888886,0
1596160029.2899997,104.19647407531738,0.28888888888888886,0
1596160029.2999997,105.99853229522705,0.28888888888888886,0
1596160029.3099997,107.79805850982666,0.28888888888888886,0
1596160029.3199997,109.59586811065674,0.28888888888888886,0
1596160029.3299997,111.39878463745117,0.28888888888888886,0
1596160029.3399997,113.1976671218872,0.28888888888888886,0
1596160029.3499997,114.9990816116333,0.28888888888888886,0
1596160029.3599997,116.7979211807251,0.28888888888888886,0
1596160029.3699996,118.59684658050537,0.28888888888888886,0
1596160029.3799996,120.39735984802246,0.28888888888888886,0
1596160029.3899996,122.19649982452393,0.28888888888888886,0
1596160029.3999996,123.99872970581055,0.28888888888888886,0
1596160029.4099996,125.79735469818115,0.28888888888888886,0
1596160029.4199996,127.59597969055176,0.28888888888888886,0
1596160029.4299996,129.3990249633789,0.28888888888888886,0
1596160029.4399996,131.19782161712646,0.28888888888888886,0
1596160029.4499996,132.99807739257812,0.28888888888888886,0
1596160029.4599996,134.79889106750488,0.28888888888888886,0
1596160029.4699996,136.59665775299072,0.28888888888888886,0
1596160029.4799995,138.39609813690186,0.28888888888888886,0
1596160029.4899995,140.19674015045166,0.28888888888888886,0
1596160029.4999995,141.99725341796875,0.28888888888888886,0
1596160029.5099995,143.79836750030518,0.28888888888888886,0
1596160029.5199995,145.5976791381836,0.28888888888888886,0
1596160029.5299995,147.39716243743896,0.28888888888888886,0
1596160029.5399995,149.19900608062744,0.28888888888888886,0
1596160029.5499995,150.9970302581787,0.28888888888888886,0
1596160029.5599995,152.79702854156494,0.28888888888888886,0
1596160029.5699995,154.59608268737793,0.28888888888888886,0
1596160029.5799994,156.39608097076416,0.28888888888888886,0
1596160029.5899994,158.19659423828125,0.28888888888888886,0
1596160029.5999994,159.9983949661255,0.28888888888888886,0
1596160029.6099994,161.79577541351318,0.28888888888888886,0
1596160029.6199994,163.59813404083252,0.28888888888888886,0
1596160029.6299994,165.3971881866455,0.28888888888888886,0
1596160029.6399994,167.19868850708008,0.28888888888888886,0
1596160029.6499994,168.99641227722168,0.28888888888888886,0
1596160029.6599994,170.7959384918213,0.28888888888888886,0
1596160029.6699994,172.59632301330566,0.28888888888888886,0
1596160029.6799994,174.39593505859375,0.28888888888888886,0
1596160029.6899993,176.19867992401123,0.28888888888888886,0
1596160029.6999993,177.9970474243164,0.28888888888888886,0
1596160029.7099993,179.79820442199707,0.28888888888888886,0
1596160029.7199993,181.59579944610593,0.28888888888888886,0
1596160029.7299993,183.3979864120483,0.28888888888888886,0
1596160029.7399993,185.19699764251706,0.28888888888888886,0
1596160029.7499993,186.99785423278806,0.28888888888888886,0
1596160029.7599993,188.79845333099362,0.28888888888888886,0
1596160029.7699993,190.59690666198728,0.28888888888888886,0
1596160029.7799993,192.39900779724118,0.28888888888888886,0
1596160029.7899992,194.19750404357907,0.28888888888888886,0
1596160029.7999992,195.99780273437497,0.28888888888888886,0
1596160029.8099992,197.79677104949948,0.28888888888888886,0
1596160029.8199992,199.5967693328857,0.28888888888888886,0
1596160029.8299992,201.39882755279538,0.28888888888888886,0
1596160029.8399992,203.19655132293698,0.28888888888888886,0
1596160029.8499992,204.9971933364868,0.28888888888888886,0
1596160029.8599992,206.79865074157712,0.28888888888888886,0
1596160029.8699992,208.59731864929196,0.28888888888888886,0
1596160029.8799992,210.39796066284177,0.28888888888888886,0
1596160029.8899992,212.19701480865476,0.28888888888888886,0
1596160029.8999991,213.99611186981198,0.28888888888888886,0
1596160029.9099991,215.7957668304443,0.28888888888888886,0
1596160029.9199991,217.59709548950192,0.28888888888888886,0
1596160029.929999,219.3974800109863,0.28888888888888886,0
1596160029.939999,221.19692039489743,0.28888888888888886,0
1596160029.949999,222.99657535552976,0.28888888888888886,0
1596160029.959999,224.79764652252194,0.28888888888888886,0
1596160029.969999,226.59760189056394,0.28888888888888886,0
1596160029.979999,228.3985443115234,0.28888888888888886,0
1596160029.989999,230.1957101821899,0.28888888888888886,0
1596160029.999999,231.99892711639401,0.28888888888888886,0
1596160030.009999,233.7983245849609,0.28888888888888886,0
1596160030.019999,235.59574794769284,0.28888888888888886,0
1596160030.029999,237.39660453796384,0.28888888888888886,0
1596160030.039999,239.1981048583984,0.28888888888888886,0
1596160030.049999,240.99887561798093,0.28888888888888886,0
1596160030.059999,242.79810142517087,0.28888888888888886,0
1596160030.069999,244.59762763977048,0.28888888888888886,0
1596160030.079999,246.3960380554199,0.28888888888888886,0
1596160030.089999,248.19586467742917,0.28888888888888886,0
1596160030.099999,249.99860954284665,0.28888888888888886,0
1596160030.109999,251.79856491088864,0.28888888888888886,0
1596160030.119999,253.59594535827634,0.28888888888888886,0
1596160030.129999,255.3974456787109,0.28888888888888886,0
1596160030.139999,257.1968002319336,0.28888888888888886,0
1596160030.149999,258.99615478515625,0.28888888888888886,0
1596160030.159999,260.7987279891968,0.28888888888888886,0
1596160030.169999,262.5976963043213,0.28888888888888886,0
1596160030.1799989,264.3971366882324,0.28888888888888886,0
1596160030.1899989,266.1976070404053,0.28888888888888886,0
1596160030.1999989,267.99846363067627,0.28888888888888886,0
1596160030.2099988,269.7956295013428,0.28888888888888886,0
1596160030.2199988,271.5966577529907,0.28888888888888886,0
1596160030.2299988,273.3959264755249,0.28888888888888886,0
1596160030.2399988,275.1957960128784,0.28888888888888886,0
1596160030.2499988,276.99682426452637,0.28888888888888886,0
1596160030.2599988,278.7970371246338,0.28888888888888886,0
1596160030.2699988,280.5971212387085,0.28888888888888886,0
1596160030.2799988,282.3973340988159,0.28888888888888886,0
1596160030.2899988,284.197847366333,0.28888888888888886,0
1596160030.2999988,285.9955711364746,0.28888888888888886,0
1596160030.3099988,287.79728603363037,0.28888888888888886,0
1596160030.3199987,289.5971555709839,0.28888888888888886,0
1596160030.3299987,291.3972396850586,0.28888888888888886,0
1596160030.3399987,293.19646549224854,0.28888888888888886,0
1596160030.3499987,294.9974937438965,0.28888888888888886,0
1596160030.3599987,296.7974920272827,0.28888888888888886,0
1596160030.3699987,298.5977907180786,0.28888888888888886,0
1596160030.3799987,300.3983039855957,0.28888888888888886,0
1596160030.3899987,302.1976156234741,0.28888888888888886,0
1596160030.3999987,303.9958972930908,0.28888888888888886,0
1596160030.4099987,305.7955951690674,0.28888888888888886,0
1596160030.4199986,307.59606552124023,0.28888888888888886,0
1596160030.4299986,309.3980379104614,0.28888888888888886,0
1596160030.4399986,311.19692039489746,0.28888888888888886,0
1596160030.4499986,312.9973907470703,0.28888888888888886,0
1596160030.4599986,314.7988052368164,0.28888888888888886,0
1596160030.4699986,316.59567070007324,0.28888888888888886,0
1596160030.4799986,318.3974714279175,0.28888888888888886,0
1596160030.4899986,320.1974267959595,0.28888888888888886,0
1596160030.4999986,321.9978542327881,0.28888888888888886,0
1596160030.5099986,323.7987537384033,0.28888888888888886,0
1596160030.5199986,325.59875202178955,0.28888888888888886,0
1596160030.5299985,327.39737701416016,0.28888888888888886,0
1596160030.5399985,329.19634532928467,0.28888888888888886,0
1596160030.5499985,330.99574279785156,0.28888888888888886,0
1596160030.5599985,332.7981014251709,0.28888888888888886,0
1596160030.5699985,334.5984001159668,0.28888888888888886,0
1596160030.5799985,336.39663887023926,0.28888888888888886,0
1596160030.5899985,338.1974096298218,0.28888888888888886,0
1596160030.5999985,339.9957342147827,0.28888888888888886,0
1596160030.6099985,341.7984790802002,0.28888888888888886,0
1596160030.6199985,343.5986919403076,0.28888888888888886,0
1596160030.6299984,345.3983039855957,0.28888888888888886,0
1596160030.6399984,347.1980447769165,0.28888888888888886,0
1596160030.6499984,348.9967985153198,0.28888888888888886,0
1596160030.6599984,350.79838466644287,0.28888888888888886,0
1596160030.6699984,352.5971384048462,0.28888888888888886,0
1596160030.6799984,354.3971366882324,0.28888888888888886,0
1596160030.6899984,356.1958475112915,0.28888888888888886,0
1596160030.6999984,357.9980773925781,0.28888888888888886,0
1596160030.7099984,359.7963161468506,0.28888888888888886,0
1596160030.71115,360,0.28888888888888886,1
1596160030.71115,0,0,0
1596160030.72115,1.8028736114501953,0,0
1596160030.73115,3.6025285720825195,0,0
1596160030.74115,5.400981903076172,0,0
1596160030.75115,7.202868461608887,0,0
1596160030.7572744,8.30240249633789,0,0
1596160030.7572744,28.44902692244635,0.11192569125615812,0
1596160030.76115,29.14970574782477,0.11192569125615812,0
1596160030.7711499,30.94863114760504,0.11192569125615812,0
1596160030.7811499,32.747556547385315,0.11192569125615812,0
1596160030.7911499,34.548327306967835,0.11192569125615812,0
1596160030.8011498,36.34763894484625,0.11192569125615812,0
1596160030.8111498,38.14845261977301,0.11192569125615812,0
1596160030.8211498,39.94866547988043,0.11192569125615812,0
1596160030.8311498,41.749822477561096,0.11192569125615812,0
1596160030.8411498,43.54947743819342,0.11192569125615812,0
1596160030.8511498,45.34793076918708,0.11192569125615812,0
1596160030.8611498,47.14685616896735,0.11192569125615812,0
1596160030.8711498,48.94736943648444,0.11192569125615812,0
1596160030.8811498,50.74676690505134,0.11192569125615812,0
1596160030.8911498,52.54667935774909,0.11192569125615812,0
1596160030.9011497,54.346634725791084,0.11192569125615812,0
1596160030.9111497,56.14680467055427,0.11192569125615812,0
1596160030.9211497,57.949120382529365,0.11192569125615812,0
1596160030.9311497,59.7494619886695,0.11192569125615812,0
1596160030.9411497,61.54705701277839,0.11192569125615812,0
1596160030.9511497,63.347441534262764,0.11192569125615812,0
1596160030.9611497,65.1475685636817,0.11192569125615812,0
1596160030.9711497,66.94782433913336,0.11192569125615812,0
1596160030.9811497,68.74687848494635,0.11192569125615812,0
1596160030.9911497,70.54923711226569,0.11192569125615812,0
1596160031.0011497,72.34734712050543,0.11192569125615812,0
1596160031.0098972,73.92113862441168,0.11192569125615812,0
1596160031.0098972,73.92113862441168,0.11192569125615812,0
1596160031.0111496,74.14803204939948,0.11192569125615812,0
1596160031.0211496,75.9482449095069,0.11192569125615812,0
1596160031.0311496,77.7479857008277,0.11192569125615812,0
1596160031.0411496,79.54905686781989,0.11192569125615812,0
1596160031.0511496,81.34854016707526,0.11192569125615812,0
1596160031.0611496,83.14965424941168,0.11192569125615812,0
1596160031.0711496,84.94982419417487,0.11192569125615812,0
1596160031.0811496,86.74947915480719,0.11192569125615812,0
1596160031.0911496,88.5475462477027,0.11192569125615812,0
1596160031.1011496,90.34977612898932,0.11192569125615812,0
1596160031.1111495,92.14921651290045,0.11192569125615812,0
1596160031.1211495,93.94805608199225,0.11192569125615812,0
1596160031.1311495,95.74959931777106,0.11192569125615812,0
1596160031.1411495,97.54693684981451,0.11192569125615812,0
1596160031.1511495,99.3474501173316,0.11192569125615812,0
1596160031.1611495,101.14654717848883,0.11192569125615812,0
1596160031.1711495,102.94723210738287,0.11192569125615812,0
1596160031.1811495,104.74680123732672,0.11192569125615812,0
1596160031.1911495,106.54735742018805,0.11192569125615812,0
1596160031.2011495,108.34920106337653,0.11192569125615812,0
1596160031.2111495,110.14962850020514,0.11192569125615812,0
1596160031.2211494,111.94662270949469,0.11192569125615812,0
1596160031.2311494,113.74971089766608,0.11192569125615812,0
1596160031.2411494,115.54722009108649,0.11192569125615812,0
1596160031.2511494,117.34657464430914,0.11192569125615812,0
1596160031.2611494,119.14910493300543,0.11192569125615812,0
1596160031.2711494,120.94695744917975,0.11192569125615812,0
1596160031.2811494,122.7488869230567,0.11192569125615812,0
1596160031.2911494,124.5491856138526,0.11192569125615812,0
1596160031.3011494,126.34952721999274,0.11192569125615812,0
1596160031.3111494,128.14660725997078,0.11192569125615812,0
1596160031.3211493,129.94986710951912,0.11192569125615812,0
1596160031.3311493,131.74887833998787,0.11192569125615812,0
1596160031.3411493,133.54861913130867,0.11192569125615812,0
1596160031.3511493,135.34926114485847,0.11192569125615812,0
1596160031.3611493,137.1468990843116,0.11192569125615812,0
1596160031.3711493,138.94779858992683,0.11192569125615812,0
1596160031.3811493,140.74650941298592,0.11192569125615812,0
1596160031.3911493,142.54809556410896,0.11192569125615812,0
1596160031.4011493,144.3486517469703,0.11192569125615812,0
1596160031.4111493,146.1468475858985,0.11192569125615812,0
1596160031.4211493,147.94890580580818,0.11192569125615812,0
1596160031.4311492,149.74886117385017,0.11192569125615812,0
1596160031.4411492,151.54821572707283,0.11192569125615812,0
1596160031.4511492,153.34984479354011,0.11192569125615812,0
1596160031.4611492,155.14851270125496,0.11192569125615812,0
1596160031.4711492,156.94666562483894,0.11192569125615812,0
1596160031.4811492,158.74863801406013,0.11192569125615812,0
1596160031.4911492,160.54661927626717,0.11192569125615812,0
1596160031.5011492,162.34799085066902,0.11192569125615812,0
1596160031.5111492,164.1464870970069,0.11192569125615812,0
1596160031.5211492,165.9472149412452,0.11192569125615812,0
1596160031.5311491,167.74824319289314,0.11192569125615812,0
1596160031.5411491,169.54811273024666,0.11192569125615812,0
1596160031.5511491,171.34849725173103,0.11192569125615812,0
1596160031.5611491,173.14828095839607,0.11192569125615812,0
1596160031.571149,174.9486225645362,0.11192569125615812,0
1596160031.581149,176.74806294844734,0.11192569125615812,0
1596160031.591149,178.54823289321052,0.11192569125615812,0
1596160031.601149,180.34767327712166,0.11192569125615812,0
1596160031.611149,182.14934525893318,0.11192569125615812,0
1596160031.621149,183.94822774336922,0.11192569125615812,0
1596160031.631149,185.74968514845955,0.11192569125615812,0
1596160031.641149,187.54964051650154,0.11192569125615812,0
1596160031.651149,189.34848008559334,0.11192569125615812,0
1596160031.661149,191.146933416587,0.11192569125615812,0
1596160031.671149,192.94920621321785,0.11192569125615812,0
1596160031.681149,194.74886117385017,0.11192569125615812,0
1596160031.691149,196.54765782759773,0.11192569125615812,0
1596160031.701149,198.34709821150886,0.11192569125615812,0
1596160031.711149,200.1466673414527,0.11192569125615812,0
1596160031.721149,201.9469660322486,0.11192569125615812,0
1596160031.731149,203.74820886061775,0.11192569125615812,0
1596160031.741149,205.54661927626717,0.11192569125615812,0
1596160031.751149,207.34889207289802,0.11192569125615812,0
1596160031.761149,209.14880452559578,0.11192569125615812,0
1596160031.771149,210.94884572432625,0.11192569125615812,0
1596160031.781149,212.746955732566,0.11192569125615812,0
1596160031.791149,214.54944310591804,0.11192569125615812,0
1596160031.801149,216.34819684432136,0.11192569125615812,0
1596160031.811149,218.14789472029793,0.11192569125615812,0
1596160031.8211489,219.9475925962745,0.11192569125615812,0
1596160031.8311489,221.74840627120125,0.11192569125615812,0
1596160031.8411489,223.54758916304695,0.11192569125615812,0
1596160031.8511488,225.34647164748299,0.11192569125615812,0
1596160031.8611488,227.14973149703133,0.11192569125615812,0
1596160031.8711488,228.94904313490974,0.11192569125615812,0
1596160031.8811488,230.74741063521492,0.11192569125615812,0
1596160031.8911488,232.54655061171638,0.11192569125615812,0
1596160031.9011488,234.3484371702491,0.11192569125615812,0
1596160031.9111488,236.14659009383308,0.11192569125615812,0
1596160031.9211488,237.94963536666023,0.11192569125615812,0
1596160031.9311488,239.7468870680152,0.11192569125615812,0
1596160031.9411488,241.5476149122535,0.11192569125615812,0
1596160031.9511487,243.34877190993416,0.11192569125615812,0
1596160031.9611487,245.148341039878,0.11192569125615812,0
1596160031.9711487,246.94692311690437,0.11192569125615812,0
1596160031.9811487,248.74717889235603,0.11192569125615812,0
1596160031.9911487,250.54820714400398,0.11192569125615812,0
1596160032.0011487,252.34816251204597,0.11192569125615812,0
1596160032.0111487,254.14889035628426,0.11192569125615812,0
1596160032.0211487,255.94884572432625,0.11192569125615812,0
1596160032.0311487,257.74901566908943,0.11192569125615812,0
1596160032.0411487,259.5484989683448,0.11192569125615812,0
1596160032.0511487,261.34682355330574,0.11192569125615812,0
1596160032.0611486,263.1487530271827,0.11192569125615812,0
1596160032.0711486,264.9492662946998,0.11192569125615812,0
1596160032.0811486,266.74771962569343,0.11192569125615812,0
1596160032.0911486,268.54716000960457,0.11192569125615812,0
1596160032.1011486,270.34788785384285,0.11192569125615812,0
1596160032.1111486,272.1493881742774,0.11192569125615812,0
1596160032.1211486,273.9493435423194,0.11192569125615812,0
1596160032.1311486,275.7473677198707,0.11192569125615812,0
1596160032.1411486,277.54672227309334,0.11192569125615812,0
1596160032.1511486,279.34813676283943,0.11192569125615812,0
1596160032.1611485,281.14834962294685,0.11192569125615812,0
1596160032.1711485,282.94740376875984,0.11192569125615812,0
1596160032.1811485,284.74804578230965,0.11192569125615812,0
1596160032.1911485,286.5474003355323,0.11192569125615812,0
1596160032.2011485,288.3482569258033,0.11192569125615812,0
1596160032.2111485,290.1486414472877,0.11192569125615812,0
1596160032.2211485,291.9494122068702,0.11192569125615812,0
1596160032.2311485,293.7496250669776,0.11192569125615812,0
1596160032.2411485,295.547305921775,0.11192569125615812,0
1596160032.2511485,297.3496645490943,0.11192569125615812,0
1596160032.2611485,299.14687333510506,0.11192569125615812,0
1596160032.2711484,300.94927487776863,0.11192569125615812,0
1596160032.2811484,302.74644074843513,0.11192569125615812,0
1596160032.288761,304.11659894393074,0.11192569125615812,0
1596160032.288761,304.11659894393074,0.11192569125615812,0
1596160032.2911484,304.5484131376563,0.11192569125615812,0
1596160032.3011484,306.34639439986336,0.11192569125615812,0
1596160032.3111484,308.1492250959693,0.11192569125615812,0
1596160032.3211484,309.9489658872901,0.11192569125615812,0
1596160032.3311484,311.74862084792244,0.11192569125615812,0
1596160032.3411484,313.54947743819343,0.11192569125615812,0
1596160032.3511484,315.34866033003914,0.11192569125615812,0
1596160032.3611484,317.14943108962166,0.11192569125615812,0
1596160032.3711483,318.94951520369636,0.11192569125615812,0
1596160032.3811483,320.74711022780525,0.11192569125615812,0
1596160032.3911483,322.5495976011573,0.11192569125615812,0
1596160032.4011483,324.3482225935279,0.11192569125615812,0
1596160032.4111483,326.14641843245613,0.11192569125615812,0
1596160032.4211483,327.9480045835792,0.11192569125615812,0
1596160032.4311483,329.7488611738502,0.11192569125615812,0
1596160032.4411483,331.5476149122535,0.11192569125615812,0
1596160032.4511483,333.34739861891853,0.11192569125615812,0
1596160032.4611483,335.1466673414527,0.11192569125615812,0
1596160032.4711483,336.9473093550025,0.11192569125615812,0
1596160032.4811482,338.74730763838875,0.11192569125615812,0
1596160032.4911482,340.54863629744636,0.11192569125615812,0
1596160032.5011482,342.34880624220955,0.11192569125615812,0
1596160032.5111482,344.1467875044166,0.11192569125615812,0
1596160032.5211482,345.9471291105567,0.11192569125615812,0
1596160032.5311482,347.7485436003028,0.11192569125615812,0
1596160032.5411482,349.54686818526375,0.11192569125615812,0
1596160032.5511482,351.3473385374366,0.11192569125615812,0
1596160032.5611482,353.14737973616707,0.11192569125615812,0
1596160032.5711482,354.9487513105689,0.11192569125615812,0
1596160032.5811481,356.74716172621834,0.11192569125615812,0
1596160032.5911481,358.5464304487525,0.11192569125615812,0
1596160032.5992243,360,0.11192569125615812,1
1596160032.5992243,0,0,0
1596160032.6092243,1.8030452728271484,0,0
1596160032.6192243,3.6014556884765625,0,0
1596160032.6292243,5.400252342224121,0,0
1596160032.6392243,7.199993133544922,0,0
1596160032.6492243,9.000420570373535,0,0
1596160032.6592243,10.80054759979248,0,0
1596160032.6692243,12.60033130645752,0,0
1596160032.6792243,14.402174949645996,0,0
1596160032.6892242,16.20213031768799,0,0
1596160032.6992242,18.00114154815674,0,0
1596160032.7092242,19.80062484741211,0,0
1596160032.7192242,21.600065231323242,0,0
1596160032.7292242,23.400578498840332,0,0
1596160032.7392242,25.201306343078613,0,0
1596160032.7492242,27.002291679382324,0,0
1596160032.7592242,28.80237579345703,0,0
1596160032.7692242,30.601773262023926,0,0
1596160032.7792242,32.40018367767334,0,0
1596160032.7892241,34.200825691223145,0,0
1596160032.7992241,36.001811027526855,0,0
1596160032.8092241,37.80022144317627,0,0
1596160032.819224,39.60090637207031,0,0
1596160032.829224,41.400861740112305,0,0
1596160032.839224,43.20103168487549,0,0
1596160032.849224,45.00175952911377,0,0
1596160032.859224,46.80244445800781,0,0
1596160032.869224,48.60132694244385,0,0
1596160032.879224,50.4003381729126,0,0
1596160032.889224,52.19999313354492,0,0
1596160032.899224,53.99999141693115,0,0
1596160032.909224,55.80222129821777,0,0
1596160032.919224,57.60307788848877,0,0
1596160032.929224,59.40281867980957,0,0
1596160032.939224,61.200242042541504,0,0
1596160032.949224,63.00161361694336,0,0
1596160032.959224,64.80264186859131,0,0
1596160032.969224,66.60062313079834,0,0
1596160032.979224,68.40057849884033,0,0
1596160032.989224,70.20122051239014,0,0
1596160032.999224,72.00284957885742,0,0
1596160033.009224,73.80280494689941,0,0
1596160033.0101147,73.96026134490967,0,0
1596160033.0101147,73.96026134490967,0.0,0
1596160033.019224,75.60237407684326,0.0,0
1596160033.029224,77.4021577835083,0.0,0
1596160033.039224,79.20001029968262,0.0,0
1596160033.049224,81.00206851959229,0.0,0
1596160033.059224,82.803053855896,0.0,0
1596160033.0692239,84.60069179534912,0.0,0
1596160033.0792239,86.40008926391602,0.0,0
1596160033.0892239,88.20111751556396,0.0,0
1596160033.0992239,90.00248908996582,0.0,0
1596160033.1092238,91.80158615112305,0.0,0
1596160033.1192238,93.6003828048706,0.0,0
1596160033.1292238,95.39990901947021,0.0,0
1596160033.1392238,97.20080852508545,0.0,0
1596160033.1492238,99.00222301483154,0.0,0
1596160033.1592238,100.8019208908081,0.0,0
1596160033.1692238,102.60067462921143,0.0,0
1596160033.1792238,104.40067291259766,0.0,0
1596160033.1892238,106.2002420425415,0.0,0
1596160033.1992238,108.00191402435303,0.0,0
1596160033.2092237,109.80152606964111,0.0,0
1596160033.2192237,111.60285472869873,0.0,0
1596160033.2292237,113.40010643005371,0.0,0
1596160033.2392237,115.20293712615967,0.0,0
1596160033.2492237,117.0027208328247,0.0,0
1596160033.2592237,118.80203247070312,0.0,0
1596160033.2692237,120.60125827789307,0.0,0
1596160033.2792237,122.40091323852539,0.0,0
1596160033.2892237,124.20224189758301,0.0,0
1596160033.2992237,126.00155353546143,0.0,0
1596160033.3092237,127.8015947341919,0.0,0
1596160033.3192236,129.60197925567627,0.0,0
1596160033.3292236,131.4010763168335,0.0,0
1596160033.3392236,133.20000171661377,0.0,0
1596160033.3492236,135.00150203704834,0.0,0
1596160033.3592236,136.8014144897461,0.0,0
1596160033.3692236,138.60158443450928,0.0,0
1596160033.3792236,140.40115356445312,0.0,0
1596160033.3892236,142.20016479492188,0.0,0
1596160033.3992236,144.00192260742188,0.0,0
1596160033.4092236,145.8026933670044,0.0,0
1596160033.4192235,147.60294914245605,0.0,0
1596160033.4292235,149.40303325653076,0.0,0
1596160033.4392235,151.20251655578613,0.0,0
1596160033.4492235,153.00122737884521,0.0,0
1596160033.4592235,154.80272769927979,0.0,0
1596160033.4692235,156.60083770751953,0.0,0
1596160033.4792235,158.40049266815186,0.0,0
1596160033.4892235,160.20169258117676,0.0,0
1596160033.4992235,162.0012617111206,0.0,0
1596160033.5092235,163.80173206329346,0.0,0
1596160033.5192235,165.6013011932373,0.0,0
1596160033.5292234,167.40185737609863,0.0,0
1596160033.5392234,169.2027997970581,0.0,0
1596160033.5492234,171.0029697418213,0.0,0
1596160033.5592234,172.80253887176514,0.0,0
1596160033.5692234,174.6000051498413,0.0,0
1596160033.5792234,176.40000343322754,0.0,0
1596160033.5892234,178.20034503936768,0.0,0
1596160033.5992234,180.00141620635986,0.0,0
1596160033.6092234,181.8014144897461,0.0,0
1596160033.6192234,183.6000394821167,0.0,0
1596160033.6292233,185.40299892425537,0.0,0
1596160033.6392233,187.20235347747803,0.0,0
1596160033.6492233,189.00192260742188,0.0,0
1596160033.6592233,190.8008909225464,0.0,0
1596160033.6692233,192.60088920593262,0.0,0
1596160033.6792233,194.40170288085938,0.0,0
1596160033.6892233,196.20140075683594,0.0,0
1596160033.6992233,198.0019998550415,0.0,0
1596160033.7092233,199.80002403259277,0.0,0
1596160033.7192233,201.60096645355225,0.0,0
1596160033.7292233,203.40195178985596,0.0,0
1596160033.7392232,205.20199298858643,0.0,0
1596160033.7492232,207.00156211853027,0.0,0
1596160033.7592232,208.80014419555664,0.0,0
1596160033.7692232,210.6002712249756,0.0,0
1596160033.7792232,212.4020290374756,0.0,0
1596160033.7892232,214.20254230499268,0.0,0
1596160033.7992232,216.00082397460938,0.0,0
1596160033.8092232,217.80232429504395,0.0,0
1596160033.8192232,219.60275173187256,0.0,0
1596160033.8292232,221.40244960784912,0.0,0
1596160033.8392231,223.2024908065796,0.0,0
1596160033.8492231,225.0013303756714,0.0,0
1596160033.8592231,226.80038452148438,0.0,0
1596160033.869223,228.60192775726318,0.0,0
1596160033.879223,230.39995193481445,0.0,0
1596160033.889223,232.20273971557617,0.0,0
1596160033.899223,234.00179386138916,0.0,0
1596160033.909223,235.7999038696289,0.0,0
1596160033.919223,237.60071754455566,0.0,0
1596160033.929223,239.40157413482666,0.0,0
1596160033.939223,241.20049953460693,0.0,0
1596160033.949223,243.00157070159912,0.0,0
1596160033.959223,244.79998111724854,0.0,0
1596160033.969223,246.59997940063477,0.0,0
1596160033.979223,248.40079307556152,0.0,0
1596160033.989223,250.20233631134033,0.0,0
1596160033.999223,252.0027208328247,0.0,0
1596160034.009223,253.80014419555664,0.0,0
1596160034.019223,255.60104370117188,0.0,0
1596160034.029223,257.40190029144287,0.0,0
1596160034.039223,259.20073986053467,0.0,0
1596160034.049223,261.00215435028076,0.0,0
1596160034.059223,262.80022144317627,0.0,0
1596160034.069223,264.6000051498413,0.0,0
1596160034.079223,266.4021062850952,0.0,0
1596160034.089223,268.20167541503906,0.0,0
1596160034.099223,270.0009870529175,0.0,0
1596160034.109223,271.80283069610596,0.0,0
1596160034.1192229,273.6005973815918,0.0,0
1596160034.1292229,275.4024839401245,0.0,0
1596160034.1392229,277.2002935409546,0.0,0
1596160034.1492229,279.0021800994873,0.0,0
1596160034.1592228,280.80273628234863,0.0,0
1596160034.1692228,282.6018762588501,0.0,0
1596160034.1792228,284.3997287750244,0.0,0
1596160034.1892228,286.20255947113037,0.0,0
1596160034.1992228,288.00049781799316,0.0,0
1596160034.2092228,289.80191230773926,0.0,0
1596160034.2192228,291.60130977630615,0.0,0
1596160034.2292228,293.40263843536377,0.0,0
1596160034.2392228,295.20289421081543,0.0,0
1596160034.2492228,297.001690864563,0.0,0
1596160034.2592227,298.8002300262451,0.0,0
1596160034.2692227,300.60057163238525,0.0,0
1596160034.2792227,302.39975452423096,0.0,0
1596160034.2876976,303.92518043518066,0.0,0
1596160034.2876976,303.92518043518066,0.0,0
1596160034.2892227,304.2009973526001,0.0,0
1596160034.2992227,305.9999656677246,0.0,0
1596160034.3092227,307.79974937438965,0.0,0
1596160034.3192227,309.60253715515137,0.0,0
1596160034.3292227,311.4015054702759,0.0,0
1596160034.3392227,313.20055961608887,0.0,0
1596160034.3492227,314.99982833862305,0.0,0
1596160034.3592227,316.8002128601074,0.0,0
1596160034.3692226,318.6023998260498,0.0,0
1596160034.3792226,320.40205478668213,0.0,0
1596160034.3892226,322.20149517059326,0.0,0
1596160034.3992226,324.0028238296509,0.0,0
1596160034.4092226,325.8002042770386,0.0,0
1596160034.4192226,327.60127544403076,0.0,0
1596160034.4292226,329.400372505188,0.0,0
1596160034.4392226,331.20084285736084,0.0,0
1596160034.4492226,333.001914024353,0.0,0
1596160034.4592226,334.80023860931396,0.0,0
1596160034.4692225,336.6001081466675,0.0,0
1596160034.4792225,338.4019088745117,0.0,0
1596160034.4892225,340.2001476287842,0.0,0
1596160034.4992225,342.00242042541504,0.0,0
1596160034.5092225,343.8006591796875,0.0,0
1596160034.5192225,345.6001853942871,0.0,0
1596160034.5292225,347.40044116973877,0.0,0
1596160034.5392225,349.2028856277466,0.0,0
1596160034.5492225,351.00125312805176,0.0,0
1596160034.5592225,352.80288219451904,0.0,0
1596160034.5692225,354.5996618270874,0.0,0
1596160034.5792224,356.40137672424316,0.0,0
1596160034.5892224,358.2003879547119,0.0,0
1596160034.5992348,360,0.0,1
1596160034.5992348,0,0,0
1596160034.6092348,1.8020153045654297,0,0
1596160034.6192348,3.603215217590332,0,0
1596160034.6292348,5.401153564453125,0,0
1596160034.6392348,7.202181816101074,0,0
1596160034.6492348,9.000892639160156,0,0
1596160034.6592348,10.801835060119629,0,0
1596160034.6692348,12.602648735046387,0,0
1596160034.6792347,14.401187896728516,0,0
1596160034.6892347,16.20260238647461,0,0
1596160034.6992347,18.002772331237793,0,0
1596160034.7092347,19.800453186035156,0,0
1596160034.7192347,21.601524353027344,0,0
1596160034.7292347,23.40212345123291,0,0
1596160034.7392347,25.20087718963623,0,0
1596160034.7492347,27.001476287841797,0,0
1596160034.7592347,28.800315856933594,0,0
1596160034.7692347,30.599970817565918,0,0
1596160034.7792346,32.40318775177002,0,0
1596160034.7892346,34.201297760009766,0,0
1596160034.7992346,36.00000858306885,0,0
1596160034.8092346,37.800564765930176,0,0
1596160034.8192346,39.6027946472168,0,0
1596160034.8292346,41.40322208404541,0,0
1596160034.8392346,43.20146083831787,0,0
1596160034.8492346,45.00180244445801,0,0
1596160034.8592346,46.80270195007324,0,0
1596160034.8692346,48.60068321228027,0,0
1596160034.8792346,50.40252685546875,0,0
1596160034.8892345,52.200894355773926,0,0
1596160034.8992345,54.001922607421875,0,0
1596160034.9092345,55.801405906677246,0,0
1596160034.9192345,57.60106086730957,0,0
1596160034.9292345,59.40007209777832,0,0
1596160034.9392345,61.202945709228516,0,0
1596160034.9492345,63.0010986328125,0,0
1596160034.9592345,64.80041027069092,0,0
1596160034.9692345,66.60049438476562,0,0
1596160034.9792345,68.40117931365967,0,0
1596160034.9892344,70.20302295684814,0,0
1596160034.9992344,72.00078964233398,0,0
1596160035.0092344,73.8030195236206,0,0
1596160035.0103095,73.99343490600586,0,0
1596160035.0103095,73.99343490600586,0.0,0
1596160035.0192344,75.60027122497559,0.0,0
1596160035.0292344,77.40284442901611,0.0,0
1596160035.0392344,79.20322895050049,0.0,0
1596160035.0492344,81.0010814666748,0.0,0
1596160035.0592344,82.80142307281494,0.0,0
1596160035.0692344,84.60275173187256,0.0,0
1596160035.0792344,86.40060424804688,0.0,0
1596160035.0892344,88.20176124572754,0.0,0
1596160035.0992343,90.00188827514648,0.0,0
1596160035.1092343,91.8028736114502,0.0,0
1596160035.1192343,93.60051155090332,0.0,0
1596160035.1292343,95.40072441101074,0.0,0
1596160035.1392343,97.20115184783936,0.0,0
1596160035.1492343,99.00321006774902,0.0,0
1596160035.1592343,100.80029010772705,0.0,0
1596160035.1692343,102.60084629058838,0.0,0
1596160035.1792343,104.40187454223633,0.0,0
1596160035.1892343,106.20110034942627,0.0,0
1596160035.1992342,108.00234317779541,0.0,0
1596160035.2092342,109.80186939239502,0.0,0
1596160035.2192342,111.60027980804443,0.0,0
1596160035.2292342,113.40113639831543,0.0,0
1596160035.2392342,115.20293712615967,0.0,0
1596160035.2492342,117.00066089630127,0.0,0
1596160035.2592342,118.80027294158936,0.0,0
1596160035.2692342,120.59988498687744,0.0,0
1596160035.2792342,122.4015998840332,0.0,0
1596160035.2892342,124.20052528381348,0.0,0
1596160035.2992342,126.00133895874023,0.0,0
1596160035.3092341,127.80296802520752,0.0,0
1596160035.3192341,129.60232257843018,0.0,0
1596160035.3292341,131.4017629623413,0.0,0
1596160035.339234,133.2003879547119,0.0,0
1596160035.349234,135.00184535980225,0.0,0
1596160035.359234,136.8021011352539,0.0,0
1596160035.369234,138.60300064086914,0.0,0
1596160035.379234,140.4001235961914,0.0,0
1596160035.389234,142.20261096954346,0.0,0
1596160035.399234,144.0009355545044,0.0,0
1596160035.409234,145.80140590667725,0.0,0
1596160035.419234,147.6020908355713,0.0,0
1596160035.429234,149.4009304046631,0.0,0
1596160035.439234,151.20273113250732,0.0,0
1596160035.449234,153.00096988677979,0.0,0
1596160035.459234,154.8030710220337,0.0,0
1596160035.469234,156.60268306732178,0.0,0
1596160035.479234,158.4005355834961,0.0,0
1596160035.489234,160.20199298858643,0.0,0
1596160035.499234,162.00044631958008,0.0,0
1596160035.509234,163.80104541778564,0.0,0
1596160035.519234,165.60271739959717,0.0,0
1596160035.529234,167.40172863006592,0.0,0
1596160035.539234,169.2027997970581,0.0,0
1596160035.549234,171.00168228149414,0.0,0
1596160035.559234,172.8031826019287,0.0,0
1596160035.569234,174.60232257843018,0.0,0
1596160035.579234,176.40069007873535,0.0,0
1596160035.5892339,178.2010316848755,0.0,0
1596160035.5992339,180.00197410583496,0.0,0
1596160035.6092339,181.80304527282715,0.0,0
1596160035.6192338,183.60106945037842,0.0,0
1596160035.6292338,185.40175437927246,0.0,0
1596160035.6392338,187.20072269439697,0.0,0
1596160035.6492338,189.00140762329102,0.0,0
1596160035.6592338,190.80110549926758,0.0,0
1596160035.6692338,192.60136127471924,0.0,0
1596160035.6792338,194.4002866744995,0.0,0
1596160035.6892338,196.20140075683594,0.0,0
1596160035.6992338,198.0027723312378,0.0,0
1596160035.7092338,199.8006248474121,0.0,0
1596160035.7192338,201.5998935699463,0.0,0
1596160035.7292337,203.40130805969238,0.0,0
1596160035.7392337,205.2009630203247,0.0,0
1596160035.7492337,207.0002317428589,0.0,0
1596160035.7592337,208.80018711090088,0.0,0
1596160035.7692337,210.60009956359863,0.0,0
1596160035.7792337,212.40314483642578,0.0,0
1596160035.7892337,214.20069694519043,0.0,0
1596160035.7992337,216.00030899047852,0.0,0
1596160035.8092337,217.80163764953613,0.0,0
1596160035.8192337,219.60266590118408,0.0,0
1596160035.8292336,221.40305042266846,0.0,0
1596160035.8392336,223.2029628753662,0.0,0
1596160035.8492336,225.00304698944092,0.0,0
1596160035.8592336,226.8000841140747,0.0,0
1596160035.8692336,228.60304355621338,0.0,0
1596160035.8792336,230.402569770813,0.0,0
1596160035.8892336,232.20145225524902,0.0,0
1596160035.8992336,234.00286674499512,0.0,0
1596160035.9092336,235.80063343048096,0.0,0
1596160035.9192336,237.60050296783447,0.0,0
1596160035.9292336,239.40178871154785,0.0,0
1596160035.9392335,241.202130317688,0.0,0
1596160035.9492335,243.00114154815674,0.0,0
1596160035.9592335,244.80109691619873,0.0,0
1596160035.9692335,246.60251140594482,0.0,0
1596160035.9792335,248.40027809143066,0.0,0
1596160035.9892335,250.20182132720947,0.0,0
1596160035.9992335,252.00156211853027,0.0,0
1596160036.0092335,253.80138874053955,0.0,0
1596160036.0192335,255.60194492340088,0.0,0
1596160036.0292335,257.4016857147217,0.0,0
1596160036.0392334,259.2003536224365,0.0,0
1596160036.0492334,261.0011672973633,0.0,0
1596160036.0592334,262.80133724212646,0.0,0
1596160036.0692334,264.6011209487915,0.0,0
1596160036.0792334,266.40159130096436,0.0,0
1596160036.0892334,268.20257663726807,0.0,0
1596160036.0992334,269.99974250793457,0.0,0
1596160036.1092334,271.80068492889404,0.0,0
1596160036.1192334,273.602614402771,0.0,0
1596160036.1292334,275.40093898773193,0.0,0
1596160036.1392334,277.2025680541992,0.0,0
1596160036.1492333,279.0018367767334,0.0,0
1596160036.1592333,280.8020067214966,0.0,0
1596160036.1692333,282.6003313064575,0.0,0
1596160036.1792333,284.40080165863037,0.0,0
1596160036.1892333,286.2013578414917,0.0,0
1596160036.1992333,288.0014419555664,0.0,0
1596160036.2092333,289.80255603790283,0.0,0
1596160036.2192333,291.60083770751953,0.0,0
1596160036.2292333,293.40062141418457,0.0,0
1596160036.2392333,295.2020788192749,0.0,0
1596160036.2492332,297.00297832489014,0.0,0
1596160036.2592332,298.8027620315552,0.0,0
1596160036.2692332,300.60065746307373,0.0,0
1596160036.2792332,302.40190029144287,0.0,0
1596160036.2879155,303.96251678466797,0.0,0
1596160036.2879155,303.96251678466797,0.0,0
1596160036.2892332,304.2002248764038,0.0,0
1596160036.2992332,306.0008239746094,0.0,0
1596160036.3092332,307.8006935119629,0.0,0
1596160036.3192332,309.59991931915283,0.0,0
1596160036.3292332,311.40021800994873,0.0,0
1596160036.3392332,313.2010316848755,0.0,0
1596160036.3492332,315.0004720687866,0.0,0
1596160036.3592331,316.8018865585327,0.0,0
1596160036.3692331,318.6019706726074,0.0,0
1596160036.3792331,320.4028272628784,0.0,0
1596160036.389233,322.20282554626465,0.0,0
1596160036.399233,324.00166511535645,0.0,0
1596160036.409233,325.80153465270996,0.0,0
1596160036.419233,327.6005029678345,0.0,0
1596160036.429233,329.40157413482666,0.0,0
1596160036.439233,331.20041370391846,0.0,0
1596160036.449233,333.00049781799316,0.0,0
1596160036.459233,334.8017406463623,0.0,0
1596160036.469233,336.60186767578125,0.0,0
1596160036.479233,338.4022092819214,0.0,0
1596160036.489233,340.20031929016113,0.0,0
1596160036.499233,342.00207710266113,0.0,0
1596160036.509233,343.80035877227783,0.0,0
1596160036.519233,345.60168743133545,0.0,0
1596160036.529233,347.40211486816406,0.0,0
1596160036.539233,349.20275688171387,0.0,0
1596160036.549233,351.0005235671997,0.0,0
1596160036.559233,352.8023672103882,0.0,0
1596160036.569233,354.601035118103,0.0,0
1596160036.579233,356.4026641845703,0.0,0
1596160036.589233,358.20008754730225,0.0,0
1596160036.599241,360,0.0,1
1596160036.599241,0,0,0
1596160036.609241,1.8027448654174805,0,0
1596160036.619241,3.6028289794921875,0,0
1596160036.629241,5.403299331665039,0,0
1596160036.639241,7.200465202331543,0,0
1596160036.649241,9.001836776733398,0,0
1596160036.659241,10.801706314086914,0,0
1596160036.669241,12.60080337524414,0,0
1596160036.679241,14.401273727416992,0,0
1596160036.689241,16.20285987854004,0,0
1596160036.699241,18.003244400024414,0,0
1596160036.709241,19.80234146118164,0,0
1596160036.719241,21.600923538208008,0,0
1596160036.729241,23.402681350708008,0,0
1596160036.739241,25.200963020324707,0,0
1596160036.7492409,27.00143337249756,0,0
1596160036.7592409,28.800530433654785,0,0
1596160036.7692409,30.60215950012207,0,0
1596160036.7792408,32.40211486816406,0,0
1596160036.7892408,34.200782775878906,0,0
1596160036.7992408,36.00142478942871,0,0
1596160036.8092408,37.803096771240234,0,0
1596160036.8192408,39.603095054626465,0,0
1596160036.8292408,41.403350830078125,0,0
1596160036.8392408,43.20304870605469,0,0
1596160036.8492408,45.00068664550781,0,0
1596160036.8592408,46.80154323577881,0,0
1596160036.8692408,48.601927757263184,0,0
1596160036.8792408,50.402183532714844,0,0
1596160036.8892407,52.20256805419922,0,0
1596160036.8992407,54.00024890899658,0,0
1596160036.9092407,55.80080509185791,0,0
1596160036.9192407,57.59998798370361,0,0
1596160036.9292407,59.40329074859619,0,0
1596160036.9392407,61.20075702667236,0,0
1596160036.9492407,63.00041198730469,0,0
1596160036.9592407,64.80208396911621,0,0
1596160036.9692407,66.60019397735596,0,0
1596160036.9792407,68.40036392211914,0,0
1596160036.9892406,70.20109176635742,0,0
1596160036.9992406,72.00040340423584,0,0
1596160037.0092406,73.79992961883545,0,0
1596160037.0105338,74.03270244598389,0,0
1596160037.0105338,74.03270244598389,0.0,0
1596160037.0192406,75.60100078582764,0.0,0
1596160037.0292406,77.39992618560791,0.0,0
1596160037.0392406,79.20086860656738,0.0,0
1596160037.0492406,81.00099563598633,0.0,0
1596160037.0592406,82.80253887176514,0.0,0
1596160037.0692406,84.60262298583984,0.0,0
1596160037.0792406,86.40129089355469,0.0,0
1596160037.0892406,88.20322036743164,0.0,0
1596160037.0992405,90.00253200531006,0.0,0
1596160037.1092405,91.79995536804199,0.0,0
1596160037.1192405,93.602614402771,0.0,0
1596160037.1292405,95.40209770202637,0.0,0
1596160037.1392405,97.20050811767578,0.0,0
1596160037.1492405,99.00149345397949,0.0,0
1596160037.1592405,100.80132007598877,0.0,0
1596160037.1692405,102.60028839111328,0.0,0
1596160037.1792405,104.40101623535156,0.0,0
1596160037.1892405,106.20268821716309,0.0,0
1596160037.1992404,108.00307273864746,0.0,0
1596160037.2092404,109.80105400085449,0.0,0
1596160037.2192404,111.60143852233887,0.0,0
1596160037.2292404,113.4032392501831,0.0,0
1596160037.2392404,115.20310878753662,0.0,0
1596160037.2492404,117.00173377990723,0.0,0
1596160037.2592404,118.80259037017822,0.0,0
1596160037.2692404,120.60001373291016,0.0,0
1596160037.2792404,122.39996910095215,0.0,0
1596160037.2892404,124.20018196105957,0.0,0
1596160037.2992404,126.00241184234619,0.0,0
1596160037.3092403,127.80035018920898,0.0,0
1596160037.3192403,129.60219383239746,0.0,0
1596160037.3292403,131.40249252319336,0.0,0
1596160037.3392403,133.2022762298584,0.0,0
1596160037.3492403,135.00218868255615,0.0,0
1596160037.3592403,136.8014144897461,0.0,0
1596160037.3692403,138.6009407043457,0.0,0
1596160037.3792403,140.4017972946167,0.0,0
1596160037.3892403,142.2013235092163,0.0,0
1596160037.3992403,144.0030813217163,0.0,0
1596160037.4092402,145.80295085906982,0.0,0
1596160037.4192402,147.60123252868652,0.0,0
1596160037.4292402,149.4005012512207,0.0,0
1596160037.4392402,151.19985580444336,0.0,0
1596160037.4492402,153.00045490264893,0.0,0
1596160037.4592402,154.8019552230835,0.0,0
1596160037.4692402,156.6022539138794,0.0,0
1596160037.4792402,158.40023517608643,0.0,0
1596160037.4892402,160.2009630203247,0.0,0
1596160037.4992402,162.00177669525146,0.0,0
1596160037.5092402,163.8001012802124,0.0,0
1596160037.5192401,165.60134410858154,0.0,0
1596160037.5292401,167.40026950836182,0.0,0
1596160037.5392401,169.20318603515625,0.0,0
1596160037.54924,171.00013732910156,0.0,0
1596160037.55924,172.801251411438,0.0,0
1596160037.56924,174.60159301757812,0.0,0
1596160037.57924,176.40026092529297,0.0,0
1596160037.58924,178.20163249969482,0.0,0
1596160037.59924,180.00205993652344,0.0,0
1596160037.60924,181.8006420135498,0.0,0
1596160037.61924,183.60304355621338,0.0,0
1596160037.62924,185.4005527496338,0.0,0
1596160037.63924,187.20226764678955,0.0,0
1596160037.64924,188.99999141693115,0.0,0
1596160037.65924,190.80204963684082,0.0,0
1596160037.66924,192.60213375091553,0.0,0
1596160037.67924,194.40277576446533,0.0,0
1596160037.68924,196.2011432647705,0.0,0
1596160037.69924,198.00105571746826,0.0,0
1596160037.70924,199.80010986328125,0.0,0
1596160037.71924,201.60199642181396,0.0,0
1596160037.72924,203.4005355834961,0.0,0
1596160037.73924,205.20087718963623,0.0,0
1596160037.74924,207.00130462646484,0.0,0
1596160037.75924,208.80220413208008,0.0,0
1596160037.76924,210.60250282287598,0.0,0
1596160037.77924,212.40129947662354,0.0,0
1596160037.78924,214.20146942138672,0.0,0
1596160037.7992399,216.0000514984131,0.0,0
1596160037.8092399,217.80120849609375,0.0,0
1596160037.8192399,219.60249423980713,0.0,0
1596160037.8292398,221.4012908935547,0.0,0
1596160037.8392398,223.2028341293335,0.0,0
1596160037.8492398,225.00158786773682,0.0,0
1596160037.8592398,226.80012702941895,0.0,0
1596160037.8692398,228.6000394821167,0.0,0
1596160037.8792398,230.4014539718628,0.0,0
1596160037.8892398,232.2011947631836,0.0,0
1596160037.8992398,234.00080680847168,0.0,0
1596160037.9092398,235.8023500442505,0.0,0
1596160037.9192398,237.60058879852295,0.0,0
1596160037.9292397,239.40187454223633,0.0,0
1596160037.9392397,241.2000274658203,0.0,0
1596160037.9492397,243.00157070159912,0.0,0
1596160037.9592397,244.8025131225586,0.0,0
1596160037.9692397,246.6022539138794,0.0,0
1596160037.9792397,248.401780128479,0.0,0
1596160037.9892397,250.2013921737671,0.0,0
1596160037.9992397,252.0009183883667,0.0,0
1596160038.0092397,253.80151748657227,0.0,0
1596160038.0192397,255.60258865356445,0.0,0
1596160038.0292397,257.4011278152466,0.0,0
1596160038.0392396,259.20284271240234,0.0,0
1596160038.0492396,260.99979400634766,0.0,0
1596160038.0592396,262.80155181884766,0.0,0
1596160038.0692396,264.60107803344727,0.0,0
1596160038.0792396,266.4024066925049,0.0,0
1596160038.0892396,268.20030212402344,0.0,0
1596160038.0992396,270.0003433227539,0.0,0
1596160038.1092396,271.8012857437134,0.0,0
1596160038.1192396,273.60119819641113,0.0,0
1596160038.1292396,275.4009819030762,0.0,0
1596160038.1392395,277.201452255249,0.0,0
1596160038.1492395,279.00166511535645,0.0,0
1596160038.1592395,280.8000326156616,0.0,0
1596160038.1692395,282.60260581970215,0.0,0
1596160038.1792395,284.402174949646,0.0,0
1596160038.1892395,286.2024736404419,0.0,0
1596160038.1992395,288.0030298233032,0.0,0
1596160038.2092395,289.8025131225586,0.0,0
1596160038.2192395,291.60242557525635,0.0,0
1596160038.2292395,293.4027671813965,0.0,0
1596160038.2392395,295.20044803619385,0.0,0
1596160038.2492394,297.00109004974365,0.0,0
1596160038.2592394,298.8012170791626,0.0,0
1596160038.2692394,300.6010437011719,0.0,0
1596160038.2792394,302.4017286300659,0.0,0
1596160038.288141,304.0019989013672,0.0,0
1596160038.288141,304.0019989013672,0.0,0
1596160038.2892394,304.20159816741943,0.0,0
1596160038.2992394,306.00258350372314,0.0,0
1596160038.3092394,307.8009510040283,0.0,0
1596160038.3192394,309.60275173187256,0.0,0
1596160038.3292394,311.40124797821045,0.0,0
1596160038.3392394,313.20051670074463,0.0,0
1596160038.3492393,314.9999141693115,0.0,0
1596160038.3592393,316.80004119873047,0.0,0
1596160038.3692393,318.60089778900146,0.0,0
1596160038.3792393,320.4023551940918,0.0,0
1596160038.3892393,322.20183849334717,0.0,0
1596160038.3992393,324.0026092529297,0.0,0
1596160038.4092393,325.79994678497314,0.0,0
1596160038.4192393,327.6020050048828,0.0,0
1596160038.4292393,329.4029474258423,0.0,0
1596160038.4392393,331.2026023864746,0.0,0
1596160038.4492393,333.00024032592773,0.0,0
1596160038.4592392,334.8017406463623,0.0,0
1596160038.4692392,336.600022315979,0.0,0
1596160038.4792392,338.40057849884033,0.0,0
1596160038.4892392,340.19967555999756,0.0,0
1596160038.4992392,342.0023775100708,0.0,0
1596160038.5092392,343.80293369293213,0.0,0
1596160038.5192392,345.6026315689087,0.0,0
1596160038.5292392,347.4005699157715,0.0,0
1596160038.5392392,349.2023706436157,0.0,0
1596160038.5492392,351.00112438201904,0.0,0
1596160038.5592391,352.8020668029785,0.0,0
1596160038.5692391,354.60172176361084,0.0,0
1596160038.5792391,356.40056133270264,0.0,0
1596160038.5892391,358.2015895843506,0.0,0
1596160038.5992508,360,0.0,1
1596160038.5992508,0,0,0
1596160038.6092508,1.802830696105957,0,0
1596160038.6192508,3.601541519165039,0,0
1596160038.6292508,5.400209426879883,0,0
1596160038.6392508,7.202267646789551,0,0
1596160038.6492507,8.999991416931152,0,0
1596160038.6592507,10.802693367004395,0,0
1596160038.6692507,12.603249549865723,0,0
1596160038.6792507,14.40157413482666,0,0
1596160038.6892507,16.200456619262695,0,0
1596160038.6992507,18.0031156539917,0,0
1596160038.7092507,19.80281352996826,0,0
1596160038.7192507,21.602425575256348,0,0
1596160038.7292507,23.402981758117676,0,0
1596160038.7392507,25.201692581176758,0,0
1596160038.7492507,27.002077102661133,0,0
1596160038.7592506,28.800101280212402,0,0
1596160038.7692506,30.600743293762207,0,0
1596160038.7792506,32.40168571472168,0,0
1596160038.7892506,34.20022487640381,0,0
1596160038.7992506,36.00202560424805,0,0
1596160038.8092506,37.80150890350342,0,0
1596160038.8192506,39.60090637207031,0,0
1596160038.8292506,41.40240669250488,0,0
1596160038.8392506,43.20197582244873,0,0
1596160038.8492506,45.002403259277344,0,0
1596160038.8592505,46.80034160614014,0,0
1596160038.8692505,48.60154151916504,0,0
1596160038.8792505,50.40171146392822,0,0
1596160038.8892505,52.20025062561035,0,0
1596160038.8992505,54.00303840637207,0,0
1596160038.9092505,55.8015775680542,0,0
1596160038.9192505,57.60028839111328,0,0
1596160038.9292505,59.40002918243408,0,0
1596160038.9392505,61.201229095458984,0,0
1596160038.9492505,63.00277233123779,0,0
1596160038.9592505,64.80225563049316,0,0
1596160038.9692504,66.60276889801025,0,0
1596160038.9792504,68.40311050415039,0,0
1596160038.9892504,70.20083427429199,0,0
1596160038.9992504,72.00113296508789,0,0
1596160039.0092504,73.80091667175293,0,0
1596160039.010738,74.06767845153809,0,0
1596160039.010738,74.06767845153809,0.0,0
1596160039.0192504,75.60284614562988,0.0,0
1596160039.0292504,77.4015998840332,0.0,0
1596160039.0392504,79.20146942138672,0.0,0
1596160039.0492504,81.00069522857666,0.0,0
1596160039.0592504,82.80146598815918,0.0,0
1596160039.0692503,84.60103511810303,0.0,0
1596160039.0792503,86.40013217926025,0.0,0
1596160039.0892503,88.20163249969482,0.0,0
1596160039.0992503,90.00128746032715,0.0,0
1596160039.1092503,91.80295944213867,0.0,0
1596160039.1192503,93.60291481018066,0.0,0
1596160039.1292503,95.40153980255127,0.0,0
1596160039.1392503,97.20115184783936,0.0,0
1596160039.1492503,99.00110721588135,0.0,0
1596160039.1592503,100.80033302307129,0.0,0
1596160039.1692502,102.6018762588501,0.0,0
1596160039.1792502,104.40118789672852,0.0,0
1596160039.1892502,106.20110034942627,0.0,0
1596160039.1992502,108.00105571746826,0.0,0
1596160039.2092502,109.80294227600098,0.0,0
1596160039.2192502,111.600022315979,0.0,0
1596160039.2292502,113.40079307556152,0.0,0
1596160039.2392502,115.20031929016113,0.0,0
1596160039.2492502,117.00220584869385,0.0,0
1596160039.2592502,118.80117416381836,0.0,0
1596160039.2692502,120.60035705566406,0.0,0
1596160039.2792501,122.40129947662354,0.0,0
1596160039.2892501,124.20121192932129,0.0,0
1596160039.2992501,126.00284099578857,0.0,0
1596160039.30925,127.80189514160156,0.0,0
1596160039.31925,129.60185050964355,0.0,0
1596160039.32925,131.40081882476807,0.0,0
1596160039.33925,133.20214748382568,0.0,0
1596160039.34925,135.00107288360596,0.0,0
1596160039.35925,136.80012702941895,0.0,0
1596160039.36925,138.60141277313232,0.0,0
1596160039.37925,140.40106773376465,0.0,0
1596160039.38925,142.20059394836426,0.0,0
1596160039.39925,144.00153636932373,0.0,0
1596160039.40925,145.8030366897583,0.0,0
1596160039.41925,147.60183334350586,0.0,0
1596160039.42925,149.40002918243408,0.0,0
1596160039.43925,151.20092868804932,0.0,0
1596160039.44925,153.00028324127197,0.0,0
1596160039.45925,154.80272769927979,0.0,0
1596160039.46925,156.60298347473145,0.0,0
1596160039.47925,158.401780128479,0.0,0
1596160039.48925,160.20160675048828,0.0,0
1596160039.49925,162.0023775100708,0.0,0
1596160039.50925,163.80130290985107,0.0,0
1596160039.51925,165.60267448425293,0.0,0
1596160039.52925,167.4020290374756,0.0,0
1596160039.53925,169.20207023620605,0.0,0
1596160039.54925,171.00030899047852,0.0,0
1596160039.5592499,172.80039310455322,0.0,0
1596160039.5692499,174.60069179534912,0.0,0
1596160039.5792499,176.40202045440674,0.0,0
1596160039.5892498,178.20163249969482,0.0,0
1596160039.5992498,180.0025749206543,0.0,0
1596160039.6092498,181.80227279663086,0.0,0
1596160039.6192498,183.60021114349365,0.0,0
1596160039.6292498,185.4030418395996,0.0,0
1596160039.6392498,187.20025062561035,0.0,0
1596160039.6492498,189.0023946762085,0.0,0
1596160039.6592498,190.80119132995605,0.0,0
1596160039.6692498,192.60093212127686,0.0,0
1596160039.6792498,194.40062999725342,0.0,0
1596160039.6892498,196.2011432647705,0.0,0
1596160039.6992497,197.9999828338623,0.0,0
1596160039.7092497,199.8016119003296,0.0,0
1596160039.7192497,201.59993648529053,0.0,0
1596160039.7292497,203.40006351470947,0.0,0
1596160039.7392497,205.20302295684814,0.0,0
1596160039.7492497,207.00139045715332,0.0,0
1596160039.7592497,208.8028907775879,0.0,0
1596160039.7692497,210.60001373291016,0.0,0
1596160039.7792497,212.40177154541016,0.0,0
1596160039.7892497,214.20185565948486,0.0,0
1596160039.7992496,216.0010814666748,0.0,0
1596160039.8092496,217.80022144317627,0.0,0
1596160039.8192496,219.6025800704956,0.0,0
1596160039.8292496,221.40305042266846,0.0,0
1596160039.8392496,223.20197582244873,0.0,0
1596160039.8492496,225.00102996826172,0.0,0
1596160039.8592496,226.80171489715576,0.0,0
1596160039.8692496,228.60188484191895,0.0,0
1596160039.8792496,230.40317058563232,0.0,0
1596160039.8892496,232.2018814086914,0.0,0
1596160039.8992496,234.0007209777832,0.0,0
1596160039.9092495,235.8010196685791,0.0,0
1596160039.9192495,237.60196208953857,0.0,0
1596160039.9292495,239.40148830413818,0.0,0
1596160039.9392495,241.2004566192627,0.0,0
1596160039.9492495,243.00230026245117,0.0,0
1596160039.9592495,244.80101108551025,0.0,0
1596160039.9692495,246.6023826599121,0.0,0
1596160039.9792495,248.40195178985596,0.0,0
1596160039.9892495,250.2002763748169,0.0,0
1596160039.9992495,252.00010299682617,0.0,0
1596160040.0092494,253.80130290985107,0.0,0
1596160040.0192494,255.6007432937622,0.0,0
1596160040.0292494,257.4021577835083,0.0,0
1596160040.0392494,259.2000102996826,0.0,0
1596160040.0492494,260.99992275238037,0.0,0
1596160040.0592494,262.8006076812744,0.0,0
1596160040.0692494,264.5997476577759,0.0,0
1596160040.0792494,266.40236377716064,0.0,0
1596160040.0892494,268.202748298645,0.0,0
1596160040.0992494,269.9998712539673,0.0,0
1596160040.1092494,271.8011999130249,0.0,0
1596160040.1192493,273.60222816467285,0.0,0
1596160040.1292493,275.40093898773193,0.0,0
1596160040.1392493,277.20067977905273,0.0,0
1596160040.1492493,278.9999055862427,0.0,0
1596160040.1592493,280.8020067214966,0.0,0
1596160040.1692493,282.6014471054077,0.0,0
1596160040.1792493,284.3999433517456,0.0,0
1596160040.1892493,286.2005424499512,0.0,0
1596160040.1992493,287.9998540878296,0.0,0
1596160040.2092493,289.80302810668945,0.0,0
1596160040.2192492,291.60019397735596,0.0,0
1596160040.2292492,293.4010934829712,0.0,0
1596160040.2392492,295.20267963409424,0.0,0
1596160040.2492492,297.0021629333496,0.0,0
1596160040.2592492,298.79971504211426,0.0,0
1596160040.2692492,300.6010437011719,0.0,0
1596160040.2792492,302.40232944488525,0.0,0
1596160040.2870843,303.81003856658936,0.0,0
1596160040.2870843,303.81003856658936,0.0,0
1596160040.2892492,304.20073986053467,0.0,0
1596160040.2992492,306.0001802444458,0.0,0
1596160040.3092492,307.80030727386475,0.0,0
1596160040.3192492,309.60185050964355,0.0,0
1596160040.3292491,311.4001750946045,0.0,0
1596160040.3392491,313.2021903991699,0.0,0
1596160040.3492491,315.0014591217041,0.0,0
1596160040.359249,316.800856590271,0.0,0
1596160040.369249,318.6010265350342,0.0,0
1596160040.379249,320.4011535644531,0.0,0
1596160040.389249,322.20170974731445,0.0,0
1596160040.399249,324.00213718414307,0.0,0
1596160040.409249,325.80097675323486,0.0,0
1596160040.419249,327.6006317138672,0.0,0
1596160040.429249,329.3996858596802,0.0,0
1596160040.439249,331.2022590637207,0.0,0
1596160040.449249,333.00204277038574,0.0,0
1596160040.459249,334.8004102706909,0.0,0
1596160040.469249,336.60186767578125,0.0,0
1596160040.479249,338.4006643295288,0.0,0
1596160040.489249,340.2001905441284,0.0,0
1596160040.499249,342.0001029968262,0.0,0
1596160040.509249,343.80005836486816,0.0,0
1596160040.519249,345.59967041015625,0.0,0
1596160040.529249,347.4015998840332,0.0,0
1596160040.539249,349.20048236846924,0.0,0
1596160040.549249,351.0015106201172,0.0,0
1596160040.559249,352.8001356124878,0.0,0
1596160040.569249,354.6006488800049,0.0,0
1596160040.579249,356.3997459411621,0.0,0
1596160040.589249,358.201847076416,0.0,0
1596160040.599262,360,0.0,1
1596160040.599262,0,0,0
1596160040.609262,1.8024015426635742,0,0
1596160040.619262,3.6019277572631836,0,0
1596160040.629262,5.400209426879883,0,0
1596160040.639262,7.200679779052734,0,0
1596160040.649262,9.002695083618164,0,0
1596160040.659262,10.802865028381348,0,0
1596160040.669262,12.601532936096191,0,0
1596160040.679262,14.40157413482666,0,0
1596160040.689262,16.200156211853027,0,0
1596160040.699262,18.00084114074707,0,0
1596160040.709262,19.803028106689453,0,0
1596160040.719262,21.602425575256348,0,0
1596160040.7292619,23.400793075561523,0,0
1596160040.7392619,25.2006196975708,0,0
1596160040.7492619,27.003192901611328,0,0
1596160040.7592618,28.800787925720215,0,0
1596160040.7692618,30.60245990753174,0,0
1596160040.7792618,32.40087032318115,0,0
1596160040.7892618,34.201812744140625,0,0
1596160040.7992618,36.000308990478516,0,0
1596160040.8092618,37.80176639556885,0,0
1596160040.8192618,39.60073471069336,0,0
1596160040.8292618,41.40064716339111,0,0
1596160040.8392618,43.20176124572754,0,0
1596160040.8492618,45.00120162963867,0,0
1596160040.8592618,46.80068492889404,0,0
1596160040.8692617,48.6014986038208,0,0
1596160040.8792617,50.40231227874756,0,0
1596160040.8892617,52.20286846160889,0,0
1596160040.8992617,54.00080680847168,0,0
1596160040.9092617,55.800719261169434,0,0
1596160040.9192617,57.60136127471924,0,0
1596160040.9292617,59.40088748931885,0,0
1596160040.9392617,61.20230197906494,0,0
1596160040.9492617,63.00114154815674,0,0
1596160040.9592617,64.80131149291992,0,0
1596160040.9692616,66.60191059112549,0,0
1596160040.9792616,68.40302467346191,0,0
1596160040.9892616,70.20130634307861,0,0
1596160040.9992616,72.00087547302246,0,0
1596160041.0092616,73.80207538604736,0,0
1596160041.010948,74.10346984863281,0,0
1596160041.010948,74.10346984863281,0.0,0
1596160041.0192616,75.60160160064697,0.0,0
1596160041.0292616,77.4012565612793,0.0,0
1596160041.0392616,79.20207023620605,0.0,0
1596160041.0492616,81.0010814666748,0.0,0
1596160041.0592616,82.8004789352417,0.0,0
1596160041.0692616,84.60120677947998,0.0,0
1596160041.0792615,86.40227794647217,0.0,0
1596160041.0892615,88.20180416107178,0.0,0
1596160041.0992615,90.00283241271973,0.0,0
1596160041.1092615,91.80051326751709,0.0,0
1596160041.1192615,93.6005973815918,0.0,0
1596160041.1292615,95.40158271789551,0.0,0
1596160041.1392615,97.19990730285645,0.0,0
1596160041.1492615,99.00192260742188,0.0,0
1596160041.1592615,100.80260753631592,0.0,0
1596160041.1692615,102.60264873504639,0.0,0
1596160041.1792614,104.40183162689209,0.0,0
1596160041.1892614,106.20195865631104,0.0,0
1596160041.1992614,108.00101280212402,0.0,0
1596160041.2092614,109.80144023895264,0.0,0
1596160041.2192614,111.6022539138794,0.0,0
1596160041.2292614,113.40246677398682,0.0,0
1596160041.2392614,115.2015209197998,0.0,0
1596160041.2492614,117.00027465820312,0.0,0
1596160041.2592614,118.80095958709717,0.0,0
1596160041.2692614,120.60100078582764,0.0,0
1596160041.2792614,122.40288734436035,0.0,0
1596160041.2892613,124.20271396636963,0.0,0
1596160041.2992613,126.00296974182129,0.0,0
1596160041.3092613,127.80056476593018,0.0,0
1596160041.3192613,129.60253715515137,0.0,0
1596160041.3292613,131.40034675598145,0.0,0
1596160041.3392613,133.1999158859253,0.0,0
1596160041.3492613,135.0005578994751,0.0,0
1596160041.3592613,136.80304527282715,0.0,0
1596160041.3692613,138.60098361968994,0.0,0
1596160041.3792613,140.4031276702881,0.0,0
1596160041.3892612,142.20115184783936,0.0,0
1596160041.3992612,143.99990558624268,0.0,0
1596160041.4092612,145.80140590667725,0.0,0
1596160041.4192612,147.60046005249023,0.0,0
1596160041.4292612,149.4028615951538,0.0,0
1596160041.4392612,151.20230197906494,0.0,0
1596160041.4492612,153.00118446350098,0.0,0
1596160041.4592612,154.80045318603516,0.0,0
1596160041.4692612,156.6007947921753,0.0,0
1596160041.4792612,158.40100765228271,0.0,0
1596160041.4892612,160.20031929016113,0.0,0
1596160041.4992611,162.00151920318604,0.0,0
1596160041.5092611,163.80293369293213,0.0,0
1596160041.5192611,165.60009956359863,0.0,0
1596160041.529261,167.40267276763916,0.0,0
1596160041.539261,169.20215606689453,0.0,0
1596160041.549261,171.00155353546143,0.0,0
1596160041.559261,172.8013801574707,0.0,0
1596160041.569261,174.60215091705322,0.0,0
1596160041.579261,176.4007329940796,0.0,0
1596160041.589261,178.20068836212158,0.0,0
1596160041.599261,180.00030040740967,0.0,0
1596160041.609261,181.80184364318848,0.0,0
1596160041.619261,183.6018419265747,0.0,0
1596160041.629261,185.4014539718628,0.0,0
1596160041.639261,187.20149517059326,0.0,0
1596160041.649261,189.0010643005371,0.0,0
1596160041.659261,190.79998970031738,0.0,0
1596160041.669261,192.60161876678467,0.0,0
1596160041.679261,194.4025182723999,0.0,0
1596160041.689261,196.2005853652954,0.0,0
1596160041.699261,198.0004119873047,0.0,0
1596160041.709261,199.8019552230835,0.0,0
1596160041.719261,201.60161018371582,0.0,0
1596160041.729261,203.40293884277344,0.0,0
1596160041.739261,205.20169258117676,0.0,0
1596160041.749261,207.00139045715332,0.0,0
1596160041.759261,208.8015604019165,0.0,0
1596160041.769261,210.6003999710083,0.0,0
1596160041.7792609,212.40288734436035,0.0,0
1596160041.7892609,214.2016839981079,0.0,0
1596160041.7992609,216.00099563598633,0.0,0
1596160041.8092608,217.8006935119629,0.0,0
1596160041.8192608,219.6009063720703,0.0,0
1596160041.8292608,221.4028787612915,0.0,0
1596160041.8392608,223.20034503936768,0.0,0
1596160041.8492608,225.0014591217041,0.0,0
1596160041.8592608,226.80261611938477,0.0,0
1596160041.8692608,228.60021114349365,0.0,0
1596160041.8792608,230.40282726287842,0.0,0
1596160041.8892608,232.20072269439697,0.0,0
1596160041.8992608,234.00076389312744,0.0,0
1596160041.9092607,235.80140590667725,0.0,0
1596160041.9192607,237.60260581970215,0.0,0
1596160041.9292607,239.40067291259766,0.0,0
1596160041.9392607,241.20182991027832,0.0,0
1596160041.9492607,243.00105571746826,0.0,0
1596160041.9592607,244.79985237121582,0.0,0
1596160041.9692607,246.60010814666748,0.0,0
1596160041.9792607,248.40208053588867,0.0,0
1596160041.9892607,250.20306587219238,0.0,0
1596160041.9992607,252.0011329650879,0.0,0
1596160042.0092607,253.8004446029663,0.0,0
1596160042.0192606,255.60031414031982,0.0,0
1596160042.0292606,257.400484085083,0.0,0
1596160042.0392606,259.2020273208618,0.0,0
1596160042.0492606,261.00236892700195,0.0,0
1596160042.0592606,262.8006076812744,0.0,0
1596160042.0692606,264.6020221710205,0.0,0
1596160042.0792606,266.4026641845703,0.0,0
1596160042.0892606,268.20051670074463,0.0,0
1596160042.0992606,270.000901222229,0.0,0
1596160042.1092606,271.80201530456543,0.0,0
1596160042.1192605,273.6023998260498,0.0,0
1596160042.1292605,275.4030418395996,0.0,0
1596160042.1392605,277.2026538848877,0.0,0
1596160042.1492605,279.00067806243896,0.0,0
1596160042.1592605,280.80299377441406,0.0,0
1596160042.1692605,282.6016616821289,0.0,0
1596160042.1792605,284.40234661102295,0.0,0
1596160042.1892605,286.2007999420166,0.0,0
1596160042.1992605,288.0018711090088,0.0,0
1596160042.2092605,289.80281352996826,0.0,0
1596160042.2192605,291.6023826599121,0.0,0
1596160042.2292604,293.4019947052002,0.0,0
1596160042.2392604,295.2019929885864,0.0,0
1596160042.2492604,297.0007038116455,0.0,0
1596160042.2592604,298.8022041320801,0.0,0
1596160042.2692604,300.6008720397949,0.0,0
1596160042.2792604,302.40232944488525,0.0,0
1596160042.2885458,304.0710926055908,0.0,0
1596160042.2885458,304.0710926055908,0.0,0
1596160042.2892604,304.2020273208618,0.0,0
1596160042.2992604,306.00013732910156,0.0,0
1596160042.3092604,307.80219554901123,0.0,0
1596160042.3192604,309.6014213562012,0.0,0
1596160042.3292603,311.40296459198,0.0,0
1596160042.3392603,313.2024908065796,0.0,0
1596160042.3492603,315.0016736984253,0.0,0
1596160042.3592603,316.80137157440186,0.0,0
1596160042.3692603,318.6014986038208,0.0,0
1596160042.3792603,320.40106773376465,0.0,0
1596160042.3892603,322.2005081176758,0.0,0
1596160042.3992603,324.00067806243896,0.0,0
1596160042.4092603,325.8029508590698,0.0,0
1596160042.4192603,327.6006746292114,0.0,0
1596160042.4292603,329.3998146057129,0.0,0
1596160042.4392602,331.1998128890991,0.0,0
1596160042.4492602,333.00204277038574,0.0,0
1596160042.4592602,334.80289936065674,0.0,0
1596160042.4692602,336.6019105911255,0.0,0
1596160042.4792602,338.40263843536377,0.0,0
1596160042.4892602,340.20203590393066,0.0,0
1596160042.4992602,342.001690864563,0.0,0
1596160042.5092602,343.801646232605,0.0,0
1596160042.5192602,345.5998420715332,0.0,0
1596160042.5292602,347.40018367767334,0.0,0
1596160042.5392601,349.2009973526001,0.0,0
1596160042.5492601,351.00292682647705,0.0,0
1596160042.5592601,352.79996395111084,0.0,0
1596160042.5692601,354.60262298583984,0.0,0
1596160042.57926,356.4017629623413,0.0,0
1596160042.58926,358.20120334625244,0.0,0
1596160042.5992758,360,0.0,1
1596160042.5992758,0,0,0
1596160042.6092758,1.802358627319336,0,0
1596160042.6192758,3.6022281646728516,0,0
1596160042.6292758,5.401968955993652,0,0
1596160042.6392758,7.201495170593262,0,0
1596160042.6492758,9.001665115356445,0,0
1596160042.6592758,10.801491737365723,0,0
1596160042.6692758,12.602949142456055,0,0
1596160042.6792758,14.401230812072754,0,0
1596160042.6892757,16.200027465820312,0,0
1596160042.6992757,18.00114154815674,0,0
1596160042.7092757,19.801225662231445,0,0
1596160042.7192757,21.601481437683105,0,0
1596160042.7292757,23.400449752807617,0,0
1596160042.7392757,25.201048851013184,0,0
1596160042.7492757,27.000017166137695,0,0
1596160042.7592757,28.8026762008667,0,0
1596160042.7692757,30.602760314941406,0,0
1596160042.7792757,32.40091323852539,0,0
1596160042.7892756,34.201083183288574,0,0
1596160042.7992756,36.00138187408447,0,0
1596160042.8092756,37.8024959564209,0,0
1596160042.8192756,39.602622985839844,0,0
1596160042.8292756,41.40069007873535,0,0
1596160042.8392756,43.20326328277588,0,0
1596160042.8492756,45.00244617462158,0,0
1596160042.8592756,46.800384521484375,0,0
1596160042.8692756,48.60184192657471,0,0
1596160042.8792756,50.400424003601074,0,0
1596160042.8892756,52.203125953674316,0,0
1596160042.8992755,54.00286674499512,0,0
1596160042.9092755,55.80033302307129,0,0
1596160042.9192755,57.60136127471924,0,0
1596160042.9292755,59.40311908721924,0,0
1596160042.9392755,61.2019157409668,0,0
1596160042.9492755,63.00217151641846,0,0
1596160042.9592755,64.80071067810059,0,0
1596160042.9692755,66.60216808319092,0,0
1596160042.9792755,68.4005355834961,0,0
1596160042.9892755,70.19993305206299,0,0
1596160042.9992754,72.00173377990723,0,0
1596160043.0092754,73.8026762008667,0,0
1596160043.0099003,73.91241073608398,0,0
1596160043.0099003,73.91241073608398,0.0,0
1596160043.0192754,75.60091495513916,0.0,0
1596160043.0292754,77.40147113800049,0.0,0
1596160043.0392754,79.20129776000977,0.0,0
1596160043.0492754,81.00258350372314,0.0,0
1596160043.0592754,82.80035018920898,0.0,0
1596160043.0692754,84.60155010223389,0.0,0
1596160043.0792754,86.40214920043945,0.0,0
1596160043.0892754,88.20163249969482,0.0,0
1596160043.0992754,90.00150203704834,0.0,0
1596160043.1092753,91.80278778076172,0.0,0
1596160043.1192753,93.602614402771,0.0,0
1596160043.1292753,95.40274143218994,0.0,0
1596160043.1392753,97.20231056213379,0.0,0
1596160043.1492753,99.00175094604492,0.0,0
1596160043.1592753,100.80307960510254,0.0,0
1596160043.1692753,102.60123252868652,0.0,0
1596160043.1792753,104.40101623535156,0.0,0
1596160043.1892753,106.20221614837646,0.0,0
1596160043.1992753,108.00234317779541,0.0,0
1596160043.2092752,109.80092525482178,0.0,0
1596160043.2192752,111.60036563873291,0.0,0
1596160043.2292752,113.40109348297119,0.0,0
1596160043.2392752,115.20053386688232,0.0,0
1596160043.2492752,117.00169086456299,0.0,0
1596160043.2592752,118.80228996276855,0.0,0
1596160043.2692752,120.60258865356445,0.0,0
1596160043.2792752,122.40172863006592,0.0,0
1596160043.2892752,124.1998815536499,0.0,0
1596160043.2992752,126.00000858306885,0.0,0
1596160043.3092752,127.79996395111084,0.0,0
1596160043.3192751,129.6031379699707,0.0,0
1596160043.3292751,131.40270709991455,0.0,0
1596160043.3392751,133.1999158859253,0.0,0
1596160043.349275,135.0031328201294,0.0,0
1596160043.359275,136.8030881881714,0.0,0
1596160043.369275,138.6011552810669,0.0,0
1596160043.379275,140.40226936340332,0.0,0
1596160043.389275,142.2032117843628,0.0,0
1596160043.399275,144.0018367767334,0.0,0
1596160043.409275,145.80230712890625,0.0,0
1596160043.419275,147.6026487350464,0.0,0
1596160043.429275,149.40011501312256,0.0,0
1596160043.439275,151.20174407958984,0.0,0
1596160043.449275,153.00161361694336,0.0,0
1596160043.459275,154.80255603790283,0.0,0
1596160043.469275,156.60311222076416,0.0,0
1596160043.479275,158.40100765228271,0.0,0
1596160043.489275,160.20225048065186,0.0,0
1596160043.499275,162.00100421905518,0.0,0
1596160043.509275,163.8030195236206,0.0,0
1596160043.519275,165.60293197631836,0.0,0
1596160043.529275,167.40318775177002,0.0,0
1596160043.539275,169.20292854309082,0.0,0
1596160043.549275,171.00168228149414,0.0,0
1596160043.559275,172.802152633667,0.0,0
1596160043.569275,174.60219383239746,0.0,0
1596160043.579275,176.40159130096436,0.0,0
1596160043.589275,178.20107460021973,0.0,0
1596160043.5992749,180.002703666687,0.0,0
1596160043.6092749,181.80004119873047,0.0,0
1596160043.6192749,183.6012840270996,0.0,0
1596160043.6292748,185.40226936340332,0.0,0
1596160043.6392748,187.19999313354492,0.0,0
1596160043.6492748,189.00089263916016,0.0,0
1596160043.6592748,190.8012342453003,0.0,0
1596160043.6692748,192.60106086730957,0.0,0
1596160043.6792748,194.40234661102295,0.0,0
1596160043.6892748,196.2026023864746,0.0,0
1596160043.6992748,198.00195693969727,0.0,0
1596160043.7092748,199.8028564453125,0.0,0
1596160043.7192748,201.6023826599121,0.0,0
1596160043.7292747,203.40315341949463,0.0,0
1596160043.7392747,205.20267963409424,0.0,0
1596160043.7492747,207.00284957885742,0.0,0
1596160043.7592747,208.80104541778564,0.0,0
1596160043.7692747,210.60078620910645,0.0,0
1596160043.7792747,212.40172863006592,0.0,0
1596160043.7892747,214.20288562774658,0.0,0
1596160043.7992747,216.00189685821533,0.0,0
1596160043.8092747,217.80275344848633,0.0,0
1596160043.8192747,219.6000051498413,0.0,0
1596160043.8292747,221.40202045440674,0.0,0
1596160043.8392746,223.20210456848145,0.0,0
1596160043.8492746,225.00098705291748,0.0,0
1596160043.8592746,226.8021011352539,0.0,0
1596160043.8692746,228.60102653503418,0.0,0
1596160043.8792746,230.3997802734375,0.0,0
1596160043.8892746,232.20179557800293,0.0,0
1596160043.8992746,234.0012788772583,0.0,0
1596160043.9092746,235.7997751235962,0.0,0
1596160043.9192746,237.60282039642334,0.0,0
1596160043.9292746,239.4009304046631,0.0,0
1596160043.9392745,241.19985580444336,0.0,0
1596160043.9492745,243.00015449523926,0.0,0
1596160043.9592745,244.80294227600098,0.0,0
1596160043.9692745,246.60178184509277,0.0,0
1596160043.9792745,248.39993476867676,0.0,0
1596160043.9892745,250.20019054412842,0.0,0
1596160043.9992745,252.0018196105957,0.0,0
