Type = Mirollor Strogatz (-ish),Function = Peskin,Refract =0,Epsilon =0.3,Gamma =8,Start_phase =116
Timestamp,Phase,Offset,Ping?
1596159979,116,0,0
1596159979.01,117.79712295532228,0.6444444444444445,0
1596159979.02,119.59549045562746,0.6444444444444445,0
1596159979.03,121.39789199829103,0.6444444444444445,0
1596159979.04,123.19728946685792,0.6444444444444445,0
1596159979.05,124.99793148040773,0.6444444444444445,0
1596159979.06,126.79711437225343,0.6444444444444445,0
1596159979.07,128.59578227996826,0.6444444444444445,0
1596159979.08,130.3968105316162,0.6444444444444445,0
1596159979.09,132.19522094726562,0.6444444444444445,0
1596159979.1,133.99603462219238,0.6444444444444445,0
1596159979.11,135.7965908050537,0.6444444444444445,0
1596159979.12,137.59813404083252,0.6444444444444445,0
1596159979.1299999,139.39542865753174,0.6444444444444445,0
1596159979.1399999,141.19619941711426,0.6444444444444445,0
1596159979.1499999,142.99658393859863,0.6444444444444445,0
1596159979.1599998,144.79568099975586,0.6444444444444445,0
1596159979.1699998,146.597825050354,0.6444444444444445,0
1596159979.1799998,148.39524841308594,0.6444444444444445,0
1596159979.1899998,150.19739246368408,0.6444444444444445,0
1596159979.1999998,151.99511623382568,0.6444444444444445,0
1596159979.2099998,153.79614448547363,0.6444444444444445,0
1596159979.2199998,155.59644317626953,0.6444444444444445,0
1596159979.2299998,157.39798641204834,0.6444444444444445,0
1596159979.2399998,159.19674015045166,0.6444444444444445,0
1596159979.2499998,160.99502182006836,0.6444444444444445,0
1596159979.2599998,162.79540634155273,0.6444444444444445,0
1596159979.2699997,164.59737873077393,0.6444444444444445,0
1596159979.2799997,166.39669036865234,0.6444444444444445,0
1596159979.2899997,168.19565868377686,0.6444444444444445,0
1596159979.2999997,169.99527072906494,0.6444444444444445,0
1596159979.3099997,171.79501152038574,0.6444444444444445,0
1596159979.3199997,173.59578227996826,0.6444444444444445,0
1596159979.3299997,175.39509391784668,0.6444444444444445,0
1596159979.3399997,177.1971950531006,0.6444444444444445,0
1596159979.3499997,178.9962921142578,0.6444444444444445,0
1596159979.3599997,180.79620456695557,0.6444444444444445,0
1596159979.3699996,182.59740447998047,0.6444444444444445,0
1596159979.3799996,184.39787483215332,0.6444444444444445,0
1596159979.3899996,186.19787311553955,0.6444444444444445,0
1596159979.3999996,187.99529647827148,0.6444444444444445,0
1596159979.4099996,189.79666805267334,0.6444444444444445,0
1596159979.4199996,191.59645175933838,0.6444444444444445,0
1596159979.4299996,193.39748001098633,0.6444444444444445,0
1596159979.4399996,195.19601917266846,0.6444444444444445,0
1596159979.4499996,196.99498748779297,0.6444444444444445,0
1596159979.4599996,198.7972173690796,0.6444444444444445,0
1596159979.4699996,200.5949411392212,0.6444444444444445,0
1596159979.4799995,202.39635562896729,0.6444444444444445,0
1596159979.4899995,204.19674015045166,0.6444444444444445,0
1596159979.4999995,205.99703884124756,0.6444444444444445,0
1596159979.5099995,207.79643630981445,0.6444444444444445,0
1596159979.5199995,209.59720706939697,0.6444444444444445,0
1596159979.5299995,211.39527416229248,0.6444444444444445,0
1596159979.5399995,213.1980619430542,0.6444444444444445,0
1596159979.5499995,214.99552822113037,0.6444444444444445,0
1596159979.5599995,216.79617023468018,0.6444444444444445,0
1596159979.5699995,218.59522438049316,0.6444444444444445,0
1596159979.5799994,220.39505100250244,0.6444444444444445,0
1596159979.5899994,222.19668006896973,0.6444444444444445,0
1596159979.5999994,223.99732208251953,0.6444444444444445,0
1596159979.6099994,225.7950029373169,0.6444444444444445,0
1596159979.6199994,227.5963315963745,0.6444444444444445,0
1596159979.6299994,229.39478492736816,0.6444444444444445,0
1596159979.6399994,231.1978302001953,0.6444444444444445,0
1596159979.6499994,232.99602603912354,0.6444444444444445,0
1596159979.6599994,234.79559516906738,0.6444444444444445,0
1596159979.6699994,236.59709548950195,0.6444444444444445,0
1596159979.6799994,238.39713668823242,0.6444444444444445,0
1596159979.6899993,240.19713497161865,0.6444444444444445,0
1596159979.6999993,241.99494457244873,0.6444444444444445,0
1596159979.7099993,243.79717445373535,0.6444444444444445,0
1596159979.7199993,245.5980739593506,0.6444444444444445,0
1596159979.7299993,247.39699935913086,0.6444444444444445,0
1596159979.7399993,249.1960964202881,0.6444444444444445,0
1596159979.7499993,250.99733924865723,0.6444444444444445,0
1596159979.7599993,252.79476261138916,0.6444444444444445,0
1596159979.7699993,254.5947608947754,0.6444444444444445,0
1596159979.7799993,256.3950595855713,0.6444444444444445,0
1596159979.7899992,258.19475746154785,0.6444444444444445,0
1596159979.7999992,259.99775981903076,0.6444444444444445,0
1596159979.8099992,261.79758644104004,0.6444444444444445,0
1596159979.8199992,263.59779930114746,0.6444444444444445,0
1596159979.8299992,265.39629554748535,0.6444444444444445,0
1596159979.8399992,267.1962080001831,0.6444444444444445,0
1596159979.8499992,268.99612045288086,0.6444444444444445,0
1596159979.8599992,270.7963333129883,0.6444444444444445,0
1596159979.8699992,272.59714698791504,0.6444444444444445,0
1596159979.8799992,274.3947420120239,0.6444444444444445,0
1596159979.8899992,276.1961135864258,0.6444444444444445,0
1596159979.8999991,277.9965410232544,0.6444444444444445,0
1596159979.9099991,279.7953805923462,0.6444444444444445,0
1596159979.9199991,281.5959367752075,0.6444444444444445,0
1596159979.929999,283.39627838134766,0.6444444444444445,0
1596159979.939999,285.1955900192261,0.6444444444444445,0
1596159979.949999,286.9953308105469,0.6444444444444445,0
1596159979.959999,288.79524326324463,0.6444444444444445,0
1596159979.969999,290.5960569381714,0.6444444444444445,0
1596159979.979999,292.3970422744751,0.6444444444444445,0
1596159979.989999,294.1978130340576,0.6444444444444445,0
1596159979.999999,295.99613761901855,0.6444444444444445,0
1596159980.009999,297.797080039978,0.6444444444444445,0
1596159980.019999,299.597936630249,0.6444444444444445,0
1596159980.029999,301.396089553833,0.6444444444444445,0
1596159980.039999,303.19488620758057,0.6444444444444445,0
1596159980.049999,304.99784564971924,0.6444444444444445,0
1596159980.059999,306.79582691192627,0.6444444444444445,0
1596159980.069999,308.59745597839355,0.6444444444444445,0
1596159980.079999,310.3950939178467,0.6444444444444445,0
1596159980.089999,312.19492053985596,0.6444444444444445,0
1596159980.099999,313.9956912994385,0.6444444444444445,0
1596159980.109999,315.7965908050537,0.6444444444444445,0
1596159980.119999,317.59680366516113,0.6444444444444445,0
1596159980.129999,319.3956003189087,0.6444444444444445,0
1596159980.139999,321.1970148086548,0.6444444444444445,0
1596159980.149999,322.9948673248291,0.6444444444444445,0
1596159980.159999,324.7972688674927,0.6444444444444445,0
1596159980.169999,326.5973529815674,0.6444444444444445,0
1596159980.1799989,328.3962354660034,0.6444444444444445,0
1596159980.1899989,330.1973066329956,0.6444444444444445,0
1596159980.1999989,331.99507331848145,0.6444444444444445,0
1596159980.2099988,333.79481410980225,0.6444444444444445,0
1596159980.2199988,335.59760189056396,0.6444444444444445,0
1596159980.2299988,337.39764308929443,0.6444444444444445,0
1596159980.2399988,339.19661140441895,0.6444444444444445,0
1596159980.2499988,340.9970817565918,0.6444444444444445,0
1596159980.2599988,342.7957067489624,0.6444444444444445,0
1596159980.2699988,344.5951900482178,0.6444444444444445,0
1596159980.2799988,346.3965187072754,0.6444444444444445,0
1596159980.2899988,348.19776153564453,0.6444444444444445,0
1596159980.2999988,349.99604320526123,0.6444444444444445,0
1596159980.3099988,351.7976293563843,0.6444444444444445,0
1596159980.3199987,353.59655475616455,0.6444444444444445,0
1596159980.3299987,355.3964672088623,0.6444444444444445,0
1596159980.3399987,357.1958646774292,0.6444444444444445,0
1596159980.3499987,358.99586296081543,0.6444444444444445,0
1596159980.3555849,360,0.6444444444444445,1
1596159980.3555849,0,0,0
1596159980.3655849,1.8020153045654297,0,0
1596159980.3755848,3.6014556884765625,0,0
1596159980.3855848,5.400896072387695,0,0
1596159980.3955848,7.200679779052734,0,0
1596159980.4055848,9.00303840637207,0,0
1596159980.4078305,9.404211044311523,0,0
1596159980.4078305,30.185171449979084,0.11544978003148645,0
1596159980.4155848,31.58180841286971,0.11544978003148645,0
1596159980.4255848,33.3823216803868,0.11544978003148645,0
1596159980.4355848,35.181504572232505,0.11544978003148645,0
1596159980.4455848,36.98360570748641,0.11544978003148645,0
1596159980.4555848,38.78257402261092,0.11544978003148645,0
1596159980.4655848,40.583816850980064,0.11544978003148645,0
1596159980.4755847,42.38162645181014,0.11544978003148645,0
1596159980.4855847,44.181581819852134,0.11544978003148645,0
1596159980.4955847,45.98093637307478,0.11544978003148645,0
1596159980.5055847,47.7837241538365,0.11544978003148645,0
1596159980.5155847,49.58325036843611,0.11544978003148645,0
1596159980.5166957,49.780918443997635,0.11544978003148645,0
1596159980.5166957,156.7587921981077,0.7097713008876535,0
1596159980.5255847,158.36017826835916,0.7097713008876535,0
1596159980.5355847,160.1612065200071,0.7097713008876535,0
1596159980.5455847,161.958801544116,0.7097713008876535,0
1596159980.5555847,163.75918606560037,0.7097713008876535,0
1596159980.5655847,165.56150177757547,0.7097713008876535,0
1596159980.5755847,167.3607275847654,0.7097713008876535,0
1596159980.5855846,169.16008213798807,0.7097713008876535,0
1596159980.5955846,170.95900753776834,0.7097713008876535,0
1596159980.6055846,172.76209572593973,0.7097713008876535,0
1596159980.6155846,174.55947617332743,0.7097713008876535,0
1596159980.6255846,176.35938862602518,0.7097713008876535,0
1596159980.6355846,178.16041687767313,0.7097713008876535,0
1596159980.6455846,179.9595568541746,0.7097713008876535,0
1596159980.6555846,181.7590830687742,0.7097713008876535,0
1596159980.6655846,183.56101254265116,0.7097713008876535,0
1596159980.6755846,185.36096791069315,0.7097713008876535,0
1596159980.6855845,187.16070870201395,0.7097713008876535,0
1596159980.6955845,188.95959118644998,0.7097713008876535,0
1596159980.7055845,190.76207855980203,0.7097713008876535,0
1596159980.7155845,192.5603173140745,0.7097713008876535,0
1596159980.7255845,194.36203221123026,0.7097713008876535,0
1596159980.7355845,196.15954140465067,0.7097713008876535,0
1596159980.7455845,197.96142796318338,0.7097713008876535,0
1596159980.7555845,199.75988129417703,0.7097713008876535,0
1596159980.7655845,201.55919293205545,0.7097713008876535,0
1596159980.7755845,203.35949162285135,0.7097713008876535,0
1596159980.7855844,205.15948990623758,0.7097713008876535,0
1596159980.7955844,206.95965985100077,0.7097713008876535,0
1596159980.8055844,208.7618039015989,0.7097713008876535,0
1596159980.8155844,210.5616305236082,0.7097713008876535,0
1596159980.8255844,212.35965470115946,0.7097713008876535,0
1596159980.8355844,214.16162709038065,0.7097713008876535,0
1596159980.8455844,215.9606383208494,0.7097713008876535,0
1596159980.8555844,217.7598212126951,0.7097713008876535,0
1596159980.8655844,219.56037739555643,0.7097713008876535,0
1596159980.8755844,221.35947445671366,0.7097713008876535,0
1596159980.8855844,223.16076020042703,0.7097713008876535,0
1596159980.8955843,224.95985726158426,0.7097713008876535,0
1596159980.9055843,226.7620013121824,0.7097713008876535,0
1596159980.9155843,228.55886677543924,0.7097713008876535,0
1596159980.9255843,230.35916546623514,0.7097713008876535,0
1596159980.9355843,232.1607516173582,0.7097713008876535,0
1596159980.9455843,233.96032074730203,0.7097713008876535,0
1596159980.9555843,235.75894573967264,0.7097713008876535,0
1596159980.9655843,237.5612185363035,0.7097713008876535,0
1596159980.9755843,239.36121681968973,0.7097713008876535,0
1596159980.9855843,241.16082886497782,0.7097713008876535,0
1596159980.9955842,242.96190003197,0.7097713008876535,0
1596159981.0055842,244.75880841057108,0.7097713008876535,0
1596159981.0155842,246.56078079979227,0.7097713008876535,0
1596159981.0255842,248.36150864403055,0.7097713008876535,0
1596159981.0355842,250.158846176074,0.7097713008876535,0
1596159981.0455842,251.95893029014871,0.7097713008876535,0
1596159981.0555842,253.76116017143534,0.7097713008876535,0
1596159981.0655842,255.56021431724832,0.7097713008876535,0
1596159981.0755842,257.3589251403074,0.7097713008876535,0
1596159981.0855842,259.1599104766111,0.7097713008876535,0
1596159981.0955842,260.9605095748167,0.7097713008876535,0
1596159981.1055841,262.76166657249735,0.7097713008876535,0
1596159981.1155841,264.5602057341795,0.7097713008876535,0
1596159981.1255841,266.3616631392698,0.7097713008876535,0
1596159981.135584,268.158957755969,0.7097713008876535,0
1596159981.145584,269.960715568469,0.7097713008876535,0
1596159981.155584,271.7591688994627,0.7097713008876535,0
1596159981.165584,273.559725082324,0.7097713008876535,0
1596159981.175584,275.3610108260374,0.7097713008876535,0
1596159981.185584,277.16070870201395,0.7097713008876535,0
1596159981.195584,278.96044949333475,0.7097713008876535,0
1596159981.205584,280.759374893115,0.7097713008876535,0
1596159981.215584,282.55958775322244,0.7097713008876535,0
1596159981.225584,284.35945729057596,0.7097713008876535,0
1596159981.235584,286.15894058983133,0.7097713008876535,0
1596159981.245584,287.9598830107908,0.7097713008876535,0
1596159981.255584,289.7610829238157,0.7097713008876535,0
1596159981.265584,291.5592358473997,0.7097713008876535,0
1596159981.275584,293.35906246940897,0.7097713008876535,0
1596159981.285584,295.1596186522703,0.7097713008876535,0
1596159981.295584,296.9594881896238,0.7097713008876535,0
1596159981.305584,298.759658134387,0.7097713008876535,0
1596159981.315584,300.5609438781004,0.7097713008876535,0
1596159981.325584,302.3612854842405,0.7097713008876535,0
1596159981.335584,304.1614554290037,0.7097713008876535,0
1596159981.345584,305.9605095748167,0.7097713008876535,0
1596159981.355584,307.75930622856424,0.7097713008876535,0
1596159981.365584,309.5615790251951,0.7097713008876535,0
1596159981.375584,311.36157730858133,0.7097713008876535,0
1596159981.3855839,313.1598160628538,0.7097713008876535,0
1596159981.3955839,314.96153096000955,0.7097713008876535,0
1596159981.4055839,316.7589972380857,0.7097713008876535,0
1596159981.4155838,318.55886677543924,0.7097713008876535,0
1596159981.4255838,320.3594658736448,0.7097713008876535,0
1596159981.4355838,322.16092327873514,0.7097713008876535,0
1596159981.4455838,323.96169403831766,0.7097713008876535,0
1596159981.4555838,325.7607910994749,0.7097713008876535,0
1596159981.4655838,327.56014565269754,0.7097713008876535,0
1596159981.4755838,329.3608305815916,0.7097713008876535,0
1596159981.4855838,331.1614725951414,0.7097713008876535,0
1596159981.4955838,332.9588530425291,0.7097713008876535,0
1596159981.5055838,334.7588513259153,0.7097713008876535,0
1596159981.5155838,336.5593645934324,0.7097713008876535,0
1596159981.5255837,338.36047867576883,0.7097713008876535,0
1596159981.5355837,340.15867451469705,0.7097713008876535,0
1596159981.5455837,341.96043232719705,0.7097713008876535,0
1596159981.5555837,343.76051644127176,0.7097713008876535,0
1596159981.5655837,345.5600855712156,0.7097713008876535,0
1596159981.5755837,347.3590538863401,0.7097713008876535,0
1596159981.5855837,349.1602108840208,0.7097713008876535,0
1596159981.5955837,350.9601662520628,0.7097713008876535,0
1596159981.6055837,352.7591774825315,0.7097713008876535,0
1596159981.6155837,354.560119903491,0.7097713008876535,0
1596159981.6255836,356.3588736418943,0.7097713008876535,0
1596159981.6355836,358.1588290099363,0.7097713008876535,0
1596159981.6455836,359.9586985472898,0.7097713008876535,0
1596159981.6458325,360,0.7097713008876535,1
1596159981.6458325,0,0,0
1596159981.6558325,1.8028736114501953,0,0
1596159981.6658325,3.6014556884765625,0,0
1596159981.6758325,5.403170585632324,0,0
1596159981.6858325,7.203254699707031,0,0
1596159981.6958325,9.002094268798828,0,0
1596159981.7058325,10.800890922546387,0,0
1596159981.7158325,12.599987983703613,0,0
1596159981.7258325,14.401531219482422,0,0
1596159981.7358325,16.2033748626709,0,0
1596159981.7458324,18.001484870910645,0,0
1596159981.7558324,19.801654815673828,0,0
1596159981.7658324,21.6031551361084,0,0
1596159981.7758324,23.4028959274292,0,0
1596159981.7858324,25.20036220550537,0,0
1596159981.7958324,27.001562118530273,0,0
1596159981.8058324,28.802504539489746,0,0
1596159981.8158324,30.601558685302734,0,0
1596159981.8258324,32.402286529541016,0,0
1596159981.8358324,34.2030143737793,0,0
1596159981.8458323,36.001038551330566,0,0
1596159981.8558323,37.80198097229004,0,0
1596159981.8658323,39.601593017578125,0,0
1596159981.8758323,41.40116214752197,0,0
1596159981.8858323,43.201332092285156,0,0
1596159981.8958323,45.00068664550781,0,0
1596159981.9058323,46.80077075958252,0,0
1596159981.9158323,48.6005973815918,0,0
1596159981.9258323,50.40304183959961,0,0
1596159981.9358323,52.20128059387207,0,0
1596159981.9458323,54.0032958984375,0,0
1596159981.9558322,55.80162048339844,0,0
1596159981.9658322,57.60230541229248,0,0
1596159981.9758322,59.40007209777832,0,0
1596159981.9858322,61.20277404785156,0,0
1596159981.9958322,63.00088405609131,0,0
1596159982.0058322,64.80156898498535,0,0
1596159982.0158322,66.6025972366333,0,0
1596159982.0258322,68.4012222290039,0,0
1596159982.0358322,70.20242214202881,0,0
1596159982.0458322,72.00023174285889,0,0
1596159982.0558321,73.80125999450684,0,0
1596159982.0658321,75.60271739959717,0,0
1596159982.0758321,77.40134239196777,0,0
1596159982.085832,79.20151233673096,0,0
1596159982.095832,81.00103855133057,0,0
1596159982.105832,82.80073642730713,0,0
1596159982.115832,84.60073471069336,0,0
1596159982.125832,86.40116214752197,0,0
1596159982.135832,88.20017337799072,0,0
1596159982.145832,90.0020170211792,0,0
1596159982.155832,91.80274486541748,0,0
1596159982.165832,93.60064029693604,0,0
1596159982.175832,95.40329933166504,0,0
1596159982.185832,97.2006368637085,0,0
1596159982.195832,99.00269508361816,0,0
1596159982.205832,100.80200672149658,0,0
1596159982.215832,102.6029920578003,0,0
1596159982.225832,104.40320491790771,0,0
1596159982.235832,106.2028169631958,0,0
1596159982.245832,108.00006866455078,0,0
1596159982.2467833,108.17112922668457,0,0
1596159982.2467833,108.17112922668457,0.0,0
1596159982.255832,109.80113983154297,0.0,0
1596159982.265832,111.60036563873291,0.0,0
1596159982.275832,113.40208053588867,0.0,0
1596159982.285832,115.20164966583252,0.0,0
1596159982.295832,117.00053215026855,0.0,0
1596159982.305832,118.80297660827637,0.0,0
1596159982.315832,120.60070037841797,0.0,0
1596159982.325832,122.40061283111572,0.0,0
1596159982.3358319,124.20048236846924,0.0,0
1596159982.3458319,126.00266933441162,0.0,0
1596159982.3558319,127.8024959564209,0.0,0
1596159982.3658319,129.60137844085693,0.0,0
1596159982.3758318,131.40060424804688,0.0,0
1596159982.3858318,133.19987297058105,0.0,0
1596159982.3958318,135.0029182434082,0.0,0
1596159982.4058318,136.80270195007324,0.0,0
1596159982.4158318,138.60064029693604,0.0,0
1596159982.4258318,140.4017972946167,0.0,0
1596159982.4358318,142.20282554626465,0.0,0
1596159982.4458318,144.0027379989624,0.0,0
1596159982.4558318,145.80059051513672,0.0,0
1596159982.4658318,147.6024341583252,0.0,0
1596159982.4758317,149.40234661102295,0.0,0
1596159982.4858317,151.20294570922852,0.0,0
1596159982.4958317,153.00174236297607,0.0,0
1596159982.5058317,154.800066947937,0.0,0
1596159982.5156384,156.5650463104248,0.0,0
1596159982.5156384,156.5650463104248,0.0,0
1596159982.5158317,156.60272598266602,0.0,0
1596159982.5258317,158.40036392211914,0.0,0
1596159982.5358317,160.20306587219238,0.0,0
1596159982.5458317,162.00053215026855,0.0,0
1596159982.5558317,163.80224704742432,0.0,0
1596159982.5658317,165.60065746307373,0.0,0
1596159982.5758317,167.40310192108154,0.0,0
1596159982.5858316,169.20056819915771,0.0,0
1596159982.5958316,171.0016393661499,0.0,0
1596159982.6058316,172.80146598815918,0.0,0
1596159982.6158316,174.59991931915283,0.0,0
1596159982.6258316,176.40236377716064,0.0,0
1596159982.6358316,178.20141792297363,0.0,0
1596159982.6458316,179.99987125396729,0.0,0
1596159982.6558316,181.80222988128662,0.0,0
1596159982.6658316,183.600811958313,0.0,0
1596159982.6758316,185.40008068084717,0.0,0
1596159982.6858315,187.2020959854126,0.0,0
1596159982.6958315,189.00269508361816,0.0,0
1596159982.7058315,190.80132007598877,0.0,0
1596159982.7158315,192.60282039642334,0.0,0
1596159982.7258315,194.40114498138428,0.0,0
1596159982.7358315,196.2022590637207,0.0,0
1596159982.7458315,198.00302982330322,0.0,0
1596159982.7558315,199.8020839691162,0.0,0
1596159982.7658315,201.60264015197754,0.0,0
1596159982.7758315,203.40225219726562,0.0,0
1596159982.7858315,205.20289421081543,0.0,0
1596159982.7958314,207.0030641555786,0.0,0
1596159982.8058314,208.80091667175293,0.0,0
1596159982.8158314,210.60233116149902,0.0,0
1596159982.8258314,212.4021577835083,0.0,0
1596159982.8358314,214.2002248764038,0.0,0
1596159982.8458314,216.00266933441162,0.0,0
1596159982.8558314,217.80168056488037,0.0,0
1596159982.8658314,219.60275173187256,0.0,0
1596159982.8758314,221.40257835388184,0.0,0
1596159982.8858314,223.20090293884277,0.0,0
1596159982.8958313,224.99987125396729,0.0,0
1596159982.9058313,226.80124282836914,0.0,0
1596159982.9158313,228.60102653503418,0.0,0
1596159982.9258313,230.4021406173706,0.0,0
1596159982.9358313,232.2000789642334,0.0,0
1596159982.9458313,234.00132179260254,0.0,0
1596159982.9558313,235.80029010772705,0.0,0
1596159982.9658313,237.6020050048828,0.0,0
1596159982.9758313,239.40075874328613,0.0,0
1596159982.9858313,241.20088577270508,0.0,0
1596159982.9958313,243.00049781799316,0.0,0
1596159983.0058312,244.80075359344482,0.0,0
1596159983.0158312,246.600022315979,0.0,0
1596159983.0258312,248.40100765228271,0.0,0
1596159983.0358312,250.2013921737671,0.0,0
1596159983.0458312,251.99997425079346,0.0,0
1596159983.0558312,253.7998867034912,0.0,0
1596159983.0658312,255.59997081756592,0.0,0
1596159983.0758312,257.4012565612793,0.0,0
1596159983.0858312,259.2018985748291,0.0,0
1596159983.0958312,261.0014247894287,0.0,0
1596159983.1058311,262.7998352050781,0.0,0
1596159983.1158311,264.6023654937744,0.0,0
1596159983.1258311,266.4005184173584,0.0,0
1596159983.135831,268.2018041610718,0.0,0
1596159983.145831,270.0015449523926,0.0,0
1596159983.155831,271.79999828338623,0.0,0
1596159983.165831,273.60188484191895,0.0,0
1596159983.175831,275.40153980255127,0.0,0
1596159983.185831,277.1998643875122,0.0,0
1596159983.195831,279.0002918243408,0.0,0
1596159983.205831,280.8022212982178,0.0,0
1596159983.215831,282.60093212127686,0.0,0
1596159983.225831,284.4006299972534,0.0,0
1596159983.235831,286.20131492614746,0.0,0
1596159983.245831,288.0017423629761,0.0,0
1596159983.255831,289.80169773101807,0.0,0
1596159983.265831,291.60040855407715,0.0,0
1596159983.275831,293.40147972106934,0.0,0
1596159983.285831,295.20134925842285,0.0,0
1596159983.295831,296.9999313354492,0.0,0
1596159983.305831,298.8022041320801,0.0,0
1596159983.315831,300.601601600647,0.0,0
1596159983.325831,302.40232944488525,0.0,0
1596159983.335831,304.2023706436157,0.0,0
1596159983.345831,306.00090980529785,0.0,0
1596159983.355831,307.8023672103882,0.0,0
1596159983.365831,309.6013355255127,0.0,0
1596159983.375831,311.4008617401123,0.0,0
1596159983.3858309,313.2015895843506,0.0,0
1596159983.3958309,315.0010299682617,0.0,0
1596159983.4058309,316.8027877807617,0.0,0
1596159983.4158309,318.6010694503784,0.0,0
1596159983.4258308,320.39973735809326,0.0,0
1596159983.4358308,322.2003364562988,0.0,0
1596159983.4458308,324.00132179260254,0.0,0
1596159983.4558308,325.79994678497314,0.0,0
1596159983.4658308,327.5999879837036,0.0,0
1596159983.4758308,329.40234661102295,0.0,0
1596159983.4858308,331.2005853652954,0.0,0
1596159983.4958308,333.0021286010742,0.0,0
1596159983.5058308,334.8008394241333,0.0,0
1596159983.5158308,336.60233974456787,0.0,0
1596159983.5258307,338.40139389038086,0.0,0
1596159983.5358307,340.2007055282593,0.0,0
1596159983.5458307,342.00263500213623,0.0,0
1596159983.5558307,343.8022041320801,0.0,0
1596159983.5658307,345.6025457382202,0.0,0
1596159983.5758307,347.4006986618042,0.0,0
1596159983.5858307,349.2003107070923,0.0,0
1596159983.5958307,351.0024118423462,0.0,0
1596159983.6058307,352.80030727386475,0.0,0
1596159983.6158307,354.60275173187256,0.0,0
1596159983.6258307,356.40013217926025,0.0,0
1596159983.6358306,358.19974422454834,0.0,0
1596159983.6394954,358.8593101501465,0.0,0
1596159983.6394954,358.8593101501465,0.0,0
1596159983.645837,360,0.0,1
1596159983.645837,0,0,0
1596159983.655837,1.802229881286621,0,0
1596159983.665837,3.6017990112304688,0,0
1596159983.675837,5.401110649108887,0,0
1596159983.685837,7.20003604888916,0,0
1596159983.695837,9.000463485717773,0,0
1596159983.705837,10.801920890808105,0,0
1596159983.715837,12.602949142456055,0,0
1596159983.725837,14.40333366394043,0,0
1596159983.735837,16.201958656311035,0,0
1596159983.745837,18.002772331237793,0,0
1596159983.755837,19.800796508789062,0,0
1596159983.765837,21.602468490600586,0,0
1596159983.775837,23.40113639831543,0,0
1596159983.785837,25.201306343078613,0,0
1596159983.795837,27.0003604888916,0,0
1596159983.805837,28.802032470703125,0,0
1596159983.815837,30.601344108581543,0,0
1596159983.825837,32.401084899902344,0,0
1596159983.835837,34.20185565948486,0,0
1596159983.8458369,36.002197265625,0,0
1596159983.8558369,37.80000686645508,0,0
1596159983.8658369,39.60249423980713,0,0
1596159983.8758368,41.400389671325684,0,0
1596159983.8858368,43.20090293884277,0,0
1596159983.8958368,45.00107288360596,0,0
1596159983.9058368,46.79999828338623,0,0
1596159983.9158368,48.60330104827881,0,0
1596159983.9258368,50.401926040649414,0,0
1596159983.9358368,52.20080852508545,0,0
1596159983.9458368,54.00157928466797,0,0
1596159983.9558368,55.80286502838135,0,0
1596159983.9658368,57.6033353805542,0,0
1596159983.9758368,59.401445388793945,0,0
1596159983.9858367,61.2007999420166,0,0
1596159983.9958367,63.00084114074707,0,0
1596159984.0058367,64.80105400085449,0,0
1596159984.0158367,66.6029405593872,0,0
1596159984.0258367,68.4025526046753,0,0
1596159984.0358367,70.20014762878418,0,0
1596159984.0458367,72.00044631958008,0,0
1596159984.0558367,73.80284786224365,0,0
1596159984.0658367,75.60220241546631,0,0
1596159984.0758367,77.40293025970459,0,0
1596159984.0858366,79.20022487640381,0,0
1596159984.0958366,81.00090980529785,0,0
1596159984.1058366,82.80176639556885,0,0
1596159984.1158366,84.60288047790527,0,0
1596159984.1258366,86.40257835388184,0,0
1596159984.1358366,88.20330619812012,0,0
1596159984.1458366,90.00304698944092,0,0
1596159984.1558366,91.8000841140747,0,0
1596159984.1658366,93.6020565032959,0,0
1596159984.1758366,95.40162563323975,0,0
1596159984.1858366,97.20170974731445,0,0
1596159984.1958365,99.00106430053711,0,0
1596159984.2058365,100.80071926116943,0,0
1596159984.2158365,102.60282039642334,0,0
1596159984.2258365,104.40320491790771,0,0
1596159984.2358365,106.2031602859497,0,0
1596159984.2458365,108.00062656402588,0,0
1596159984.2558365,109.80216979980469,0,0
1596159984.2658365,111.60199642181396,0,0
1596159984.2758365,113.40165138244629,0,0
1596159984.2858365,115.20010471343994,0,0
1596159984.2958364,117.00074672698975,0,0
1596159984.3058364,118.80048751831055,0,0
1596159984.3158364,120.60173034667969,0,0
1596159984.3258364,122.40056991577148,0,0
1596159984.3358364,124.20215606689453,0,0
1596159984.3458364,126.00224018096924,0,0
1596159984.3558364,127.80125141143799,0,0
1596159984.3658364,129.6013355255127,0,0
1596159984.3758364,131.4017629623413,0,0
1596159984.3858364,133.19987297058105,0,0
1596159984.3958364,135.00266075134277,0,0
1596159984.4058363,136.80047035217285,0,0
1596159984.4158363,138.60102653503418,0,0
1596159984.4258363,140.40008068084717,0,0
1596159984.4358363,142.20158100128174,0,0
1596159984.4458363,144.00140762329102,0,0
1596159984.4558363,145.80149173736572,0,0
1596159984.4658363,147.60149002075195,0,0
1596159984.4758363,149.40264701843262,0,0
1596159984.4858363,151.2004566192627,0,0
1596159984.4958363,153.0005407333374,0,0
1596159984.5058362,154.80148315429688,0,0
1596159984.5158527,156.6028118133545,0,0
1596159984.5158527,156.6028118133545,0.0,0
1596159984.5158362,156.6028118133545,0.0,0
1596159984.5258362,158.40083599090576,0.0,0
1596159984.5358362,160.20109176635742,0.0,0
1596159984.5458362,161.99984550476074,0.0,0
1596159984.5558362,163.80057334899902,0.0,0
1596159984.5658362,165.60031414031982,0.0,0
1596159984.5758362,167.4000120162964,0.0,0
1596159984.5858362,169.20082569122314,0.0,0
1596159984.5958362,171.00125312805176,0.0,0
1596159984.6058362,172.80163764953613,0.0,0
1596159984.6158361,174.6015501022339,0.0,0
1596159984.6258361,176.4010763168335,0.0,0
1596159984.6358361,178.20184707641602,0.0,0
1596159984.645836,180.00197410583496,0.0,0
1596159984.655836,181.80111408233643,0.0,0
1596159984.665836,183.60308647155762,0.0,0
1596159984.675836,185.39986610412598,0.0,0
1596159984.685836,187.20183849334717,0.0,0
1596159984.695836,189.00286674499512,0.0,0
1596159984.705836,190.80054759979248,0.0,0
1596159984.715836,192.60320663452148,0.0,0
1596159984.725836,194.400372505188,0.0,0
1596159984.735836,196.2022590637207,0.0,0
1596159984.745836,198.0024290084839,0.0,0
1596159984.755836,199.8013973236084,0.0,0
1596159984.765836,201.6016960144043,0.0,0
1596159984.775836,203.4028959274292,0.0,0
1596159984.785836,205.20160675048828,0.0,0
1596159984.795836,207.00083255767822,0.0,0
1596159984.805836,208.8026762008667,0.0,0
1596159984.815836,210.60104370117188,0.0,0
1596159984.825836,212.40065574645996,0.0,0
1596159984.835836,214.20292854309082,0.0,0
1596159984.845836,216.00082397460938,0.0,0
1596159984.855836,217.80219554901123,0.0,0
1596159984.865836,219.603009223938,0.0,0
1596159984.875836,221.4019775390625,0.0,0
1596159984.885836,223.20300579071045,0.0,0
1596159984.8958359,225.00283241271973,0.0,0
1596159984.9058359,226.80304527282715,0.0,0
1596159984.9158359,228.6009407043457,0.0,0
1596159984.9258358,230.40020942687988,0.0,0
1596159984.9358358,232.20261096954346,0.0,0
1596159984.9458358,234.00303840637207,0.0,0
1596159984.9558358,235.80041885375977,0.0,0
1596159984.9658358,237.60161876678467,0.0,0
1596159984.9758358,239.4023895263672,0.0,0
1596159984.9858358,241.20019912719727,0.0,0
1596159984.9958358,243.00298690795898,0.0,0
1596159985.0058358,244.80165481567383,0.0,0
1596159985.0158358,246.60264015197754,0.0,0
1596159985.0258358,248.399977684021,0.0,0
1596159985.0358357,250.20066261291504,0.0,0
1596159985.0458357,252.00242042541504,0.0,0
1596159985.0558357,253.80297660827637,0.0,0
1596159985.0658357,255.60293197631836,0.0,0
1596159985.0758357,257.40254402160645,0.0,0
1596159985.0858357,259.1999673843384,0.0,0
1596159985.0958357,261.0027551651001,0.0,0
1596159985.1058357,262.80009269714355,0.0,0
1596159985.1158357,264.6027946472168,0.0,0
1596159985.1258357,266.4024496078491,0.0,0
1596159985.1358356,268.2006025314331,0.0,0
1596159985.1458356,269.99982833862305,0.0,0
1596159985.1558356,271.8016290664673,0.0,0
1596159985.1658356,273.60119819641113,0.0,0
1596159985.1758356,275.40072441101074,0.0,0
1596159985.1858356,277.2024393081665,0.0,0
1596159985.1958356,279.00235176086426,0.0,0
1596159985.2058356,280.8021354675293,0.0,0
1596159985.2158356,282.60303497314453,0.0,0
1596159985.2258356,284.40135955810547,0.0,0
1596159985.2358356,286.1999845504761,0.0,0
1596159985.2458355,288.0027723312378,0.0,0
1596159985.2558355,289.8030710220337,0.0,0
1596159985.2658355,291.60285472869873,0.0,0
1596159985.2758355,293.4025526046753,0.0,0
1596159985.2858355,295.2005338668823,0.0,0
1596159985.2958355,297.00006008148193,0.0,0
1596159985.3058355,298.80293369293213,0.0,0
1596159985.3158355,300.6015157699585,0.0,0
1596159985.3258355,302.4029731750488,0.0,0
1596159985.3358355,304.2018985748291,0.0,0
1596159985.3458354,306.00202560424805,0.0,0
1596159985.3558354,307.8014659881592,0.0,0
1596159985.3658354,309.60017681121826,0.0,0
1596159985.3758354,311.4030075073242,0.0,0
1596159985.3858354,313.20154666900635,0.0,0
1596159985.3958354,314.9998712539673,0.0,0
1596159985.4058354,316.79991245269775,0.0,0
1596159985.4158354,318.601713180542,0.0,0
1596159985.4258354,320.40050983428955,0.0,0
1596159985.4358354,322.2029113769531,0.0,0
1596159985.4458354,324.00213718414307,0.0,0
1596159985.4558353,325.802264213562,0.0,0
1596159985.4658353,327.59981632232666,0.0,0
1596159985.4758353,329.40281867980957,0.0,0
1596159985.4858353,331.2003707885742,0.0,0
1596159985.4958353,333.000283241272,0.0,0
1596159985.5058353,334.8021697998047,0.0,0
1596159985.5158353,336.60143852233887,0.0,0
1596159985.5258353,338.4028959274292,0.0,0
1596159985.5358353,340.20263671875,0.0,0
1596159985.540953,341.12085342407227,0.0,0
1596159985.540953,341.12085342407227,0.0,0
1596159985.5458353,342.00031757354736,0.0,0
1596159985.5558352,343.80181789398193,0.0,0
1596159985.5658352,345.60001373291016,0.0,0
1596159985.5758352,347.3997974395752,0.0,0
1596159985.5858352,349.20095443725586,0.0,0
1596159985.5958352,351.0019826889038,0.0,0
1596159985.6058352,352.8013801574707,0.0,0
1596159985.6158352,354.60253715515137,0.0,0
1596159985.6258352,356.4009475708008,0.0,0
1596159985.6358352,358.20077419281006,0.0,0
1596159985.645849,360,0.0,1
1596159985.645849,0,0,0
1596159985.655849,1.8009424209594727,0,0
1596159985.665849,3.603343963623047,0,0
1596159985.675849,5.4018402099609375,0,0
1596159985.685849,7.200250625610352,0,0
1596159985.695849,9.000978469848633,0,0
1596159985.705849,10.801277160644531,0,0
1596159985.715849,12.601189613342285,0,0
1596159985.725849,14.400458335876465,0,0
1596159985.735849,16.20110034942627,0,0
1596159985.745849,18.000712394714355,0,0
1596159985.755849,19.80281352996826,0,0
1596159985.7658489,21.602425575256348,0,0
1596159985.7758489,23.401737213134766,0,0
1596159985.7858489,25.203022956848145,0,0
1596159985.7958488,27.002763748168945,0,0
1596159985.8058488,28.80194664001465,0,0
1596159985.8158488,30.600528717041016,0,0
1596159985.8258488,32.40134239196777,0,0
1596159985.8358488,34.20288562774658,0,0
1596159985.8458488,36.000094413757324,0,0
1596159985.8558488,37.800607681274414,0,0
1596159985.8658488,39.60197925567627,0,0
1596159985.8758488,41.40249252319336,0,0
1596159985.8858488,43.201847076416016,0,0
1596159985.8958488,45.002360343933105,0,0
1596159985.9058487,46.80154323577881,0,0
1596159985.9158487,48.60132694244385,0,0
1596159985.9258487,50.400166511535645,0,0
1596159985.9358487,52.20050811767578,0,0
1596159985.9458487,54.00200843811035,0,0
1596159985.9558487,55.80179214477539,0,0
1596159985.9658487,57.60256290435791,0,0
1596159985.9758487,59.40131664276123,0,0
1596159985.9858487,61.20161533355713,0,0
1596159985.9958487,63.00208568572998,0,0
1596159986.0058486,64.80221271514893,0,0
1596159986.0158486,66.60285472869873,0,0
1596159986.0258486,68.40010643005371,0,0
1596159986.0358486,70.20177841186523,0,0
1596159986.0458486,72.00109004974365,0,0
1596159986.0558486,73.80203247070312,0,0
1596159986.0658486,75.60323238372803,0,0
1596159986.0758486,77.40005493164062,0,0
1596159986.0858486,79.20275688171387,0,0
1596159986.0958486,81.00318431854248,0,0
1596159986.1058486,82.80301094055176,0,0
1596159986.1158485,84.60202217102051,0,0
1596159986.1258485,86.40034675598145,0,0
1596159986.1358485,88.2002592086792,0,0
1596159986.1458485,90.000901222229,0,0
1596159986.1558485,91.80111408233643,0,0
1596159986.1658485,93.6023998260498,0,0
1596159986.1758485,95.40201187133789,0,0
1596159986.1858485,97.20016479492188,0,0
1596159986.1958485,99.0012788772583,0,0
1596159986.2058485,100.80063343048096,0,0
1596159986.2158484,102.60324954986572,0,0
1596159986.2258484,104.40088748931885,0,0
1596159986.2358484,106.20041370391846,0,0
1596159986.2458484,108.00024032592773,0,0
1596159986.2558484,109.80264186859131,0,0
1596159986.2658484,111.60272598266602,0,0
1596159986.2758484,113.40328216552734,0,0
1596159986.2858484,115.20044803619385,0,0
1596159986.2958484,117.00018882751465,0,0
1596159986.3058484,118.80035877227783,0,0
1596159986.3158484,120.60087203979492,0,0
1596159986.3258483,122.40310192108154,0,0
1596159986.3358483,124.20284271240234,0,0
1596159986.3458483,126.00296974182129,0,0
1596159986.3558483,127.80004978179932,0,0
1596159986.3658483,129.60030555725098,0,0
1596159986.3758483,131.4026641845703,0,0
1596159986.3858483,133.20244789123535,0,0
1596159986.3958483,135.00107288360596,0,0
1596159986.4058483,136.80137157440186,0,0
1596159986.4158483,138.59991073608398,0,0
1596159986.4258482,140.40175437927246,0,0
1596159986.4358482,142.20218181610107,0,0
1596159986.4458482,144.00024890899658,0,0
1596159986.4558482,145.8003330230713,0,0
1596159986.4658482,147.6029920578003,0,0
1596159986.4758482,149.40243244171143,0,0
1596159986.4858482,151.20273113250732,0,0
1596159986.4958482,153.0014419555664,0,0
1596159986.5058482,154.8001527786255,0,0
1596159986.5158482,156.6007947921753,0,0
1596159986.5160673,156.63928985595703,0,0
1596159986.5160673,156.63928985595703,0.0,0
1596159986.5258482,158.40044975280762,0.0,0
1596159986.5358481,160.20280838012695,0.0,0
1596159986.5458481,162.00121879577637,0.0,0
1596159986.5558481,163.80194664001465,0.0,0
1596159986.565848,165.60134410858154,0.0,0
1596159986.575848,167.40151405334473,0.0,0
1596159986.585848,169.20069694519043,0.0,0
1596159986.595848,171.00228309631348,0.0,0
1596159986.605848,172.80090808868408,0.0,0
1596159986.615848,174.60039138793945,0.0,0
1596159986.625848,176.40227794647217,0.0,0
1596159986.635848,178.20124626159668,0.0,0
1596159986.645848,180.00120162963867,0.0,0
1596159986.655848,181.80021286010742,0.0,0
1596159986.665848,183.60012531280518,0.0,0
1596159986.675848,185.40184020996094,0.0,0
1596159986.685848,187.20162391662598,0.0,0
1596159986.695848,189.00299549102783,0.0,0
1596159986.705848,190.80187797546387,0.0,0
1596159986.715848,192.60217666625977,0.0,0
1596159986.725848,194.40024375915527,0.0,0
1596159986.735848,196.20200157165527,0.0,0
1596159986.745848,198.0003261566162,0.0,0
1596159986.755848,199.80079650878906,0.0,0
1596159986.765848,201.6024684906006,0.0,0
1596159986.775848,203.40246677398682,0.0,0
1596159986.785848,205.20310878753662,0.0,0
1596159986.795848,207.0022487640381,0.0,0
1596159986.805848,208.80113124847412,0.0,0
1596159986.8158479,210.60100078582764,0.0,0
1596159986.8258479,212.40026950836182,0.0,0
1596159986.8358479,214.2026710510254,0.0,0
1596159986.8458478,216.00236892700195,0.0,0
1596159986.8558478,217.7997922897339,0.0,0
1596159986.8658478,219.59983348846436,0.0,0
1596159986.8758478,221.40223503112793,0.0,0
1596159986.8858478,223.2003879547119,0.0,0
1596159986.8958478,225.0022315979004,0.0,0
1596159986.9058478,226.8011999130249,0.0,0
1596159986.9158478,228.6021852493286,0.0,0
1596159986.9258478,230.4017972946167,0.0,0
1596159986.9358478,232.20273971557617,0.0,0
1596159986.9458477,234.00097846984863,0.0,0
1596159986.9558477,235.80174922943115,0.0,0
1596159986.9658477,237.6002025604248,0.0,0
1596159986.9758477,239.40067291259766,0.0,0
1596159986.9858477,241.20088577270508,0.0,0
1596159986.9958477,243.0017852783203,0.0,0
1596159987.0058477,244.80178356170654,0.0,0
1596159987.0158477,246.60208225250244,0.0,0
1596159987.0258477,248.4012222290039,0.0,0
1596159987.0358477,250.20074844360352,0.0,0
1596159987.0458477,252.0030641555786,0.0,0
1596159987.0558476,253.80147457122803,0.0,0
1596159987.0658476,255.59988498687744,0.0,0
1596159987.0758476,257.3997974395752,0.0,0
1596159987.0858476,259.2014265060425,0.0,0
1596159987.0958476,261.00292682647705,0.0,0
1596159987.1058476,262.80022144317627,0.0,0
1596159987.1158476,264.60150718688965,0.0,0
1596159987.1258476,266.40111923217773,0.0,0
1596159987.1358476,268.20188999176025,0.0,0
1596159987.1458476,270.00115871429443,0.0,0
1596159987.1558475,271.8021011352539,0.0,0
1596159987.1658475,273.6007261276245,0.0,0
1596159987.1758475,275.4008102416992,0.0,0
1596159987.1858475,277.2003364562988,0.0,0
1596159987.1958475,279.00157928466797,0.0,0
1596159987.2058475,280.8008909225464,0.0,0
1596159987.2158475,282.602219581604,0.0,0
1596159987.2258475,284.40200328826904,0.0,0
1596159987.2358475,286.2005424499512,0.0,0
1596159987.2458475,288.00024032592773,0.0,0
1596159987.2558475,289.8006248474121,0.0,0
1596159987.2658474,291.6005802154541,0.0,0
1596159987.2758474,293.4005355834961,0.0,0
1596159987.2858474,295.20023345947266,0.0,0
1596159987.2958474,297.002592086792,0.0,0
1596159987.3058474,298.8012170791626,0.0,0
1596159987.3158474,300.60091495513916,0.0,0
1596159987.3258474,302.4019432067871,0.0,0
1596159987.3358474,304.2025423049927,0.0,0
1596159987.3458474,306.0015535354614,0.0,0
1596159987.3558474,307.8019380569458,0.0,0
1596159987.3658473,309.6009063720703,0.0,0
1596159987.3749194,311.2326765060425,0.0,0
1596159987.3749194,311.2326765060425,0.0,0
1596159987.3758473,311.4012050628662,0.0,0
1596159987.3858473,313.20086002349854,0.0,0
1596159987.3958473,315.0030040740967,0.0,0
1596159987.4058473,316.80124282836914,0.0,0
1596159987.4158473,318.60042572021484,0.0,0
1596159987.4258473,320.4009819030762,0.0,0
1596159987.4358473,322.19990730285645,0.0,0
1596159987.4458473,324.0007209777832,0.0,0
1596159987.4558473,325.80265045166016,0.0,0
1596159987.4658473,327.60015964508057,0.0,0
1596159987.4758472,329.4008445739746,0.0,0
1596159987.4858472,331.2013578414917,0.0,0
1596159987.4958472,332.99993991851807,0.0,0
1596159987.5058472,334.80079650878906,0.0,0
1596159987.5158472,336.60208225250244,0.0,0
1596159987.5258472,338.3998489379883,0.0,0
1596159987.5358472,340.20079135894775,0.0,0
1596159987.5458472,342.0013904571533,0.0,0
1596159987.5558472,343.80194664001465,0.0,0
1596159987.5658472,345.60022830963135,0.0,0
1596159987.5758471,347.4002695083618,0.0,0
1596159987.5858471,349.19983863830566,0.0,0
1596159987.5958471,351.0013818740845,0.0,0
1596159987.6058471,352.80210971832275,0.0,0
1596159987.615847,354.6012496948242,0.0,0
1596159987.625847,356.4014196395874,0.0,0
1596159987.635847,358.2015037536621,0.0,0
1596159987.645847,359.99969959259033,0.0,0
1596159987.645869,360,0.0,1
1596159987.645869,0,0,0
1596159987.655869,1.8002128601074219,0,0
1596159987.665869,3.6005544662475586,0,0
1596159987.675869,5.402483940124512,0,0
1596159987.685869,7.201666831970215,0,0
1596159987.695869,9.0012788772583,0,0
1596159987.705869,10.802993774414062,0,0
1596159987.715869,12.602992057800293,0,0
1596159987.725869,14.400544166564941,0,0
1596159987.735869,16.201958656311035,0,0
1596159987.745869,18.000283241271973,0,0
1596159987.755869,19.80234146118164,0,0
1596159987.765869,21.60088062286377,0,0
1596159987.775869,23.401179313659668,0,0
1596159987.785869,25.201478004455566,0,0
1596159987.7958689,27.002334594726562,0,0
1596159987.8058689,28.800101280212402,0,0
1596159987.8158689,30.60117244720459,0,0
1596159987.8258688,32.40018367767334,0,0
1596159987.8358688,34.202327728271484,0,0
1596159987.8458688,36.00043773651123,0,0
1596159987.8558688,37.802109718322754,0,0
1596159987.8658688,39.600348472595215,0,0
1596159987.8758688,41.40189170837402,0,0
1596159987.8858688,43.20124626159668,0,0
1596159987.8958688,45.00253200531006,0,0
1596159987.9058688,46.80047035217285,0,0
1596159987.9158688,48.60179901123047,0,0
1596159987.9258687,50.40278434753418,0,0
1596159987.9358687,52.20334053039551,0,0
1596159987.9458687,54.00097846984863,0,0
1596159987.9558687,55.801963806152344,0,0
1596159987.9658687,57.60303497314453,0,0
1596159987.9758687,59.40299034118652,0,0
1596159987.9858687,61.20264530181885,0,0
1596159987.9958687,63.000712394714355,0,0
1596159988.0058687,64.8013973236084,0,0
1596159988.0158687,66.60130977630615,0,0
1596159988.0258687,68.40315341949463,0,0
1596159988.0358686,70.20310878753662,0,0
1596159988.0458686,72.00169086456299,0,0
1596159988.0558686,73.80306243896484,0,0
1596159988.0658686,75.60117244720459,0,0
1596159988.0758686,77.40138530731201,0,0
1596159988.0858686,79.20018196105957,0,0
1596159988.0958686,81.00009441375732,0,0
1596159988.1058686,82.80163764953613,0,0
1596159988.1158686,84.60163593292236,0,0
1596159988.1258686,86.40043258666992,0,0
1596159988.1358685,88.20279121398926,0,0
1596159988.1458685,90.00107288360596,0,0
1596159988.1558685,91.80047035217285,0,0
1596159988.1658685,93.6031723022461,0,0
1596159988.1758685,95.39995193481445,0,0
1596159988.1858685,97.20132350921631,0,0
1596159988.1958685,99.00282382965088,0,0
1596159988.2058685,100.80299377441406,0,0
1596159988.2158685,102.60247707366943,0,0
1596159988.2258685,104.40324783325195,0,0
1596159988.2358685,106.20307445526123,0,0
1596159988.2458684,108.0022144317627,0,0
1596159988.2558684,109.80324268341064,0,0
1596159988.2658684,111.60306930541992,0,0
1596159988.2758684,113.4005355834961,0,0
1596159988.2858684,115.20246505737305,0,0
1596159988.2958684,117.00246334075928,0,0
1596159988.3058684,118.80143165588379,0,0
1596159988.3158684,120.60065746307373,0,0
1596159988.3258684,122.40297317504883,0,0
1596159988.3358684,124.20305728912354,0,0
1596159988.3458683,126.00266933441162,0,0
1596159988.3558683,127.80129432678223,0,0
1596159988.3658683,129.60137844085693,0,0
1596159988.3758683,131.40034675598145,0,0
1596159988.3858683,133.20043087005615,0,0
1596159988.3958683,135.00025749206543,0,0
1596159988.4058683,136.80278778076172,0,0
1596159988.4158683,138.60252857208252,0,0
1596159988.4258683,140.40287017822266,0,0
1596159988.4358683,142.20192432403564,0,0
1596159988.4458683,144.00084972381592,0,0
1596159988.4558682,145.80316543579102,0,0
1596159988.4658682,147.6025629043579,0,0
1596159988.4758682,149.40311908721924,0,0
1596159988.4858682,151.20243072509766,0,0
1596159988.4958682,153.00247192382812,0,0
1596159988.5058682,154.80324268341064,0,0
1596159988.5158682,156.6028118133545,0,0
1596159988.5162678,156.6717767715454,0,0
1596159988.5162678,156.6717767715454,0.0,0
1596159988.5258682,158.4010934829712,0.0,0
1596159988.5358682,160.201735496521,0.0,0
1596159988.5458682,161.99993133544922,0.0,0
1596159988.5558681,163.8006591796875,0.0,0
1596159988.5658681,165.60306072235107,0.0,0
1596159988.5758681,167.40026950836182,0.0,0
1596159988.5858681,169.20048236846924,0.0,0
1596159988.595868,171.00284099578857,0.0,0
1596159988.605868,172.80099391937256,0.0,0
1596159988.615868,174.60296630859375,0.0,0
1596159988.625868,176.40240669250488,0.0,0
1596159988.635868,178.20167541503906,0.0,0
1596159988.645868,180.00158786773682,0.0,0
1596159988.655868,181.8024444580078,0.0,0
1596159988.65765,182.1205759048462,0.0,0
1596159988.65765,182.1205759048462,0.0,0
1596159988.665868,183.60304355621338,0.0,0
1596159988.675868,185.40261268615723,0.0,0
1596159988.685868,187.20093727111816,0.0,0
1596159988.695868,189.00312423706055,0.0,0
1596159988.705868,190.8021354675293,0.0,0
1596159988.715868,192.60290622711182,0.0,0
1596159988.725868,194.4027328491211,0.0,0
1596159988.735868,196.20088577270508,0.0,0
1596159988.745868,198.0016565322876,0.0,0
1596159988.755868,199.80281352996826,0.0,0
1596159988.765868,201.6002368927002,0.0,0
1596159988.775868,203.40036392211914,0.0,0
1596159988.785868,205.20220756530762,0.0,0
1596159988.795868,207.002592086792,0.0,0
1596159988.805868,208.80164623260498,0.0,0
1596159988.815868,210.60104370117188,0.0,0
1596159988.825868,212.39984035491943,0.0,0
1596159988.835868,214.20095443725586,0.0,0
1596159988.8458679,216.00065231323242,0.0,0
1596159988.8558679,217.80163764953613,0.0,0
1596159988.8658679,219.60137844085693,0.0,0
1596159988.8758678,221.40013217926025,0.0,0
1596159988.8858678,223.20055961608887,0.0,0
1596159988.8958678,225.0025749206543,0.0,0
1596159988.9058678,226.80072784423828,0.0,0
1596159988.9158678,228.60033988952637,0.0,0
1596159988.9258678,230.40098190307617,0.0,0
1596159988.9358678,232.2017526626587,0.0,0
1596159988.9458678,234.00230884552002,0.0,0
1596159988.9558678,235.80029010772705,0.0,0
1596159988.9658678,237.6027774810791,0.0,0
1596159988.9758677,239.40165996551514,0.0,0
1596159988.9858677,241.2010145187378,0.0,0
1596159988.9958677,243.0022144317627,0.0,0
1596159989.0058677,244.8020839691162,0.0,0
1596159989.0158677,246.60199642181396,0.0,0
1596159989.0258677,248.40160846710205,0.0,0
1596159989.0358677,250.2004909515381,0.0,0
1596159989.0458677,252.00164794921875,0.0,0
1596159989.0558677,253.7999725341797,0.0,0
1596159989.0658677,255.60009956359863,0.0,0
1596159989.0758677,257.3998832702637,0.0,0
1596159989.0858676,259.2018127441406,0.0,0
1596159989.0958676,261.0022830963135,0.0,0
1596159989.1058676,262.80253887176514,0.0,0
1596159989.1158676,264.6014642715454,0.0,0
1596159989.1258676,266.4001750946045,0.0,0
1596159989.1358676,268.2010746002197,0.0,0
1596159989.1458676,270.0015878677368,0.0,0
1596159989.1558676,271.8009424209595,0.0,0
1596159989.1658676,273.6000394821167,0.0,0
1596159989.1758676,275.40162563323975,0.0,0
1596159989.1858675,277.2016668319702,0.0,0
1596159989.1958675,279.0007209777832,0.0,0
1596159989.2058675,280.79973220825195,0.0,0
1596159989.2158675,282.60015964508057,0.0,0
1596159989.2258675,284.40256118774414,0.0,0
1596159989.2358675,286.20019912719727,0.0,0
1596159989.2458675,288.00036907196045,0.0,0
1596159989.2558675,289.8026418685913,0.0,0
1596159989.2658675,291.5998077392578,0.0,0
1596159989.2758675,293.4022092819214,0.0,0
1596159989.2858675,295.20225048065186,0.0,0
1596159989.2958674,297.00143337249756,0.0,0
1596159989.3058674,298.80117416381836,0.0,0
1596159989.3158674,300.60142993927,0.0,0
1596159989.3258674,302.40142822265625,0.0,0
1596159989.3358674,304.20271396636963,0.0,0
1596159989.3458674,306.00245475769043,0.0,0
1596159989.3558674,307.80052185058594,0.0,0
1596159989.3658674,309.59970474243164,0.0,0
1596159989.3758674,311.4026212692261,0.0,0
1596159989.3858674,313.20146083831787,0.0,0
1596159989.3958673,315.0024461746216,0.0,0
1596159989.4058673,316.8022298812866,0.0,0
1596159989.4158673,318.6003828048706,0.0,0
1596159989.4258673,320.40029525756836,0.0,0
1596159989.4358673,322.20158100128174,0.0,0
1596159989.4458673,324.00157928466797,0.0,0
1596159989.4558673,325.8020496368408,0.0,0
1596159989.4658673,327.601318359375,0.0,0
1596159989.4758673,329.4014883041382,0.0,0
1596159989.4858673,331.200156211853,0.0,0
1596159989.4958673,333.00084114074707,0.0,0
1596159989.5058672,334.80088233947754,0.0,0
1596159989.5158672,336.6025972366333,0.0,0
1596159989.5258672,338.4007501602173,0.0,0
1596159989.5358672,340.20233631134033,0.0,0
1596159989.5458672,342.0003604888916,0.0,0
1596159989.5558672,343.8001871109009,0.0,0
1596159989.5658672,345.60271739959717,0.0,0
1596159989.5758672,347.4006128311157,0.0,0
1596159989.5858672,349.19983863830566,0.0,0
1596159989.5958672,351.00202560424805,0.0,0
1596159989.6058671,352.8009080886841,0.0,0
1596159989.6158671,354.60082054138184,0.0,0
1596159989.6258671,356.40034675598145,0.0,0
1596159989.635867,358.20133209228516,0.0,0
1596159989.6458812,360,0.0,1
1596159989.6458812,0,0,0
1596159989.6558812,1.8001270294189453,0,0
1596159989.6658812,3.6004257202148438,0,0
1596159989.6758811,5.401668548583984,0,0
1596159989.6858811,7.202267646789551,0,0
1596159989.6958811,9.00054931640625,0,0
1596159989.705881,10.804238319396973,0,0
1596159989.715881,12.601532936096191,0,0
1596159989.725881,14.401402473449707,0,0
1596159989.735881,16.200413703918457,0,0
1596159989.745881,18.002643585205078,0,0
1596159989.755881,19.803028106689453,0,0
1596159989.765881,21.6011381149292,0,0
1596159989.775881,23.402252197265625,0,0
1596159989.785881,25.199975967407227,0,0
1596159989.795881,27.000231742858887,0,0
1596159989.805881,28.799972534179688,0,0
1596159989.815881,30.601558685302734,0,0
1596159989.825881,32.40288734436035,0,0
1596159989.835881,34.200782775878906,0,0
1596159989.845881,36.00245475769043,0,0
1596159989.855881,37.80116558074951,0,0
1596159989.865881,39.60253715515137,0,0
1596159989.875881,41.4019775390625,0,0
1596159989.885881,43.20176124572754,0,0
1596159989.895881,45.000386238098145,0,0
1596159989.905881,46.80034160614014,0,0
1596159989.915881,48.60158443450928,0,0
1596159989.925881,50.40102481842041,0,0
1596159989.935881,52.202653884887695,0,0
1596159989.945881,54.002652168273926,0,0
1596159989.9558809,55.800461769104004,0,0
1596159989.9658809,57.60110378265381,0,0
1596159989.9758809,59.403204917907715,0,0
1596159989.9858809,61.20285987854004,0,0
1596159989.9958808,63.0010986328125,0,0
1596159990.0058808,64.80071067810059,0,0
1596159990.0158808,66.60083770751953,0,0
1596159990.0258808,68.40156555175781,0,0
1596159990.0358808,70.2022933959961,0,0
1596159990.0458808,72.00066089630127,0,0
1596159990.0558808,73.80125999450684,0,0
1596159990.0658808,75.60284614562988,0,0
1596159990.0758808,77.40155696868896,0,0
1596159990.0858808,79.20297145843506,0,0
1596159990.0958807,81.00133895874023,0,0
1596159990.1058807,82.80206680297852,0,0
1596159990.1158807,84.60150718688965,0,0
1596159990.1258807,86.40073299407959,0,0
1596159990.1358807,88.2011604309082,0,0
1596159990.1458807,90.00030040740967,0,0
1596159990.1558807,91.80012702941895,0,0
1596159990.1658807,93.60291481018066,0,0
1596159990.1758807,95.40226936340332,0,0
1596159990.1858807,97.20110893249512,0,0
1596159990.1958807,99.00084972381592,0,0
1596159990.2058806,100.80320835113525,0,0
1596159990.2158806,102.6024341583252,0,0
1596159990.2258806,104.40268993377686,0,0
1596159990.2358806,106.20011329650879,0,0
1596159990.2458806,108.00045490264893,0,0
1596159990.2558806,109.80015277862549,0,0
1596159990.2658806,111.6007947921753,0,0
1596159990.2758806,113.40044975280762,0,0
1596159990.2858806,115.20306587219238,0,0
1596159990.2958806,117.00289249420166,0,0
1596159990.3058805,118.8010025024414,0,0
1596159990.3158805,120.60070037841797,0,0
1596159990.3202417,121.38489246368408,0,0
1596159990.3202417,121.38489246368408,0.0,0
1596159990.3258805,122.4015998840332,0.0,0
1596159990.3358805,124.20202732086182,0.0,0
1596159990.3458805,126.003098487854,0.0,0
1596159990.3558805,127.80073642730713,0.0,0
1596159990.3658805,129.6018934249878,0.0,0
1596159990.3758805,131.4014196395874,0.0,0
1596159990.3858805,133.20300579071045,0.0,0
1596159990.3958805,135.00081539154053,0.0,0
1596159990.4058805,136.80291652679443,0.0,0
1596159990.4158804,138.60270023345947,0.0,0
1596159990.4258804,140.4024839401245,0.0,0
1596159990.4358804,142.2029972076416,0.0,0
1596159990.4458804,144.0026092529297,0.0,0
1596159990.4558804,145.80260753631592,0.0,0
1596159990.4658804,147.6025629043579,0.0,0
1596159990.4758804,149.40153121948242,0.0,0
1596159990.4858804,151.20298862457275,0.0,0
1596159990.4958804,153.00191402435303,0.0,0
1596159990.5058804,154.79985237121582,0.0,0
1596159990.5158803,156.60199642181396,0.0,0
1596159990.5258803,158.40014934539795,0.0,0
1596159990.5358803,160.2011775970459,0.0,0
1596159990.5458803,162.00276374816895,0.0,0
1596159990.5558803,163.80164623260498,0.0,0
1596159990.5658803,165.60065746307373,0.0,0
1596159990.5758803,167.4001407623291,0.0,0
1596159990.5858803,169.20219898223877,0.0,0
1596159990.5958803,171.00103855133057,0.0,0
1596159990.6058803,172.80099391937256,0.0,0
1596159990.6158803,174.60266590118408,0.0,0
1596159990.6258802,176.40167713165283,0.0,0
1596159990.6358802,178.20223331451416,0.0,0
1596159990.6458802,180.00171661376953,0.0,0
1596159990.6558802,181.80278778076172,0.0,0
1596159990.6578467,182.15379238128662,0.0,0
1596159990.6578467,182.15379238128662,0.0,0
1596159990.6658802,183.60248565673828,0.0,0
1596159990.6758802,185.40205478668213,0.0,0
1596159990.6858802,187.2026538848877,0.0,0
1596159990.6958802,189.00097846984863,0.0,0
1596159990.7058802,190.80114841461182,0.0,0
1596159990.7158802,192.60260581970215,0.0,0
1596159990.7258801,194.40123081207275,0.0,0
1596159990.7358801,196.2011432647705,0.0,0
1596159990.7458801,198.0023431777954,0.0,0
1596159990.75588,199.80101108551025,0.0,0
1596159990.76588,201.60186767578125,0.0,0
1596159990.77588,203.40036392211914,0.0,0
1596159990.78588,205.20104885101318,0.0,0
1596159990.79588,207.0012617111206,0.0,0
1596159990.80588,208.8019037246704,0.0,0
1596159990.81588,210.60155868530273,0.0,0
1596159990.82588,212.40056991577148,0.0,0
1596159990.83588,214.20146942138672,0.0,0
1596159990.84588,216.00030899047852,0.0,0
1596159990.85588,217.8022813796997,0.0,0
1596159990.86588,219.603009223938,0.0,0
1596159990.87588,221.4007329940796,0.0,0
1596159990.88588,223.2022762298584,0.0,0
1596159990.89588,225.00017166137695,0.0,0
1596159990.90588,226.80248737335205,0.0,0
1596159990.91588,228.60158443450928,0.0,0
1596159990.92588,230.40059566497803,0.0,0
1596159990.93588,232.20192432403564,0.0,0
1596159990.94588,234.0016222000122,0.0,0
1596159990.95588,235.80174922943115,0.0,0
1596159990.96588,237.60003089904785,0.0,0
1596159990.97588,239.40290451049805,0.0,0
1596159990.98588,241.20049953460693,0.0,0
1596159990.99588,243.0013132095337,0.0,0
1596159991.0058799,244.79989528656006,0.0,0
1596159991.0158799,246.60152435302734,0.0,0
1596159991.0258799,248.4022092819214,0.0,0
1596159991.0358799,250.20156383514404,0.0,0
1596159991.0458798,252.00040340423584,0.0,0
1596159991.0558798,253.80271911621094,0.0,0
1596159991.0658798,255.60100078582764,0.0,0
1596159991.0758798,257.40241527557373,0.0,0
1596159991.0858798,259.20241355895996,0.0,0
1596159991.0958798,261.0011672973633,0.0,0
1596159991.1058798,262.79996395111084,0.0,0
1596159991.1158798,264.60172176361084,0.0,0
1596159991.1258798,266.40021800994873,0.0,0
1596159991.1358798,268.2010746002197,0.0,0
1596159991.1458797,270.0020170211792,0.0,0
1596159991.1558797,271.80034160614014,0.0,0
1596159991.1658797,273.59978199005127,0.0,0
1596159991.1758797,275.40008068084717,0.0,0
1596159991.1858797,277.20003604888916,0.0,0
1596159991.1958797,279.0029525756836,0.0,0
1596159991.2058797,280.80029010772705,0.0,0
1596159991.2158797,282.60136127471924,0.0,0
1596159991.2258797,284.40054416656494,0.0,0
1596159991.2358797,286.20174407958984,0.0,0
1596159991.2458797,288.00092697143555,0.0,0
1596159991.2558796,289.8028564453125,0.0,0
1596159991.2658796,291.6007947921753,0.0,0
1596159991.2758796,293.40160846710205,0.0,0
1596159991.2858796,295.20246505737305,0.0,0
1596159991.2958796,297.0001029968262,0.0,0
1596159991.3058796,298.80104541778564,0.0,0
1596159991.3158796,300.6020736694336,0.0,0
1596159991.3258796,302.40095615386963,0.0,0
1596159991.3358796,304.20215606689453,0.0,0
1596159991.3458796,306.00103855133057,0.0,0
1596159991.3558795,307.8027534484863,0.0,0
1596159991.3658795,309.6000909805298,0.0,0
1596159991.3758795,311.4013338088989,0.0,0
1596159991.3858795,313.1997013092041,0.0,0
1596159991.3958795,315.00197410583496,0.0,0
1596159991.4058795,316.8028736114502,0.0,0
1596159991.4158795,318.60179901123047,0.0,0
1596159991.4258795,320.4017972946167,0.0,0
1596159991.4358795,322.1998643875122,0.0,0
1596159991.4458795,324.0028238296509,0.0,0
1596159991.4558794,325.8022212982178,0.0,0
1596159991.4658794,327.6029062271118,0.0,0
1596159991.4758794,329.40020084381104,0.0,0
1596159991.4858794,331.2000274658203,0.0,0
1596159991.4958794,332.9998540878296,0.0,0
1596159991.5058794,334.8026418685913,0.0,0
1596159991.5158794,336.6016960144043,0.0,0
1596159991.5258794,338.40203762054443,0.0,0
1596159991.5358794,340.2014350891113,0.0,0
1596159991.5458794,342.0008325576782,0.0,0
1596159991.5558794,343.80091667175293,0.0,0
1596159991.5658793,345.6003999710083,0.0,0
1596159991.5758793,347.3998832702637,0.0,0
1596159991.5858793,349.20018196105957,0.0,0
1596159991.5958793,351.00271224975586,0.0,0
1596159991.6058793,352.80133724212646,0.0,0
1596159991.6158793,354.60004806518555,0.0,0
1596159991.6258793,356.4026641845703,0.0,0
1596159991.6358793,358.2001733779907,0.0,0
1596159991.6458845,360,0.0,1
1596159991.6458845,0,0,0
1596159991.6558845,1.8000411987304688,0,0
1596159991.6658845,3.600940704345703,0,0
1596159991.6758845,5.400295257568359,0,0
1596159991.6858845,7.200937271118164,0,0
1596159991.6958845,9.00029182434082,0,0
1596159991.7058845,10.800161361694336,0,0
1596159991.7158844,12.602949142456055,0,0
1596159991.7258844,14.40256118774414,0,0
1596159991.7358844,16.199984550476074,0,0
1596159991.7458844,18.00333023071289,0,0
1596159991.7558844,19.80208396911621,0,0
1596159991.7658844,21.602039337158203,0,0
1596159991.7758844,23.402681350708008,0,0
1596159991.7858844,25.200705528259277,0,0
1596159991.7958844,27.00263500213623,0,0
1596159991.8058844,28.801474571228027,0,0
1596159991.8158844,30.601258277893066,0,0
1596159991.8258843,32.40335941314697,0,0
1596159991.8358843,34.20224189758301,0,0
1596159991.8458843,36.00086688995361,0,0
1596159991.8558843,37.800564765930176,0,0
1596159991.8658843,39.601078033447266,0,0
1596159991.8758843,41.40172004699707,0,0
1596159991.8858843,43.20180416107178,0,0
1596159991.8958843,45.00141620635986,0,0
1596159991.9058843,46.80107116699219,0,0
1596159991.9158843,48.60227108001709,0,0
1596159991.9258842,50.40081024169922,0,0
1596159991.9358842,52.20304012298584,0,0
1596159991.9458842,54.00235176086426,0,0
1596159991.9558842,55.8015775680542,0,0
1596159991.9658842,57.60183334350586,0,0
1596159991.9758842,59.40337657928467,0,0
1596159991.9858842,61.20217323303223,0,0
1596159991.9958842,63.002729415893555,0,0
1596159992.0058842,64.80212688446045,0,0
1596159992.0158842,66.60143852233887,0,0
1596159992.0258842,68.39993476867676,0,0
1596159992.0358841,70.2020788192749,0,0
1596159992.0458841,72.00177669525146,0,0
1596159992.0558841,73.80310535430908,0,0
1596159992.065884,75.60048580169678,0,0
1596159992.075884,77.40108489990234,0,0
1596159992.085884,79.2009973526001,0,0
1596159992.095884,81.00249767303467,0,0
1596159992.105884,82.80236721038818,0,0
1596159992.115884,84.60129261016846,0,0
1596159992.125884,86.40283584594727,0,0
1596159992.135884,88.20008754730225,0,0
1596159992.145884,89.99995708465576,0,0
1596159992.155884,91.80137157440186,0,0
1596159992.165884,93.60167026519775,0,0
1596159992.175884,95.40003776550293,0,0
1596159992.185884,97.20201015472412,0,0
1596159992.195884,98.99994850158691,0,0
1596159992.205884,100.80209255218506,0,0
1596159992.215884,102.60101795196533,0,0
1596159992.225884,104.40170288085938,0,0
1596159992.235884,106.20054244995117,0,0
1596159992.245884,108.00234317779541,0,0
1596159992.255884,109.80264186859131,0,0
1596159992.265884,111.59993648529053,0,0
1596159992.275884,113.40328216552734,0,0
1596159992.285884,115.20040512084961,0,0
1596159992.295884,117.00302124023438,0,0
1596159992.305884,118.80074501037598,0,0
1596159992.3158839,120.60280323028564,0,0
1596159992.3204427,121.42046928405762,0,0
1596159992.3204427,121.42046928405762,0.0,0
1596159992.3258839,122.40155696868896,0.0,0
1596159992.3358839,124.2015552520752,0.0,0
1596159992.3458838,126.00228309631348,0.0,0
1596159992.3558838,127.80146598815918,0.0,0
1596159992.3658838,129.60073471069336,0.0,0
1596159992.3758838,131.40004634857178,0.0,0
1596159992.3858838,133.20266246795654,0.0,0
1596159992.3958838,135.00094413757324,0.0,0
1596159992.4058838,136.80167198181152,0.0,0
1596159992.4158838,138.60106945037842,0.0,0
1596159992.4258838,140.4003381729126,0.0,0
1596159992.4358838,142.20295429229736,0.0,0
1596159992.4458838,144.00054931640625,0.0,0
1596159992.4558837,145.8006763458252,0.0,0
1596159992.4658837,147.601318359375,0.0,0
1596159992.4758837,149.4028615951538,0.0,0
1596159992.4858837,151.20041370391846,0.0,0
1596159992.4958837,152.99989700317383,0.0,0
1596159992.5058837,154.80259895324707,0.0,0
1596159992.5158837,156.6022539138794,0.0,0
1596159992.5258837,158.40105056762695,0.0,0
1596159992.5358837,160.20031929016113,0.0,0
1596159992.5458837,162.00139045715332,0.0,0
1596159992.5558836,163.80138874053955,0.0,0
1596159992.5658836,165.60267448425293,0.0,0
1596159992.5758836,167.40177154541016,0.0,0
1596159992.5858836,169.20172691345215,0.0,0
1596159992.5958836,171.0016393661499,0.0,0
1596159992.6058836,172.80202388763428,0.0,0
1596159992.6158836,174.60017681121826,0.0,0
1596159992.6258836,176.40300750732422,0.0,0
1596159992.6358836,178.200945854187,0.0,0
1596159992.6458836,180.00060081481934,0.0,0
1596159992.6558836,181.8030881881714,0.0,0
1596159992.6568036,181.9654369354248,0.0,0
1596159992.6568036,181.9654369354248,0.0,0
1596159992.6658835,183.60106945037842,0.0,0
1596159992.6758835,185.40188312530518,0.0,0
1596159992.6858835,187.2011947631836,0.0,0
1596159992.6958835,189.00312423706055,0.0,0
1596159992.7058835,190.8001184463501,0.0,0
1596159992.7158835,192.59981632232666,0.0,0
1596159992.7258835,194.40165996551514,0.0,0
1596159992.7358835,196.19998455047607,0.0,0
1596159992.7458835,198.00272941589355,0.0,0
1596159992.7558835,199.80169773101807,0.0,0
1596159992.7658834,201.60173892974854,0.0,0
1596159992.7758834,203.40208053588867,0.0,0
1596159992.7858834,205.20310878753662,0.0,0
1596159992.7958834,207.00284957885742,0.0,0
1596159992.8058834,208.80061626434326,0.0,0
1596159992.8158834,210.6002712249756,0.0,0
1596159992.8258834,212.4009132385254,0.0,0
1596159992.8358834,214.20215606689453,0.0,0
1596159992.8458834,216.00026607513428,0.0,0
1596159992.8558834,217.80279636383057,0.0,0
1596159992.8658834,219.60030555725098,0.0,0
1596159992.8758833,221.4028787612915,0.0,0
1596159992.8858833,223.20141792297363,0.0,0
1596159992.8958833,225.00300407409668,0.0,0
1596159992.9058833,226.80214405059814,0.0,0
1596159992.9158833,228.60046863555908,0.0,0
1596159992.9258833,230.39995193481445,0.0,0
1596159992.9358833,232.20050811767578,0.0,0
1596159992.9458833,234.00235176086426,0.0,0
1596159992.9558833,235.80174922943115,0.0,0
1596159992.9658833,237.6024341583252,0.0,0
1596159992.9758832,239.40054416656494,0.0,0
1596159992.9858832,241.20049953460693,0.0,0
1596159992.9958832,243.0013132095337,0.0,0
1596159993.0058832,244.8007106781006,0.0,0
1596159993.0158832,246.60251140594482,0.0,0
1596159993.0258832,248.40113639831543,0.0,0
1596159993.0358832,250.20169258117676,0.0,0
1596159993.0458832,252.0002317428589,0.0,0
1596159993.0558832,253.80061626434326,0.0,0
1596159993.0658832,255.6001853942871,0.0,0
1596159993.0758832,257.40108489990234,0.0,0
1596159993.0858831,259.2027997970581,0.0,0
1596159993.0958831,261.0022830963135,0.0,0
1596159993.1058831,262.8026247024536,0.0,0
1596159993.115883,264.6003484725952,0.0,0
1596159993.125883,266.40292167663574,0.0,0
1596159993.135883,268.20051670074463,0.0,0
1596159993.145883,270.00253200531006,0.0,0
1596159993.155883,271.8004274368286,0.0,0
1596159993.165883,273.59999656677246,0.0,0
1596159993.175883,275.40029525756836,0.0,0
1596159993.185883,277.20102310180664,0.0,0
1596159993.195883,279.0011501312256,0.0,0
1596159993.205883,280.800461769104,0.0,0
1596159993.215883,282.60307788848877,0.0,0
1596159993.225883,284.40290451049805,0.0,0
1596159993.235883,286.2009286880493,0.0,0
1596159993.245883,288.00079822540283,0.0,0
1596159993.255883,289.8008394241333,0.0,0
1596159993.265883,291.6019535064697,0.0,0
1596159993.275883,293.40087890625,0.0,0
1596159993.285883,295.2022933959961,0.0,0
1596159993.295883,297.0008325576782,0.0,0
1596159993.305883,298.8019895553589,0.0,0
1596159993.315883,300.60142993927,0.0,0
1596159993.325883,302.4005699157715,0.0,0
1596159993.335883,304.2017698287964,0.0,0
1596159993.345883,306.00103855133057,0.0,0
1596159993.355883,307.8006076812744,0.0,0
1596159993.3658829,309.59996223449707,0.0,0
1596159993.3758829,311.4018487930298,0.0,0
1596159993.3858829,313.20257663726807,0.0,0
1596159993.3958828,315.001802444458,0.0,0
1596159993.4058828,316.80150032043457,0.0,0
1596159993.4158828,318.6025285720825,0.0,0
1596159993.4258828,320.40218353271484,0.0,0
1596159993.4358828,322.20003604888916,0.0,0
1596159993.4458828,324.00222301483154,0.0,0
1596159993.4558828,325.8003330230713,0.0,0
1596159993.4658828,327.60260581970215,0.0,0
1596159993.4758828,329.40131664276123,0.0,0
1596159993.4858828,331.19985580444336,0.0,0
1596159993.4958827,333.001914024353,0.0,0
1596159993.5058827,334.80169773101807,0.0,0
1596159993.5158827,336.60027980804443,0.0,0
1596159993.5258827,338.4015226364136,0.0,0
1596159993.5358827,340.2014350891113,0.0,0
1596159993.5458827,342.0001029968262,0.0,0
1596159993.5558827,343.8017749786377,0.0,0
1596159993.5658827,345.60190200805664,0.0,0
1596159993.5758827,347.4001407623291,0.0,0
1596159993.5858827,349.2021131515503,0.0,0
1596159993.5958827,351.00125312805176,0.0,0
1596159993.6058826,352.8010368347168,0.0,0
1596159993.6158826,354.60129261016846,0.0,0
1596159993.6258826,356.40026092529297,0.0,0
1596159993.6358826,358.20244789123535,0.0,0
1596159993.6458888,360,0.0,1
1596159993.6458888,0,0,0
1596159993.6558888,1.8032169342041016,0,0
1596159993.6658888,3.6019277572631836,0,0
1596159993.6758888,5.4018402099609375,0,0
1596159993.6858888,7.200422286987305,0,0
1596159993.6958888,9.001493453979492,0,0
1596159993.7058887,10.801749229431152,0,0
1596159993.7158887,12.60256290435791,0,0
1596159993.7258887,14.403204917907715,0,0
1596159993.7358887,16.203160285949707,0,0
1596159993.7458887,18.000669479370117,0,0
1596159993.7558887,19.80135440826416,0,0
1596159993.7658887,21.603026390075684,0,0
1596159993.7758887,23.400449752807617,0,0
1596159993.7858887,25.200576782226562,0,0
1596159993.7958887,27.002034187316895,0,0
1596159993.8058887,28.800272941589355,0,0
1596159993.8158886,30.600786209106445,0,0
1596159993.8258886,32.400054931640625,0,0
1596159993.8358886,34.201340675354004,0,0
1596159993.8458886,36.000823974609375,0,0
1596159993.8558886,37.80043601989746,0,0
1596159993.8658886,39.600090980529785,0,0
1596159993.8758886,41.40300750732422,0,0
1596159993.8858886,43.20300579071045,0,0
1596159993.8958886,45.00253200531006,0,0
1596159993.9058886,46.802659034729004,0,0
1596159993.9158885,48.600640296936035,0,0
1596159993.9258885,50.401625633239746,0,0
1596159993.9358885,52.20179557800293,0,0
1596159993.9458885,54.00248050689697,0,0
1596159993.9558885,55.800719261169434,0,0
1596159993.9658885,57.60011672973633,0,0
1596159993.9758885,59.402475357055664,0,0
1596159993.9858885,61.20264530181885,0,0
1596159993.9958885,63.00101280212402,0,0
