Type = Mirollor Strogatz (-ish),Function = Peskin,Refract =0,Epsilon =0.3,Gamma =8,Start_phase =225
Timestamp,Phase,Offset,Ping?
1596159829,225,0,0
1596159829.01,226.79823875427246,1.25,0
1596159829.02,228.59797954559326,1.25,0
1596159829.03,230.3984498977661,1.25,0
1596159829.04,232.19857692718506,1.25,0
1596159829.05,233.9963436126709,1.25,0
1596159829.06,235.79556941986084,1.25,0
1596159829.07,237.59599685668945,1.25,0
1596159829.08,239.39861297607422,1.25,0
1596159829.09,241.19762420654297,1.25,0
1596159829.1,242.99620628356934,1.25,0
1596159829.11,244.79830741882324,1.25,0
1596159829.12,246.5984344482422,1.25,0
1596159829.1299999,248.39791774749756,1.25,0
1596159829.1399999,250.19761562347412,1.25,0
1596159829.1499999,251.99559688568115,1.25,0
1596159829.1599998,253.79868507385254,1.25,0
1596159829.1699998,255.59610843658447,1.25,0
1596159829.1799998,257.3981237411499,1.25,0
1596159829.1899998,259.19756412506104,1.25,0
1596159829.1999998,260.99842071533203,1.25,0
1596159829.2099998,262.7970027923584,1.25,0
1596159829.2199998,264.59644317626953,1.25,0
1596159829.2299998,266.3961410522461,1.25,0
1596159829.2399998,268.19583892822266,1.25,0
1596159829.2499998,269.99669551849365,1.25,0
1596159829.2599998,271.79609298706055,1.25,0
1596159829.2699997,273.598837852478,1.25,0
1596159829.2799997,275.3987503051758,1.25,0
1596159829.2899997,277.1975040435791,1.25,0
1596159829.2999997,278.99685859680176,1.25,0
1596159829.3099997,280.79827308654785,1.25,0
1596159829.3199997,282.5981855392456,1.25,0
1596159829.3299997,284.39809799194336,1.25,0
1596159829.3399997,286.19569301605225,1.25,0
1596159829.3499997,287.9982662200928,1.25,0
1596159829.3599997,289.7986078262329,1.25,0
1596159829.3699996,291.5971899032593,1.25,0
1596159829.3799996,293.3962869644165,1.25,0
1596159829.3899996,295.1961135864258,1.25,0
1596159829.3999996,296.9972276687622,1.25,0
1596159829.4099996,298.79568099975586,1.25,0
1596159829.4199996,300.5973958969116,1.25,0
1596159829.4299996,302.39593505859375,1.25,0
1596159829.4399996,304.1970920562744,1.25,0
1596159829.4499996,305.99554538726807,1.25,0
1596159829.4599996,307.79674530029297,1.25,0
1596159829.4699996,309.59704399108887,1.25,0
1596159829.4799995,311.3984155654907,1.25,0
1596159829.4899995,313.19794178009033,1.25,0
1596159829.4999995,314.9961805343628,1.25,0
1596159829.5099995,316.79630756378174,1.25,0
1596159829.5199995,318.5980224609375,1.25,0
1596159829.5299995,320.3978490829468,1.25,0
1596159829.5399995,322.1966028213501,1.25,0
1596159829.5499995,323.9976739883423,1.25,0
1596159829.5599995,325.79750061035156,1.25,0
1596159829.5699995,327.5981855392456,1.25,0
1596159829.5799994,329.3962097167969,1.25,0
1596159829.5899994,331.19569301605225,1.25,0
1596159829.5999994,332.9980516433716,1.25,0
1596159829.6099994,334.7974491119385,1.25,0
1596159829.6199994,336.5975761413574,1.25,0
1596159829.6299994,338.3957290649414,1.25,0
1596159829.6399994,340.19551277160645,1.25,0
1596159829.6499994,341.99568271636963,1.25,0
1596159829.6599994,343.79645347595215,1.25,0
1596159829.6699994,345.5981254577637,1.25,0
1596159829.6799994,347.3974800109863,1.25,0
1596159829.6899993,349.19713497161865,1.25,0
1596159829.6999993,350.9956741333008,1.25,0
1596159829.7099993,352.79876232147217,1.25,0
1596159829.7199993,354.59837436676025,1.25,0
1596159829.7299993,356.3976001739502,1.25,0
1596159829.7399993,358.195538520813,1.25,0
1596159829.7499993,359.9976396560669,1.25,0
1596159829.750033,360,1.25,1
1596159829.750033,0,0,0
1596159829.760033,1.802830696105957,0,0
1596159829.770033,3.6008119583129883,0,0
1596159829.7800329,5.402226448059082,0,0
1596159829.7900329,7.200164794921875,0,0
1596159829.8000329,9.002866744995117,0,0
1596159829.8100328,10.800204277038574,0,0
1596159829.8141456,11.540279388427734,0,0
1596159829.8141456,33.623860079099316,0.12268655939261988,0
1596159829.8200328,34.68575735693135,0.12268655939261988,0
1596159829.8300328,36.48451109533467,0.12268655939261988,0
1596159829.8400328,38.28369398718037,0.12268655939261988,0
1596159829.8500328,40.086353021909375,0.12268655939261988,0
1596159829.8600328,41.88622255926289,0.12268655939261988,0
1596159829.8700328,43.683860498716015,0.12268655939261988,0
1596159829.8800328,45.48428793554462,0.12268655939261988,0
1596159829.8900328,47.285230356504094,0.12268655939261988,0
1596159829.9000328,49.08655901556171,0.12268655939261988,0
1596159829.9100327,50.88587065344013,0.12268655939261988,0
1596159829.9200327,52.6847960532204,0.12268655939261988,0
1596159829.9300327,54.48440809850849,0.12268655939261988,0
1596159829.9400327,56.28496428136982,0.12268655939261988,0
1596159829.9500327,58.08637877111591,0.12268655939261988,0
1596159829.9600327,59.88607664709247,0.12268655939261988,0
1596159829.9700327,61.68513079290546,0.12268655939261988,0
1596159829.9800327,63.48469992284931,0.12268655939261988,0
1596159829.9900327,65.28439779882586,0.12268655939261988,0
1596159830.0000327,67.08576937322772,0.12268655939261988,0
1596159830.0100327,68.88426561956561,0.12268655939261988,0
1596159830.0200326,70.6856801093117,0.12268655939261988,0
1596159830.0300326,72.48387594823993,0.12268655939261988,0
1596159830.0400326,74.28464670782245,0.12268655939261988,0
1596159830.0500326,76.08485956792987,0.12268655939261988,0
1596159830.0600326,77.88588781957782,0.12268655939261988,0
1596159830.0700326,79.68670149450458,0.12268655939261988,0
1596159830.0800326,81.48661394720233,0.12268655939261988,0
1596159830.0900326,83.28515310888446,0.12268655939261988,0
1596159830.1000326,85.08682509069598,0.12268655939261988,0
1596159830.1100326,86.88562174444354,0.12268655939261988,0
1596159830.1200325,88.68467589025653,0.12268655939261988,0
1596159830.1300325,90.48403044347918,0.12268655939261988,0
1596159830.1400325,92.28359957342303,0.12268655939261988,0
1596159830.1500325,94.08535738592303,0.12268655939261988,0
1596159830.1600325,95.88454027776874,0.12268655939261988,0
1596159830.1700325,97.68445273046649,0.12268655939261988,0
1596159830.1800325,99.48350687627948,0.12268655939261988,0
1596159830.1900325,101.28509302740252,0.12268655939261988,0
1596159830.2000325,103.08569212560809,0.12268655939261988,0
1596159830.2100325,104.88457461004413,0.12268655939261988,0
1596159830.2200325,106.6840579092995,0.12268655939261988,0
1596159830.2300324,108.48572989111102,0.12268655939261988,0
1596159830.2400324,110.28559942846454,0.12268655939261988,0
1596159830.2500324,112.08679934148944,0.12268655939261988,0
1596159830.2600324,113.88551016454852,0.12268655939261988,0
1596159830.2700324,115.68602343206561,0.12268655939261988,0
1596159830.2800324,117.4841763556496,0.12268655939261988,0
1596159830.2900324,119.28503294592059,0.12268655939261988,0
1596159830.3000324,121.08537455206073,0.12268655939261988,0
1596159830.3100324,122.88425703649676,0.12268655939261988,0
1596159830.3200324,124.6857144415871,0.12268655939261988,0
1596159830.3300323,126.4854552329079,0.12268655939261988,0
1596159830.3400323,128.28356524114764,0.12268655939261988,0
1596159830.3500323,130.08566637640155,0.12268655939261988,0
1596159830.3600323,131.88459177618182,0.12268655939261988,0
1596159830.3700323,133.68471880560077,0.12268655939261988,0
1596159830.3800323,135.4859616339699,0.12268655939261988,0
1596159830.3900323,137.28677530889667,0.12268655939261988,0
1596159830.4000323,139.08394117956317,0.12268655939261988,0
1596159830.4100323,140.8850552618996,0.12268655939261988,0
1596159830.4200323,142.6842381537453,0.12268655939261988,0
1596159830.4300323,144.48445101385272,0.12268655939261988,0
1596159830.4400322,146.28363390569842,0.12268655939261988,0
1596159830.4500322,148.08419008855975,0.12268655939261988,0
1596159830.4600322,149.88474627142108,0.12268655939261988,0
1596159830.4700322,151.68431540136493,0.12268655939261988,0
1596159830.4800322,153.48474283819354,0.12268655939261988,0
1596159830.4900322,155.28662939672625,0.12268655939261988,0
1596159830.5000322,157.08667059545672,0.12268655939261988,0
1596159830.5100322,158.88396521215594,0.12268655939261988,0
1596159830.5200322,160.68482180242694,0.12268655939261988,0
1596159830.5300322,162.48516340856708,0.12268655939261988,0
1596159830.5400321,164.28623457555926,0.12268655939261988,0
1596159830.5500321,166.08563204412616,0.12268655939261988,0
1596159830.5600321,167.88515825872577,0.12268655939261988,0
1596159830.5700321,169.68524237280047,0.12268655939261988,0
1596159830.580032,171.48429651861346,0.12268655939261988,0
1596159830.590032,173.28571100835956,0.12268655939261988,0
1596159830.600032,175.08450766210711,0.12268655939261988,0
1596159830.610032,176.88514967565692,0.12268655939261988,0
1596159830.620032,178.68467589025653,0.12268655939261988,0
1596159830.630032,180.4845025122658,0.12268655939261988,0
1596159830.640032,182.28484411840594,0.12268655939261988,0
1596159830.650032,184.08424158697284,0.12268655939261988,0
1596159830.660032,185.88647146825946,0.12268655939261988,0
1596159830.670032,187.68655558233417,0.12268655939261988,0
1596159830.680032,189.48569555883563,0.12268655939261988,0
1596159830.690032,191.2866379797951,0.12268655939261988,0
1596159830.695489,192.265665727903,0.12268655939261988,0
1596159830.695489,192.265665727903,0.12268655939261988,0
1596159830.700032,193.08586378698504,0.12268655939261988,0
1596159830.710032,194.88427420263446,0.12268655939261988,0
1596159830.720032,196.68457289343036,0.12268655939261988,0
1596159830.730032,198.48512907629168,0.12268655939261988,0
1596159830.740032,200.285685259153,0.12268655939261988,0
1596159830.750032,202.08512564306415,0.12268655939261988,0
1596159830.760032,203.88409395818866,0.12268655939261988,0
1596159830.770032,205.68628092413104,0.12268655939261988,0
1596159830.780032,207.48524923925555,0.12268655939261988,0
1596159830.790032,209.2864920676247,0.12268655939261988,0
1596159830.800032,211.08438749914325,0.12268655939261988,0
1596159830.810032,212.88670321111834,0.12268655939261988,0
1596159830.820032,214.68648691778338,0.12268655939261988,0
1596159830.8300319,216.4850260794655,0.12268655939261988,0
1596159830.8400319,218.28601141576922,0.12268655939261988,0
1596159830.8500319,220.08352060918963,0.12268655939261988,0
1596159830.8600318,221.8863513052956,0.12268655939261988,0
1596159830.8700318,223.68514795904315,0.12268655939261988,0
1596159830.8800318,225.48467417364276,0.12268655939261988,0
1596159830.8900318,227.28553076391375,0.12268655939261988,0
1596159830.9000318,229.0843274176613,0.12268655939261988,0
1596159830.9100318,230.88634272222674,0.12268655939261988,0
1596159830.9200318,232.68376608495868,0.12268655939261988,0
1596159830.9300318,234.48393602972186,0.12268655939261988,0
1596159830.9400318,236.28474970464862,0.12268655939261988,0
1596159830.9500318,238.08539171819842,0.12268655939261988,0
1596159830.9600317,239.88624830846942,0.12268655939261988,0
1596159830.9700317,241.6847445548073,0.12268655939261988,0
1596159830.9800317,243.48564406042254,0.12268655939261988,0
1596159830.9900317,245.28401156072772,0.12268655939261988,0
1596159831.0000317,247.08413859014667,0.12268655939261988,0
1596159831.0100317,248.88606806402362,0.12268655939261988,0
1596159831.0200317,250.6851222098366,0.12268655939261988,0
1596159831.0300317,252.4852063239113,0.12268655939261988,0
1596159831.0400317,254.28554793005145,0.12268655939261988,0
1596159831.0500317,256.08417292242206,0.12268655939261988,0
1596159831.0600317,257.8844286978737,0.12268655939261988,0
1596159831.0700316,259.68477030401385,0.12268655939261988,0
1596159831.0800316,261.48408194189227,0.12268655939261988,0
1596159831.0900316,263.28399439459,0.12268655939261988,0
1596159831.1000316,265.08588095312274,0.12268655939261988,0
1596159831.1100316,266.884806352903,0.12268655939261988,0
1596159831.1200316,268.6852337897316,0.12268655939261988,0
1596159831.1300316,270.4854037344948,0.12268655939261988,0
1596159831.1400316,272.28561659460223,0.12268655939261988,0
1596159831.1500316,274.0839840949074,0.12268655939261988,0
1596159831.1600316,275.88522692327655,0.12268655939261988,0
1596159831.1700315,277.6836802542702,0.12268655939261988,0
1596159831.1800315,279.4863392889992,0.12268655939261988,0
1596159831.1900315,281.2852646887795,0.12268655939261988,0
1596159831.2000315,283.08384676580584,0.12268655939261988,0
1596159831.2100315,284.88371630315936,0.12268655939261988,0
1596159831.2200315,286.68646116857684,0.12268655939261988,0
1596159831.2300315,288.4854723990456,0.12268655939261988,0
1596159831.2400315,290.2835394919411,0.12268655939261988,0
1596159831.2500315,292.084739404966,0.12268655939261988,0
1596159831.2600315,293.8851668417946,0.12268655939261988,0
1596159831.2700315,295.6848647177712,0.12268655939261988,0
1596159831.2800314,297.485506731321,0.12268655939261988,0
1596159831.2900314,299.28421755438006,0.12268655939261988,0
1596159831.3000314,301.0864903510109,0.12268655939261988,0
1596159831.3100314,302.88468618993915,0.12268655939261988,0
1596159831.3200314,304.68399782781756,0.12268655939261988,0
1596159831.3300314,306.48429651861346,0.12268655939261988,0
1596159831.3400314,308.28356524114764,0.12268655939261988,0
1596159831.3500314,310.0857092917458,0.12268655939261988,0
1596159831.3600314,311.88562174444354,0.12268655939261988,0
1596159831.3700314,313.6863495886818,0.12268655939261988,0
1596159831.3800313,315.48523207311786,0.12268655939261988,0
1596159831.3900313,317.28595991735614,0.12268655939261988,0
1596159831.4000313,319.0841128409401,0.12268655939261988,0
1596159831.4100313,320.88565607671893,0.12268655939261988,0
1596159831.4200313,322.684366899778,0.12268655939261988,0
1596159831.4300313,324.485223490049,0.12268655939261988,0
1596159831.4400313,326.2840630591408,0.12268655939261988,0
1596159831.4500313,328.0844475806252,0.12268655939261988,0
1596159831.4600313,329.8863341391579,0.12268655939261988,0
1596159831.4700313,331.6844012320534,0.12268655939261988,0
1596159831.4800313,333.4837987006203,0.12268655939261988,0
1596159831.4900312,335.2862002432839,0.12268655939261988,0
1596159831.5000312,337.08658476476825,0.12268655939261988,0
1596159831.5100312,338.8851668417946,0.12268655939261988,0
1596159831.5200312,340.68383474950946,0.12268655939261988,0
1596159831.5300312,342.4865366995827,0.12268655939261988,0
1596159831.5400312,344.2852475226418,0.12268655939261988,0
1596159831.5500312,346.08370085363543,0.12268655939261988,0
1596159831.5600312,347.88605948095477,0.12268655939261988,0
1596159831.5700312,349.6853711188332,0.12268655939261988,0
1596159831.5800312,351.4848973334328,0.12268655939261988,0
1596159831.5900311,353.2848527014748,0.12268655939261988,0
1596159831.6000311,355.0859667838112,0.12268655939261988,0
1596159831.6100311,356.88553591375506,0.12268655939261988,0
1596159831.620031,358.68411799078143,0.12268655939261988,0
1596159831.627347,360,0.12268655939261988,1
1596159831.627347,0,0,0
1596159831.637347,1.8011140823364258,0,0
1596159831.647347,3.600640296936035,0,0
1596159831.657347,5.403342247009277,0,0
1596159831.667347,7.20179557800293,0,0
1596159831.677347,9.00205135345459,0,0
1596159831.687347,10.802221298217773,0,0
1596159831.697347,12.602005004882812,0,0
1596159831.707347,14.401016235351562,0,0
1596159831.717347,16.201915740966797,0,0
1596159831.727347,18.002214431762695,0,0
1596159831.737347,19.800410270690918,0,0
1596159831.7473469,21.602210998535156,0,0
1596159831.7573469,23.401737213134766,0,0
1596159831.7673469,25.201005935668945,0,0
1596159831.7773468,27.002806663513184,0,0
1596159831.7873468,28.8021183013916,0,0
1596159831.7973468,30.601859092712402,0,0
1596159831.8073468,32.400527000427246,0,0
1596159831.8155904,33.88381004333496,0,0
1596159831.8155904,79.5101003565807,0.25347939062914293,0
1596159831.8173468,79.8287038722057,0.25347939062914293,0
1596159831.8273468,81.62857340955921,0.25347939062914293,0
1596159831.8373468,83.42822837019153,0.25347939062914293,0
1596159831.8473468,85.22899912977405,0.25347939062914293,0
1596159831.8573468,87.02732371473499,0.25347939062914293,0
1596159831.8673468,88.82822322035022,0.25347939062914293,0
1596159831.8773468,90.62822150373646,0.25347939062914293,0
1596159831.8873467,92.42942141676136,0.25347939062914293,0
1596159831.8973467,94.22748850965687,0.25347939062914293,0
1596159831.9073467,96.02800177717396,0.25347939062914293,0
1596159831.9173467,97.82688426160999,0.25347939062914293,0
1596159831.9273467,99.62774085188099,0.25347939062914293,0
1596159831.9373467,101.42718123579212,0.25347939062914293,0
1596159831.9473467,103.2264499583263,0.25347939062914293,0
1596159831.9573467,105.02687739515491,0.25347939062914293,0
1596159831.9673467,106.82854937696644,0.25347939062914293,0
1596159831.9773467,108.62777518415638,0.25347939062914293,0
1596159831.9873466,110.42725848341175,0.25347939062914293,0
1596159831.9973466,112.22815798902698,0.25347939062914293,0
1596159832.0073466,114.0265684046764,0.25347939062914293,0
1596159832.0173466,115.82939910078235,0.25347939062914293,0
1596159832.0273466,117.62626456403919,0.25347939062914293,0
1596159832.0373466,119.42802237653919,0.25347939062914293,0
1596159832.0473466,121.22797774458118,0.25347939062914293,0
1596159832.0573466,123.02780436659046,0.25347939062914293,0
1596159832.0673466,124.82694434309192,0.25347939062914293,0
1596159832.0773466,126.62951754713245,0.25347939062914293,0
1596159832.0873466,128.42689799452015,0.25347939062914293,0
1596159832.0973465,130.22784041547962,0.25347939062914293,0
1596159832.1073465,132.02882575178333,0.25347939062914293,0
1596159832.1173465,133.8285236277599,0.25347939062914293,0
1596159832.1273465,135.62843608045765,0.25347939062914293,0
1596159832.1373465,137.42864894056507,0.25347939062914293,0
1596159832.1473465,139.2262868800182,0.25347939062914293,0
1596159832.1573465,141.02765845442005,0.25347939062914293,0
1596159832.1673465,142.82950209760853,0.25347939062914293,0
1596159832.1773465,144.62671088361927,0.25347939062914293,0
1596159832.1873465,146.42645167494007,0.25347939062914293,0
1596159832.1973464,148.22778033399769,0.25347939062914293,0
1596159832.2073464,150.02769278669544,0.25347939062914293,0
1596159832.2173464,151.82803439283558,0.25347939062914293,0
1596159832.2273464,153.6289338984508,0.25347939062914293,0
1596159832.2373464,155.42635726118274,0.25347939062914293,0
1596159832.2473464,157.22802924299427,0.25347939062914293,0
1596159832.2573464,159.0263538279552,0.25347939062914293,0
1596159832.2673464,160.82892703199573,0.25347939062914293,0
1596159832.2773464,162.62944029951282,0.25347939062914293,0
1596159832.2873464,164.42845152998157,0.25347939062914293,0
1596159832.2973464,166.22896479749866,0.25347939062914293,0
1596159832.3073463,168.02698897504993,0.25347939062914293,0
1596159832.3173463,169.82733058119007,0.25347939062914293,0
1596159832.3273463,171.62840174818226,0.25347939062914293,0
1596159832.3373463,173.42865752363392,0.25347939062914293,0
1596159832.3473463,175.22732543134876,0.25347939062914293,0
1596159832.3573463,177.02921198988147,0.25347939062914293,0
1596159832.3673463,178.8288669505138,0.25347939062914293,0
1596159832.3773463,180.6285219111461,0.25347939062914293,0
1596159832.3873463,182.42877768659775,0.25347939062914293,0
1596159832.3973463,184.22770308637803,0.25347939062914293,0
1596159832.4073462,186.02671431684678,0.25347939062914293,0
1596159832.4173462,187.82847212934678,0.25347939062914293,0
1596159832.4273462,189.62641047620957,0.25347939062914293,0
1596159832.4373462,191.4271812357921,0.25347939062914293,0
1596159832.4473462,193.22812365675156,0.25347939062914293,0
1596159832.4573462,195.029237739088,0.25347939062914293,0
1596159832.4673462,196.8284206309337,0.25347939062914293,0
1596159832.4773462,198.6285047450084,0.25347939062914293,0
1596159832.4873462,200.42687224531358,0.25347939062914293,0
1596159832.4973462,202.22863005781358,0.25347939062914293,0
1596159832.5073462,204.02944373274033,0.25347939062914293,0
1596159832.5173461,205.82849787855332,0.25347939062914293,0
1596159832.5273461,207.62703704023545,0.25347939062914293,0
1596159832.5373461,209.42900942945664,0.25347939062914293,0
1596159832.547346,211.22922228956406,0.25347939062914293,0
1596159832.557346,213.02690314436143,0.25347939062914293,0
1596159832.567346,214.82668685102647,0.25347939062914293,0
1596159832.577346,216.6275863566417,0.25347939062914293,0
1596159832.587346,218.4278850474376,0.25347939062914293,0
1596159832.597346,220.2288703837413,0.25347939062914293,0
1596159832.607346,222.0290403285045,0.25347939062914293,0
1596159832.617346,223.82818030500596,0.25347939062914293,0
1596159832.627346,225.62856482649033,0.25347939062914293,0
1596159832.637346,227.4283914484996,0.25347939062914293,0
1596159832.647346,229.22701644087022,0.25347939062914293,0
1596159832.657346,231.0277442851085,0.25347939062914293,0
1596159832.667346,232.82834338331406,0.25347939062914293,0
1596159832.677346,234.62649630689805,0.25347939062914293,0
1596159832.687346,236.42769621992295,0.25347939062914293,0
1596159832.6956842,237.92698668623154,0.25347939062914293,0
1596159832.6956842,237.92698668623154,0.25347939062914293,0
1596159832.697346,238.22773741865342,0.25347939062914293,0
1596159832.707346,240.02799319410508,0.25347939062914293,0
1596159832.717346,241.82777690077012,0.25347939062914293,0
1596159832.727346,243.62743186140244,0.25347939062914293,0
1596159832.737346,245.42687224531358,0.25347939062914293,0
1596159832.747346,247.22858714246934,0.25347939062914293,0
1596159832.757346,249.0294008173961,0.25347939062914293,0
1596159832.767346,250.82798289442246,0.25347939062914293,0
1596159832.777346,252.62613581800645,0.25347939062914293,0
1596159832.787346,254.42922400617783,0.25347939062914293,0
1596159832.7973459,256.2290506281871,0.25347939062914293,0
1596159832.8073459,258.02849101209824,0.25347939062914293,0
1596159832.8173459,259.8280601420421,0.25347939062914293,0
1596159832.8273458,261.6282300868053,0.25347939062914293,0
1596159832.8373458,263.42917250776475,0.25347939062914293,0
1596159832.8473458,265.228999129774,0.25347939062914293,0
1596159832.8573458,267.02934073591416,0.25347939062914293,0
1596159832.8673458,268.82624911451524,0.25347939062914293,0
1596159832.8773458,270.6267194666881,0.25347939062914293,0
1596159832.8873458,272.4286918559093,0.25347939062914293,0
1596159832.8973458,274.2281322398204,0.25347939062914293,0
1596159832.9073458,276.02667140150254,0.25347939062914293,0
1596159832.9173458,277.82855796003525,0.25347939062914293,0
1596159832.9273458,279.62739752912705,0.25347939062914293,0
1596159832.9373457,281.42902659559434,0.25347939062914293,0
1596159832.9473457,283.2264928736705,0.25347939062914293,0
1596159832.9573457,285.0286798396129,0.25347939062914293,0
1596159832.9673457,286.8279914774913,0.25347939062914293,0
1596159832.9773457,288.62700270796006,0.25347939062914293,0
1596159832.9873457,290.4290609278697,0.25347939062914293,0
1596159832.9973457,292.22781466627305,0.25347939062914293,0
1596159833.0073457,294.02935790205186,0.25347939062914293,0
1596159833.0173457,295.8283691325206,0.25347939062914293,0
1596159833.0273457,297.62849616193955,0.25347939062914293,0
1596159833.0373456,299.4281511225719,0.25347939062914293,0
1596159833.0473456,301.22617530012315,0.25347939062914293,0
1596159833.0573456,303.0287485041637,0.25347939062914293,0
1596159833.0673456,304.82655810499375,0.25347939062914293,0
1596159833.0773456,306.62741469526475,0.25347939062914293,0
1596159833.0873456,308.42827128553574,0.25347939062914293,0
1596159833.0973456,310.2289562144298,0.25347939062914293,0
1596159833.1073456,312.0282678523082,0.25347939062914293,0
1596159833.1173456,313.82908152723496,0.25347939062914293,0
1596159833.1273456,315.62813567304795,0.25347939062914293,0
1596159833.1373456,317.42843436384385,0.25347939062914293,0
1596159833.1473455,319.2282609858531,0.25347939062914293,0
1596159833.1573455,321.028559676649,0.25347939062914293,0
1596159833.1673455,322.8264980235118,0.25347939062914293,0
1596159833.1773455,324.62739752912705,0.25347939062914293,0
1596159833.1873455,326.4286403574962,0.25347939062914293,0
1596159833.1973455,328.228381148817,0.25347939062914293,0
1596159833.2073455,330.0278215327281,0.25347939062914293,0
1596159833.2173455,331.8288926997203,0.25347939062914293,0
1596159833.2273455,333.62721728468125,0.25347939062914293,0
1596159833.2373455,335.42648600721543,0.25347939062914293,0
1596159833.2473454,337.2286729731578,0.25347939062914293,0
1596159833.2573454,339.0263967432994,0.25347939062914293,0
1596159833.2673454,340.82686709547227,0.25347939062914293,0
1596159833.2773454,342.62746619367783,0.25347939062914293,0
1596159833.2873454,344.4272928156871,0.25347939062914293,0
1596159833.2973454,346.22832106733506,0.25347939062914293,0
1596159833.3073454,348.02694605970566,0.25347939062914293,0
1596159833.3173454,349.8276309885997,0.25347939062914293,0
1596159833.3273454,351.6288309016246,0.25347939062914293,0
1596159833.3373454,353.4280137934703,0.25347939062914293,0
1596159833.3473454,355.22869872236436,0.25347939062914293,0
1596159833.3573453,357.0260362544078,0.25347939062914293,0
1596159833.3673453,358.82624911451524,0.25347939062914293,0
1596159833.373881,360,0.25347939062914293,1
1596159833.373881,0,0,0
1596159833.383881,1.802830696105957,0,0
1596159833.393881,3.600039482116699,0,0
1596159833.403881,5.400981903076172,0,0
1596159833.413881,7.202954292297363,0,0
1596159833.423881,9.002995491027832,0,0
1596159833.433881,10.8015775680542,0,0
1596159833.443881,12.601189613342285,0,0
1596159833.453881,14.400458335876465,0,0
1596159833.463881,16.20311737060547,0,0
1596159833.473881,18.001012802124023,0,0
1596159833.483881,19.800710678100586,0,0
1596159833.493881,21.601052284240723,0,0
1596159833.503881,23.400707244873047,0,0
1596159833.513881,25.20087718963623,0,0
1596159833.523881,27.001347541809082,0,0
1596159833.533881,28.801259994506836,0,0
1596159833.543881,30.601859092712402,0,0
1596159833.553881,32.400312423706055,0,0
1596159833.563881,34.20262813568115,0,0
1596159833.573881,36.001553535461426,0,0
1596159833.583881,37.8010368347168,0,0
1596159833.593881,39.60000514984131,0,0
1596159833.603881,41.40317916870117,0,0
1596159833.6138809,43.20077419281006,0,0
1596159833.6238809,45.002102851867676,0,0
1596159833.6338809,46.80295944213867,0,0
1596159833.6438808,48.60055446624756,0,0
1596159833.6538808,50.401668548583984,0,0
1596159833.6638808,52.20196723937988,0,0
1596159833.6738808,54.00054931640625,0,0
1596159833.6838808,55.80222129821777,0,0
1596159833.6938808,57.60213375091553,0,0
1596159833.7038808,59.40140247344971,0,0
1596159833.7138808,61.20062828063965,0,0
1596159833.7238808,63.00264358520508,0,0
1596159833.7338808,64.8008394241333,0,0
1596159833.7438807,66.60255432128906,0,0
1596159833.7538807,68.40182304382324,0,0
1596159833.7638807,70.20293712615967,0,0
1596159833.7738807,72.00151920318604,0,0
1596159833.7838807,73.80070209503174,0,0
1596159833.7938807,75.60164451599121,0,0
1596159833.8038807,77.39996910095215,0,0
1596159833.8138807,79.20284271240234,0,0
1596159833.8157818,79.5421314239502,0,0
1596159833.8157818,79.5421314239502,0.0,0
1596159833.8238807,81.00258350372314,0.0,0
1596159833.8338807,82.80129432678223,0.0,0
1596159833.8438807,84.60292339324951,0.0,0
1596159833.8538806,86.40159130096436,0.0,0
1596159833.8638806,88.20107460021973,0.0,0
1596159833.8738806,90.00321865081787,0.0,0
1596159833.8838806,91.80317401885986,0.0,0
1596159833.8938806,93.60158443450928,0.0,0
1596159833.9038806,95.40274143218994,0.0,0
1596159833.9138806,97.2004222869873,0.0,0
1596159833.9238806,99.00063514709473,0.0,0
1596159833.9338806,100.80222129821777,0.0,0
1596159833.9438806,102.6027774810791,0.0,0
1596159833.9538805,104.40101623535156,0.0,0
1596159833.9638805,106.20097160339355,0.0,0
1596159833.9738805,108.00298690795898,0.0,0
1596159833.9838805,109.79989528656006,0.0,0
1596159833.9938805,111.60062313079834,0.0,0
1596159834.0038805,113.40130805969238,0.0,0
1596159834.0138805,115.20053386688232,0.0,0
1596159834.0238805,117.00207710266113,0.0,0
1596159834.0338805,118.80113124847412,0.0,0
1596159834.0438805,120.60306072235107,0.0,0
1596159834.0538805,122.40275859832764,0.0,0
1596159834.0638804,124.20271396636963,0.0,0
1596159834.0738804,126.00013732910156,0.0,0
1596159834.0838804,127.8019380569458,0.0,0
1596159834.0938804,129.60262298583984,0.0,0
1596159834.1038804,131.4003038406372,0.0,0
1596159834.1138804,133.2020616531372,0.0,0
1596159834.1238804,135.00008583068848,0.0,0
1596159834.1338804,136.80145740509033,0.0,0
1596159834.1438804,138.60119819641113,0.0,0
1596159834.1538804,140.40265560150146,0.0,0
1596159834.1638803,142.20003604888916,0.0,0
1596159834.1738803,144.00213718414307,0.0,0
1596159834.1838803,145.80273628234863,0.0,0
1596159834.1938803,147.6005458831787,0.0,0
1596159834.2038803,149.40058708190918,0.0,0
1596159834.2138803,151.20122909545898,0.0,0
1596159834.2238803,153.0007553100586,0.0,0
1596159834.2338803,154.80221271514893,0.0,0
1596159834.2438803,156.6005802154541,0.0,0
1596159834.2538803,158.40014934539795,0.0,0
1596159834.2638803,160.20079135894775,0.0,0
1596159834.2738802,162.00267791748047,0.0,0
1596159834.2838802,163.80091667175293,0.0,0
1596159834.2938802,165.60078620910645,0.0,0
1596159834.3038802,167.40108489990234,0.0,0
1596159834.3138802,169.2025852203369,0.0,0
1596159834.3238802,171.00065231323242,0.0,0
1596159834.3338802,172.80313968658447,0.0,0
1596159834.3438802,174.60086345672607,0.0,0
1596159834.3538802,176.40060424804688,0.0,0
1596159834.3638802,178.20077419281006,0.0,0
1596159834.3738801,180.00171661376953,0.0,0
1596159834.3838801,181.80055618286133,0.0,0
1596159834.3938801,183.60248565673828,0.0,0
1596159834.4038801,185.402569770813,0.0,0
1596159834.41388,187.20059394836426,0.0,0
1596159834.42388,189.0021800994873,0.0,0
1596159834.43388,190.7999038696289,0.0,0
1596159834.44388,192.59994506835938,0.0,0
1596159834.45388,194.4009304046631,0.0,0
1596159834.46388,196.20062828063965,0.0,0
1596159834.47388,197.99989700317383,0.0,0
1596159834.48388,199.80045318603516,0.0,0
1596159834.49388,201.60242557525635,0.0,0
1596159834.50388,203.40242385864258,0.0,0
1596159834.51388,205.20315170288086,0.0,0
1596159834.52388,207.00109004974365,0.0,0
1596159834.53388,208.80293369293213,0.0,0
1596159834.54388,210.6003999710083,0.0,0
1596159834.55388,212.40108489990234,0.0,0
1596159834.56388,214.20297145843506,0.0,0
1596159834.57388,216.00013732910156,0.0,0
1596159834.58388,217.80056476593018,0.0,0
1596159834.59388,219.60215091705322,0.0,0
1596159834.60388,221.40236377716064,0.0,0
1596159834.61388,223.19978713989258,0.0,0
1596159834.62388,225.00218868255615,0.0,0
1596159834.63388,226.80227279663086,0.0,0
1596159834.64388,228.60175609588623,0.0,0
1596159834.65388,230.40252685546875,0.0,0
1596159834.6638799,232.2002077102661,0.0,0
1596159834.6738799,234.00054931640625,0.0,0
1596159834.6838799,235.80127716064453,0.0,0
1596159834.6938798,237.59981632232666,0.0,0
1596159834.6946352,237.7357292175293,0.0,0
1596159834.6946352,237.7357292175293,0.0,0
1596159834.7038798,239.39998626708984,0.0,0
1596159834.7138798,241.20032787322998,0.0,0
1596159834.7238798,243.0019998550415,0.0,0
1596159834.7338798,244.80126857757568,0.0,0
1596159834.7438798,246.60130977630615,0.0,0
1596159834.7538798,248.4022092819214,0.0,0
1596159834.7638798,250.20212173461914,0.0,0
1596159834.7738798,252.002592086792,0.0,0
1596159834.7838798,253.80164623260498,0.0,0
1596159834.7938797,255.60057163238525,0.0,0
1596159834.8038797,257.4009132385254,0.0,0
1596159834.8138797,259.2006540298462,0.0,0
1596159834.8238797,261.0016393661499,0.0,0
1596159834.8338797,262.8006076812744,0.0,0
1596159834.8438797,264.60004806518555,0.0,0
1596159834.8538797,266.3997459411621,0.0,0
1596159834.8638797,268.20111751556396,0.0,0
1596159834.8738797,270.00253200531006,0.0,0
1596159834.8838797,271.8023157119751,0.0,0
1596159834.8938797,273.6015844345093,0.0,0
1596159834.9038796,275.4011535644531,0.0,0
1596159834.9138796,277.2002935409546,0.0,0
1596159834.9238796,279.00256633758545,0.0,0
1596159834.9338796,280.8002471923828,0.0,0
1596159834.9438796,282.6006317138672,0.0,0
1596159834.9538796,284.4006299972534,0.0,0
1596159834.9638796,286.2015724182129,0.0,0
1596159834.9738796,288.0000686645508,0.0,0
1596159834.9838796,289.8014831542969,0.0,0
1596159834.9938796,291.6016960144043,0.0,0
1596159835.0038795,293.40195178985596,0.0,0
1596159835.0138795,295.2021646499634,0.0,0
1596159835.0238795,297.0001459121704,0.0,0
1596159835.0338795,298.80083084106445,0.0,0
1596159835.0438795,300.6022882461548,0.0,0
1596159835.0538795,302.4025869369507,0.0,0
1596159835.0638795,304.2030143737793,0.0,0
1596159835.0738795,306.00103855133057,0.0,0
1596159835.0838795,307.80168056488037,0.0,0
1596159835.0938795,309.6003484725952,0.0,0
1596159835.1038795,311.4017629623413,0.0,0
1596159835.1138794,313.19995880126953,0.0,0
1596159835.1238794,315.00017166137695,0.0,0
1596159835.1338794,316.80171489715576,0.0,0
1596159835.1438794,318.599910736084,0.0,0
1596159835.1538794,320.399694442749,0.0,0
1596159835.1638794,322.1997356414795,0.0,0
1596159835.1738794,324.00007724761963,0.0,0
1596159835.1838794,325.8007621765137,0.0,0
1596159835.1938794,327.60247707366943,0.0,0
1596159835.2038794,329.4023036956787,0.0,0
1596159835.2138793,331.2004566192627,0.0,0
1596159835.2238793,333.0003261566162,0.0,0
1596159835.2338793,334.8016119003296,0.0,0
1596159835.2438793,336.6025114059448,0.0,0
1596159835.2538793,338.40062141418457,0.0,0
1596159835.2638793,340.2022933959961,0.0,0
1596159835.2738793,342.0012617111206,0.0,0
1596159835.2838793,343.80035877227783,0.0,0
1596159835.2938793,345.60155868530273,0.0,0
1596159835.3038793,347.40288734436035,0.0,0
1596159835.3138793,349.200439453125,0.0,0
1596159835.3238792,351.0027551651001,0.0,0
1596159835.3338792,352.80189514160156,0.0,0
1596159835.3438792,354.6008634567261,0.0,0
1596159835.3538792,356.4015483856201,0.0,0
1596159835.3638792,358.2013750076294,0.0,0
1596159835.3738954,360,0.0,1
1596159835.3738954,0,0,0
1596159835.3838954,1.8033456802368164,0,0
1596159835.3938954,3.602142333984375,0,0
1596159835.4038954,5.400595664978027,0,0
1596159835.4138954,7.203211784362793,0,0
1596159835.4238954,9.00256633758545,0,0
1596159835.4338953,10.800719261169434,0,0
1596159835.4438953,12.602691650390625,0,0
1596159835.4538953,14.402174949645996,0,0
1596159835.4638953,16.201443672180176,0,0
1596159835.4738953,18.001184463500977,0,0
1596159835.4838953,19.800238609313965,0,0
1596159835.4938953,21.602039337158203,0,0
1596159835.5038953,23.40238094329834,0,0
1596159835.5138953,25.200319290161133,0,0
1596159835.5238953,27.00289249420166,0,0
1596159835.5338953,28.801603317260742,0,0
1596159835.5438952,30.602545738220215,0,0
1596159835.5538952,32.401041984558105,0,0
1596159835.5638952,34.20194149017334,0,0
1596159835.5738952,36.002326011657715,0,0
1596159835.5838952,37.80189514160156,0,0
1596159835.5938952,39.60253715515137,0,0
1596159835.6038952,41.40021800994873,0,0
1596159835.6138952,43.202576637268066,0,0
1596159835.6238952,45.002145767211914,0,0
1596159835.6338952,46.80102825164795,0,0
1596159835.6438951,48.60119819641113,0,0
1596159835.6538951,50.402655601501465,0,0
1596159835.6638951,52.200164794921875,0,0
1596159835.6738951,54.00299549102783,0,0
1596159835.683895,55.801191329956055,0,0
1596159835.693895,57.60153293609619,0,0
1596159835.703895,59.40165996551514,0,0
1596159835.713895,61.2013578414917,0,0
1596159835.723895,63.00238609313965,0,0
1596159835.733895,64.80225563049316,0,0
1596159835.743895,66.60143852233887,0,0
1596159835.753895,68.40135097503662,0,0
1596159835.763895,70.20276546478271,0,0
1596159835.773895,72.00151920318604,0,0
1596159835.783895,73.8010025024414,0,0
1596159835.793895,75.60245990753174,0,0
1596159835.803895,77.40082740783691,0,0
1596159835.813895,79.20129776000977,0,0
1596159835.8147418,79.35235977172852,0,0
1596159835.8147418,79.35235977172852,0.0,0
1596159835.823895,81.0025405883789,0.0,0
1596159835.833895,82.80266761779785,0.0,0
1596159835.843895,84.60107803344727,0.0,0
1596159835.853895,86.40189170837402,0.0,0
1596159835.863895,88.20240497589111,0.0,0
1596159835.873895,90.00240325927734,0.0,0
1596159835.883895,91.80162906646729,0.0,0
1596159835.893895,93.60222816467285,0.0,0
1596159835.903895,95.40119647979736,0.0,0
1596159835.913895,97.20162391662598,0.0,0
1596159835.923895,99.00282382965088,0.0,0
1596159835.9338949,100.80080509185791,0.0,0
1596159835.9438949,102.60046005249023,0.0,0
1596159835.9538949,104.40032958984375,0.0,0
1596159835.9638948,106.20204448699951,0.0,0
1596159835.9738948,108.00161361694336,0.0,0
1596159835.9838948,109.80302810668945,0.0,0
1596159835.9938948,111.60027980804443,0.0,0
1596159836.0038948,113.40147972106934,0.0,0
1596159836.0138948,115.20014762878418,0.0,0
1596159836.0238948,117.00010299682617,0.0,0
1596159836.0338948,118.80168914794922,0.0,0
1596159836.0438948,120.60173034667969,0.0,0
1596159836.0538948,122.40018367767334,0.0,0
1596159836.0638947,124.20237064361572,0.0,0
1596159836.0738947,126.00245475769043,0.0,0
1596159836.0838947,127.80232429504395,0.0,0
1596159836.0938947,129.60296630859375,0.0,0
1596159836.1038947,131.40300750732422,0.0,0
1596159836.1138947,133.20270538330078,0.0,0
1596159836.1238947,135.0006866455078,0.0,0
1596159836.1338947,136.8032169342041,0.0,0
1596159836.1438947,138.6012840270996,0.0,0
1596159836.1538947,140.40072441101074,0.0,0
1596159836.1638947,142.20033645629883,0.0,0
1596159836.1738946,144.00042057037354,0.0,0
1596159836.1838946,145.8026933670044,0.0,0
1596159836.1938946,147.60127544403076,0.0,0
1596159836.2038946,149.40041542053223,0.0,0
1596159836.2138946,151.20084285736084,0.0,0
1596159836.2238946,153.00152778625488,0.0,0
1596159836.2338946,154.80131149291992,0.0,0
1596159836.2438946,156.59993648529053,0.0,0
1596159836.2538946,158.40216636657715,0.0,0
1596159836.2638946,160.2015209197998,0.0,0
1596159836.2738945,162.00117588043213,0.0,0
1596159836.2838945,163.80160331726074,0.0,0
1596159836.2938945,165.60057163238525,0.0,0
1596159836.3038945,167.40151405334473,0.0,0
1596159836.3138945,169.20005321502686,0.0,0
1596159836.3238945,171.002197265625,0.0,0
1596159836.3338945,172.80073642730713,0.0,0
1596159836.3438945,174.60215091705322,0.0,0
1596159836.3538945,176.4008617401123,0.0,0
1596159836.3638945,178.20021629333496,0.0,0
1596159836.3738945,180.00193119049072,0.0,0
1596159836.3838944,181.8004274368286,0.0,0
1596159836.3938944,183.60042572021484,0.0,0
1596159836.4038944,185.40274143218994,0.0,0
1596159836.4138944,187.20025062561035,0.0,0
1596159836.4238944,189.00286674499512,0.0,0
1596159836.4338944,190.8003330230713,0.0,0
1596159836.4438944,192.6027774810791,0.0,0
1596159836.4538944,194.4005012512207,0.0,0
1596159836.4638944,196.2006711959839,0.0,0
1596159836.4738944,197.9998540878296,0.0,0
1596159836.4838943,199.80178356170654,0.0,0
1596159836.4938943,201.60289764404297,0.0,0
1596159836.5038943,203.40216636657715,0.0,0
1596159836.5138943,205.2022933959961,0.0,0
1596159836.5238943,207.0030641555786,0.0,0
1596159836.5338943,208.8013458251953,0.0,0
1596159836.5438943,210.60160160064697,0.0,0
1596159836.5538943,212.40031242370605,0.0,0
1596159836.5638943,214.2009973526001,0.0,0
1596159836.5738943,216.00043773651123,0.0,0
1596159836.5838943,217.80296802520752,0.0,0
1596159836.5938942,219.60227966308594,0.0,0
1596159836.6038942,221.40305042266846,0.0,0
1596159836.6138942,223.20146083831787,0.0,0
1596159836.6238942,224.99987125396729,0.0,0
1596159836.6338942,226.79978370666504,0.0,0
1596159836.6438942,228.60197067260742,0.0,0
1596159836.6538942,230.40274143218994,0.0,0
1596159836.6638942,232.2024393081665,0.0,0
1596159836.6738942,234.00067806243896,0.0,0
1596159836.6838942,235.80286502838135,0.0,0
1596159836.6938941,237.601318359375,0.0,0
1596159836.6948466,237.77122020721436,0.0,0
1596159836.6948466,237.77122020721436,0.0,0
1596159836.7038941,239.40135955810547,0.0,0
1596159836.7138941,241.2011432647705,0.0,0
1596159836.7238941,242.99989700317383,0.0,0
1596159836.733894,244.80165481567383,0.0,0
1596159836.743894,246.6012668609619,0.0,0
1596159836.753894,248.40285301208496,0.0,0
1596159836.763894,250.19976139068604,0.0,0
1596159836.773894,252.00194835662842,0.0,0
1596159836.783894,253.8013458251953,0.0,0
1596159836.793894,255.60258865356445,0.0,0
1596159836.803894,257.4000549316406,0.0,0
1596159836.813894,259.2025423049927,0.0,0
1596159836.823894,261.0023260116577,0.0,0
1596159836.833894,262.8001356124878,0.0,0
1596159836.843894,264.60017681121826,0.0,0
1596159836.853894,266.40296459198,0.0,0
1596159836.863894,268.2021903991699,0.0,0
1596159836.873894,270.00128746032715,0.0,0
1596159836.883894,271.80150032043457,0.0,0
1596159836.893894,273.6011552810669,0.0,0
1596159836.903894,275.4013681411743,0.0,0
1596159836.913894,277.19982147216797,0.0,0
1596159836.923894,279.00145053863525,0.0,0
1596159836.933894,280.8005475997925,0.0,0
1596159836.943894,282.60282039642334,0.0,0
1596159836.953894,284.4002866744995,0.0,0
1596159836.963894,286.20174407958984,0.0,0
1596159836.973894,288.00079822540283,0.0,0
1596159836.9838939,289.7998523712158,0.0,0
1596159836.9938939,291.6017818450928,0.0,0
1596159837.0038939,293.40216636657715,0.0,0
1596159837.0138938,295.20100593566895,0.0,0
1596159837.0238938,297.0013475418091,0.0,0
1596159837.0338938,298.79971504211426,0.0,0
1596159837.0438938,300.5997562408447,0.0,0
1596159837.0538938,302.40031242370605,0.0,0
1596159837.0638938,304.2021131515503,0.0,0
1596159837.0738938,306.00022315979004,0.0,0
1596159837.0838938,307.80086517333984,0.0,0
1596159837.0938938,309.60039138793945,0.0,0
1596159837.1038938,311.4025354385376,0.0,0
1596159837.1138937,313.2001304626465,0.0,0
1596159837.1238937,315.00094413757324,0.0,0
1596159837.1338937,316.8003845214844,0.0,0
1596159837.1438937,318.60076904296875,0.0,0
1596159837.1538937,320.4003381729126,0.0,0
1596159837.1638937,322.2027826309204,0.0,0
1596159837.1738937,324.00110721588135,0.0,0
1596159837.1838937,325.8012342453003,0.0,0
1596159837.1938937,327.6005029678345,0.0,0
1596159837.2038937,329.40281867980957,0.0,0
1596159837.2138937,331.20277404785156,0.0,0
1596159837.2238936,333.00294399261475,0.0,0
1596159837.2338936,334.8015260696411,0.0,0
1596159837.2438936,336.602725982666,0.0,0
1596159837.2538936,338.399977684021,0.0,0
1596159837.2638936,340.2012634277344,0.0,0
1596159837.2738936,342.00130462646484,0.0,0
1596159837.2838936,343.8028907775879,0.0,0
1596159837.2938936,345.6020736694336,0.0,0
1596159837.3038936,347.40220069885254,0.0,0
1596159837.3138936,349.19983863830566,0.0,0
1596159837.3238935,351.00103855133057,0.0,0
1596159837.3338935,352.7999210357666,0.0,0
1596159837.3438935,354.60060596466064,0.0,0
1596159837.3538935,356.3998746871948,0.0,0
1596159837.3638935,358.20266246795654,0.0,0
1596159837.3739014,360,0.0,1
1596159837.3739014,0,0,0
1596159837.3839014,1.8006420135498047,0,0
1596159837.3939013,3.600940704345703,0,0
1596159837.4039013,5.402097702026367,0,0
1596159837.4139013,7.20128059387207,0,0
1596159837.4239013,9.002180099487305,0,0
1596159837.4339013,10.802865028381348,0,0
1596159837.4439013,12.602133750915527,0,0
1596159837.4539013,14.400501251220703,0,0
1596159837.4639013,16.200199127197266,0,0
1596159837.4739013,18.00131320953369,0,0
1596159837.4839013,19.8013973236084,0,0
1596159837.4939013,21.60182476043701,0,0
1596159837.5039012,23.403239250183105,0,0
1596159837.5139012,25.201821327209473,0,0
1596159837.5239012,27.000489234924316,0,0
1596159837.5339012,28.801088333129883,0,0
1596159837.5439012,30.602030754089355,0,0
1596159837.5539012,32.40335941314697,0,0
1596159837.5639012,34.20095443725586,0,0
1596159837.5739012,36.003355979919434,0,0
1596159837.5839012,37.801809310913086,0,0
1596159837.5939012,39.600820541381836,0,0
1596159837.6039011,41.40300750732422,0,0
1596159837.6139011,43.20141792297363,0,0
1596159837.6239011,45.00030040740967,0,0
1596159837.6339011,46.80184364318848,0,0
1596159837.643901,48.60209941864014,0,0
1596159837.653901,50.40029525756836,0,0
1596159837.663901,52.202439308166504,0,0
1596159837.673901,54.00029182434082,0,0
1596159837.683901,55.80325126647949,0,0
1596159837.693901,57.60110378265381,0,0
1596159837.703901,59.402732849121094,0,0
1596159837.713901,61.202688217163086,0,0
1596159837.723901,63.00260066986084,0,0
1596159837.733901,64.80332851409912,0,0
1596159837.743901,66.6014814376831,0,0
1596159837.753901,68.40272426605225,0,0
1596159837.763901,70.20014762878418,0,0
1596159837.773901,72.00254917144775,0,0
1596159837.783901,73.80108833312988,0,0
1596159837.793901,75.6027603149414,0,0
1596159837.803901,77.40078449249268,0,0
1596159837.813901,79.20331478118896,0,0
1596159837.8149488,79.38853740692139,0,0
1596159837.8149488,79.38853740692139,0.0,0
1596159837.823901,81.00060939788818,0.0,0
1596159837.833901,82.80223846435547,0.0,0
1596159837.843901,84.60296630859375,0.0,0
1596159837.853901,86.40266418457031,0.0,0
1596159837.863901,88.20004463195801,0.0,0
1596159837.873901,90.00283241271973,0.0,0
1596159837.883901,91.80317401885986,0.0,0
1596159837.8939009,93.6023998260498,0.0,0
1596159837.9039009,95.39990901947021,0.0,0
1596159837.9139009,97.20316886901855,0.0,0
1596159837.9239008,99.00278091430664,0.0,0
1596159837.9339008,100.80196380615234,0.0,0
1596159837.9439008,102.6029920578003,0.0,0
1596159837.9539008,104.402174949646,0.0,0
1596159837.9639008,106.20152950286865,0.0,0
1596159837.9739008,108.0010986328125,0.0,0
1596159837.9839008,109.79998111724854,0.0,0
1596159837.9939008,111.60100936889648,0.0,0
1596159838.0039008,113.40066432952881,0.0,0
1596159838.0139008,115.2020788192749,0.0,0
1596159838.0239007,117.00070381164551,0.0,0
1596159838.0339007,118.80048751831055,0.0,0
1596159838.0439007,120.60245990753174,0.0,0
1596159838.0539007,122.4032735824585,0.0,0
1596159838.0639007,124.19992446899414,0.0,0
1596159838.0739007,126.0025405883789,0.0,0
1596159838.0839007,127.8015947341919,0.0,0
1596159838.0939007,129.60262298583984,0.0,0
1596159838.1039007,131.4030933380127,0.0,0
1596159838.1139007,133.20176124572754,0.0,0
1596159838.1239007,135.00085830688477,0.0,0
1596159838.1339006,136.80016994476318,0.0,0
1596159838.1439006,138.6014986038208,0.0,0
1596159838.1539006,140.40171146392822,0.0,0
1596159838.1639006,142.20226764678955,0.0,0
1596159838.1739006,144.0003776550293,0.0,0
1596159838.1839006,145.80295085906982,0.0,0
1596159838.1939006,147.60114669799805,0.0,0
1596159838.2039006,149.4018316268921,0.0,0
1596159838.2139006,151.202130317688,0.0,0
1596159838.2239006,153.0003261566162,0.0,0
1596159838.2339005,154.80311393737793,0.0,0
1596159838.2439005,156.6028118133545,0.0,0
1596159838.2539005,158.40315341949463,0.0,0
1596159838.2639005,160.20010471343994,0.0,0
1596159838.2739005,162.00156211853027,0.0,0
1596159838.2839005,163.8012170791626,0.0,0
1596159838.2939005,165.5998420715332,0.0,0
1596159838.3039005,167.40052700042725,0.0,0
1596159838.3139005,169.20297145843506,0.0,0
1596159838.3239005,171.00301265716553,0.0,0
1596159838.3339005,172.80232429504395,0.0,0
1596159838.3439004,174.60142135620117,0.0,0
1596159838.3539004,176.40249252319336,0.0,0
1596159838.3639004,178.20257663726807,0.0,0
1596159838.3739004,180.00128746032715,0.0,0
1596159838.3839004,181.8023157119751,0.0,0
1596159838.3939004,183.60068321228027,0.0,0
1596159838.4039004,185.40265560150146,0.0,0
1596159838.4139004,187.20179557800293,0.0,0
1596159838.4239004,189.00020599365234,0.0,0
1596159838.4339004,190.80166339874268,0.0,0
1596159838.4439003,192.60033130645752,0.0,0
1596159838.4539003,194.39990043640137,0.0,0
1596159838.4639003,196.2014865875244,0.0,0
1596159838.4739003,198.0013132095337,0.0,0
1596159838.4839003,199.79980945587158,0.0,0
1596159838.4939003,201.60186767578125,0.0,0
1596159838.5039003,203.39993476867676,0.0,0
1596159838.5139003,205.20023345947266,0.0,0
1596159838.5239003,207.00302124023438,0.0,0
1596159838.5339003,208.80271911621094,0.0,0
1596159838.5439003,210.6016445159912,0.0,0
1596159838.5539002,212.39996910095215,0.0,0
1596159838.5639002,214.2002248764038,0.0,0
1596159838.5739002,216.00138187408447,0.0,0
1596159838.5839002,217.80150890350342,0.0,0
1596159838.5939002,219.59991931915283,0.0,0
1596159838.6039002,221.40305042266846,0.0,0
1596159838.6139002,223.20219039916992,0.0,0
1596159838.6239002,225.00081539154053,0.0,0
1596159838.6339002,226.80235862731934,0.0,0
1596159838.6439002,228.60068321228027,0.0,0
1596159838.6539001,230.40119647979736,0.0,0
1596159838.6639001,232.2027826309204,0.0,0
1596159838.6739001,233.99990558624268,0.0,0
1596159838.6839,235.80106258392334,0.0,0
1596159838.6939,237.60024547576904,0.0,0
1596159838.6950493,237.80662536621094,0.0,0
1596159838.6950493,237.80662536621094,0.0,0
1596159838.7039,239.40268993377686,0.0,0
1596159838.7139,241.20255947113037,0.0,0
1596159838.7239,243.0001974105835,0.0,0
1596159838.7339,244.80010986328125,0.0,0
1596159838.7439,246.60066604614258,0.0,0
1596159838.7539,248.40079307556152,0.0,0
1596159838.7639,250.1998472213745,0.0,0
1596159838.7739,252.0027208328247,0.0,0
1596159838.7839,253.80014419555664,0.0,0
1596159838.7939,255.6018590927124,0.0,0
1596159838.8039,257.40018367767334,0.0,0
1596159838.8139,259.2014265060425,0.0,0
1596159838.8239,261.0003089904785,0.0,0
1596159838.8339,262.8017234802246,0.0,0
1596159838.8439,264.6004343032837,0.0,0
1596159838.8539,266.40034675598145,0.0,0
1596159838.8639,268.20257663726807,0.0,0
1596159838.8739,270.00038623809814,0.0,0
1596159838.8839,271.80025577545166,0.0,0
1596159838.8939,273.60132694244385,0.0,0
1596159838.9039,275.40252685546875,0.0,0
1596159838.9139,277.2002077102661,0.0,0
1596159838.9239,279.00179386138916,0.0,0
1596159838.9338999,280.8000326156616,0.0,0
1596159838.9438999,282.6007604598999,0.0,0
1596159838.9538999,284.4020462036133,0.0,0
1596159838.9638999,286.201229095459,0.0,0
1596159838.9738998,288.0000686645508,0.0,0
1596159838.9838998,289.8001956939697,0.0,0
1596159838.9938998,291.60027980804443,0.0,0
1596159839.0038998,293.40070724487305,0.0,0
1596159839.0138998,295.20001888275146,0.0,0
1596159839.0238998,297.0013904571533,0.0,0
1596159839.0338998,298.80138874053955,0.0,0
1596159839.0438998,300.6024169921875,0.0,0
1596159839.0538998,302.4020290374756,0.0,0
1596159839.0638998,304.20275688171387,0.0,0
1596159839.0738997,306.0013818740845,0.0,0
1596159839.0838997,307.8029251098633,0.0,0
1596159839.0938997,309.60073471069336,0.0,0
1596159839.1038997,311.400990486145,0.0,0
1596159839.1138997,313.2013750076294,0.0,0
1596159839.1238997,314.9998712539673,0.0,0
1596159839.1338997,316.80004119873047,0.0,0
1596159839.1438997,318.6023139953613,0.0,0
1596159839.1538997,320.40072441101074,0.0,0
1596159839.1638997,322.2009801864624,0.0,0
1596159839.1738997,324.0018367767334,0.0,0
1596159839.1838996,325.80286502838135,0.0,0
1596159839.1938996,327.60046005249023,0.0,0
1596159839.2038996,329.40088748931885,0.0,0
1596159839.2138996,331.20285987854004,0.0,0
1596159839.2238996,333.0005407333374,0.0,0
1596159839.2338996,334.8011827468872,0.0,0
1596159839.2438996,336.6015672683716,0.0,0
1596159839.2538996,338.4015655517578,0.0,0
1596159839.2638996,340.2015209197998,0.0,0
1596159839.2738996,342.0029354095459,0.0,0
1596159839.2838995,343.801646232605,0.0,0
1596159839.2938995,345.6010437011719,0.0,0
1596159839.3038995,347.40177154541016,0.0,0
1596159839.3138995,349.2018985748291,0.0,0
1596159839.3238995,351.00168228149414,0.0,0
1596159839.3338995,352.8013801574707,0.0,0
1596159839.3438995,354.6017646789551,0.0,0
1596159839.3538995,356.4015054702759,0.0,0
1596159839.3638995,358.20287704467773,0.0,0
1596159839.3739154,360,0.0,1
1596159839.3739154,0,0,0
1596159839.3839154,1.8024444580078125,0,0
1596159839.3939154,3.600168228149414,0,0
1596159839.4039154,5.401797294616699,0,0
1596159839.4139154,7.20128059387207,0,0
1596159839.4239154,9.00278091430664,0,0
1596159839.4339154,10.80029010772705,0,0
1596159839.4439154,12.601747512817383,0,0
1596159839.4539154,14.402303695678711,0,0
1596159839.4639153,16.201443672180176,0,0
1596159839.4739153,18.002729415893555,0,0
1596159839.4839153,19.800968170166016,0,0
1596159839.4939153,21.601953506469727,0,0
1596159839.5039153,23.400964736938477,0,0
1596159839.5139153,25.201992988586426,0,0
1596159839.5239153,26.999974250793457,0,0
1596159839.5339153,28.80061626434326,0,0
1596159839.5439153,30.60065746307373,0,0
1596159839.5539153,32.40065574645996,0,0
1596159839.5639153,34.201340675354004,0,0
1596159839.5739152,36.001853942871094,0,0
1596159839.5839152,37.80292510986328,0,0
1596159839.5939152,39.600348472595215,0,0
1596159839.6039152,41.40317916870117,0,0
1596159839.6139152,43.20279121398926,0,0
1596159839.6239152,45.00042915344238,0,0
1596159839.6339152,46.802616119384766,0,0
1596159839.6439152,48.60171318054199,0,0
1596159839.6539152,50.400166511535645,0,0
1596159839.6639152,52.20278263092041,0,0
1596159839.6739151,54.00157928466797,0,0
1596159839.6839151,55.80050468444824,0,0
1596159839.6939151,57.60114669799805,0,0
1596159839.703915,59.40157413482666,0,0
1596159839.713915,61.201744079589844,0,0
1596159839.723915,63.00242900848389,0,0
1596159839.733915,64.80221271514893,0,0
1596159839.743915,66.60049438476562,0,0
1596159839.753915,68.40160846710205,0,0
1596159839.763915,70.20276546478271,0,0
1596159839.773915,72.00173377990723,0,0
1596159839.783915,73.80091667175293,0,0
1596159839.793915,75.60121536254883,0,0
1596159839.803915,77.40318775177002,0,0
1596159839.813915,79.20061111450195,0,0
1596159839.8163915,79.64568614959717,0,0
1596159839.8163915,79.64568614959717,0.0,0
1596159839.823915,81.0005235671997,0.0,0
1596159839.833915,82.80129432678223,0.0,0
1596159839.843915,84.60064888000488,0.0,0
1596159839.853915,86.40026092529297,0.0,0
1596159839.863915,88.1999158859253,0.0,0
1596159839.873915,90.00120162963867,0.0,0
1596159839.883915,91.80150032043457,0.0,0
1596159839.893915,93.60119819641113,0.0,0
1596159839.903915,95.40256977081299,0.0,0
1596159839.913915,97.20003604888916,0.0,0
1596159839.923915,99.0012788772583,0.0,0
1596159839.933915,100.80235004425049,0.0,0
1596159839.943915,102.60290622711182,0.0,0
1596159839.9539149,104.4019603729248,0.0,0
1596159839.9639149,106.20187282562256,0.0,0
1596159839.9739149,108.00071239471436,0.0,0
1596159839.9839149,109.80032444000244,0.0,0
1596159839.9939148,111.60178184509277,0.0,0
1596159840.0039148,113.40066432952881,0.0,0
1596159840.0139148,115.20040512084961,0.0,0
1596159840.0239148,117.00229167938232,0.0,0
1596159840.0339148,118.80160331726074,0.0,0
1596159840.0439148,120.60293197631836,0.0,0
1596159840.0539148,122.40293025970459,0.0,0
1596159840.0639148,124.20176982879639,0.0,0
1596159840.0739148,126.00288391113281,0.0,0
1596159840.0839148,127.80086517333984,0.0,0
1596159840.0939147,129.60176467895508,0.0,0
1596159840.1039147,131.40116214752197,0.0,0
1596159840.1139147,133.20034503936768,0.0,0
1596159840.1239147,135.0032615661621,0.0,0
1596159840.1339147,136.80137157440186,0.0,0
1596159840.1439147,138.60179901123047,0.0,0
1596159840.1539147,140.40287017822266,0.0,0
1596159840.1639147,142.2020959854126,0.0,0
1596159840.1739147,144.00089263916016,0.0,0
1596159840.1839147,145.80071926116943,0.0,0
1596159840.1939147,147.60260581970215,0.0,0
1596159840.2039146,149.40165996551514,0.0,0
1596159840.2139146,151.20054244995117,0.0,0
1596159840.2239146,153.00148487091064,0.0,0
1596159840.2339146,154.80186939239502,0.0,0
1596159840.2439146,156.6022539138794,0.0,0
1596159840.2539146,158.399977684021,0.0,0
1596159840.2639146,160.20109176635742,0.0,0
1596159840.2739146,162.00164794921875,0.0,0
1596159840.2839146,163.8010025024414,0.0,0
1596159840.2939146,165.60284614562988,0.0,0
1596159840.3039145,167.40301609039307,0.0,0
1596159840.3139145,169.20172691345215,0.0,0
1596159840.3239145,171.00125312805176,0.0,0
1596159840.3339145,172.80017852783203,0.0,0
1596159840.3439145,174.60193634033203,0.0,0
1596159840.3539145,176.40004634857178,0.0,0
1596159840.3639145,178.20043087005615,0.0,0
1596159840.3739145,180.00244617462158,0.0,0
1596159840.3839145,181.80055618286133,0.0,0
1596159840.3939145,183.60141277313232,0.0,0
1596159840.4039145,185.40141105651855,0.0,0
1596159840.4139144,187.2013235092163,0.0,0
1596159840.4239144,189.0014934539795,0.0,0
1596159840.4339144,190.8003330230713,0.0,0
1596159840.4439144,192.60084629058838,0.0,0
1596159840.4539144,194.40148830413818,0.0,0
1596159840.4639144,196.20307445526123,0.0,0
1596159840.4739144,198.0007553100586,0.0,0
1596159840.4839144,199.8013973236084,0.0,0
1596159840.4939144,201.6003656387329,0.0,0
1596159840.5039144,203.40238094329834,0.0,0
1596159840.5139143,205.1998472213745,0.0,0
1596159840.5239143,207.0027208328247,0.0,0
1596159840.5339143,208.80035877227783,0.0,0
1596159840.5439143,210.60168743133545,0.0,0
1596159840.5539143,212.40224361419678,0.0,0
1596159840.5639143,214.20125484466553,0.0,0
1596159840.5739143,216.00078105926514,0.0,0
1596159840.5839143,217.8026247024536,0.0,0
1596159840.5939143,219.60069179534912,0.0,0
1596159840.6039143,221.4023208618164,0.0,0
1596159840.6139143,223.20133209228516,0.0,0
1596159840.6239142,225.00141620635986,0.0,0
1596159840.6339142,226.80012702941895,0.0,0
1596159840.6439142,228.6009407043457,0.0,0
1596159840.6539142,230.40188312530518,0.0,0
1596159840.6639142,232.20196723937988,0.0,0
1596159840.6739142,234.0023946762085,0.0,0
1596159840.6839142,235.8021354675293,0.0,0
1596159840.6939142,237.60239124298096,0.0,0
1596159840.6952422,237.83881187438965,0.0,0
1596159840.6952422,237.83881187438965,0.0,0
1596159840.7039142,239.40101623535156,0.0,0
1596159840.7139142,241.20221614837646,0.0,0
1596159840.7239141,243.00264358520508,0.0,0
1596159840.7339141,244.8011827468872,0.0,0
1596159840.7439141,246.60027980804443,0.0,0
1596159840.753914,248.40306758880615,0.0,0
1596159840.763914,250.20306587219238,0.0,0
1596159840.773914,252.0016050338745,0.0,0
1596159840.783914,253.80104541778564,0.0,0
1596159840.793914,255.6011724472046,0.0,0
1596159840.803914,257.3998832702637,0.0,0
1596159840.813914,259.20073986053467,0.0,0
1596159840.823914,261.0007381439209,0.0,0
1596159840.833914,262.80189514160156,0.0,0
1596159840.843914,264.6022367477417,0.0,0
1596159840.853914,266.402792930603,0.0,0
1596159840.863914,268.2023620605469,0.0,0
1596159840.873914,270.00197410583496,0.0,0
1596159840.883914,271.799955368042,0.0,0
1596159840.893914,273.60278606414795,0.0,0
1596159840.903914,275.40093898773193,0.0,0
1596159840.913914,277.2007656097412,0.0,0
1596159840.923914,279.00222301483154,0.0,0
1596159840.933914,280.8001184463501,0.0,0
1596159840.943914,282.600417137146,0.0,0
1596159840.953914,284.40080165863037,0.0,0
1596159840.963914,286.2005424499512,0.0,0
1596159840.973914,288.0008840560913,0.0,0
1596159840.983914,289.8024272918701,0.0,0
1596159840.993914,291.600923538208,0.0,0
1596159841.0039139,293.40087890625,0.0,0
1596159841.0139139,295.2027654647827,0.0,0
1596159841.0239139,296.99975967407227,0.0,0
1596159841.0339139,298.8022470474243,0.0,0
1596159841.0439138,300.60271739959717,0.0,0
1596159841.0539138,302.40177154541016,0.0,0
1596159841.0639138,304.2002248764038,0.0,0
1596159841.0739138,306.001296043396,0.0,0
1596159841.0839138,307.8009510040283,0.0,0
1596159841.0939138,309.6009922027588,0.0,0
1596159841.1039138,311.401162147522,0.0,0
1596159841.1139138,313.20223331451416,0.0,0
1596159841.1239138,315.001802444458,0.0,0
1596159841.1339138,316.80180072784424,0.0,0
1596159841.1439137,318.6001253128052,0.0,0
1596159841.1539137,320.3999090194702,0.0,0
1596159841.1639137,322.2015380859375,0.0,0
1596159841.1739137,324.0027379989624,0.0,0
1596159841.1839137,325.80127716064453,0.0,0
1596159841.1939137,327.6000738143921,0.0,0
1596159841.2039137,329.40200328826904,0.0,0
1596159841.2139137,331.20075702667236,0.0,0
1596159841.2239137,333.0013132095337,0.0,0
1596159841.2339137,334.7998094558716,0.0,0
1596159841.2439137,336.60062313079834,0.0,0
1596159841.2539136,338.4010076522827,0.0,0
1596159841.2639136,340.20169258117676,0.0,0
1596159841.2739136,342.0008325576782,0.0,0
1596159841.2839136,343.80216121673584,0.0,0
1596159841.2939136,345.6029748916626,0.0,0
1596159841.3039136,347.40087032318115,0.0,0
1596159841.3139136,349.20082569122314,0.0,0
1596159841.3239136,350.9997081756592,0.0,0
1596159841.3339136,352.80288219451904,0.0,0
1596159841.3439136,354.60283756256104,0.0,0
1596159841.3539135,356.4015483856201,0.0,0
1596159841.3639135,358.20008754730225,0.0,0
1596159841.3739233,360,0.0,1
1596159841.3739233,0,0,0
1596159841.3839233,1.8001699447631836,0,0
1596159841.3939233,3.602442741394043,0,0
1596159841.4039233,5.4032135009765625,0,0
1596159841.4139233,7.20304012298584,0,0
1596159841.4239233,9.000592231750488,0,0
1596159841.4339232,10.802392959594727,0,0
1596159841.4439232,12.601704597473145,0,0
1596159841.4539232,14.400629997253418,0,0
1596159841.4639232,16.200027465820312,0,0
1596159841.4739232,18.000669479370117,0,0
1596159841.4839232,19.801011085510254,0,0
1596159841.4939232,21.60289764404297,0,0
1596159841.5039232,23.401780128479004,0,0
1596159841.5139232,25.201048851013184,0,0
1596159841.5239232,27.000575065612793,0,0
1596159841.5339231,28.80040168762207,0,0
1596159841.5439231,30.601043701171875,0,0
1596159841.5539231,32.40091323852539,0,0
1596159841.5639231,34.20310020446777,0,0
1596159841.573923,36.00039482116699,0,0
1596159841.583923,37.803096771240234,0,0
1596159841.593923,39.60013389587402,0,0
1596159841.603923,41.40326499938965,0,0
1596159841.613923,43.19995880126953,0,0
1596159841.623923,45.00154495239258,0,0
1596159841.633923,46.80304527282715,0,0
1596159841.643923,48.6014986038208,0,0
1596159841.653923,50.40106773376465,0,0
1596159841.663923,52.20055103302002,0,0
1596159841.673923,54.00230884552002,0,0
1596159841.683923,55.80256462097168,0,0
1596159841.693923,57.60183334350586,0,0
1596159841.703923,59.40264701843262,0,0
1596159841.713923,61.202731132507324,0,0
1596159841.723923,63.001227378845215,0,0
1596159841.733923,64.8008394241333,0,0
1596159841.743923,66.6029405593872,0,0
1596159841.753923,68.40302467346191,0,0
1596159841.763923,70.20092010498047,0,0
1596159841.773923,72.00134754180908,0,0
1596159841.783923,73.80194664001465,0,0
1596159841.793923,75.60203075408936,0,0
1596159841.803923,77.4003553390503,0,0
1596159841.813923,79.20069694519043,0,0
1596159841.815339,79.45484161376953,0,0
1596159841.815339,79.45484161376953,0.0,0
1596159841.8239229,81.00013732910156,0.0,0
1596159841.8339229,82.80077934265137,0.0,0
1596159841.8439229,84.60330963134766,0.0,0
1596159841.8539228,86.40008926391602,0.0,0
1596159841.8639228,88.20266246795654,0.0,0
1596159841.8739228,90.00227451324463,0.0,0
1596159841.8839228,91.80197238922119,0.0,0
1596159841.8939228,93.60111236572266,0.0,0
1596159841.9039228,95.40171146392822,0.0,0
1596159841.9139228,97.20278263092041,0.0,0
1596159841.9239228,99.00157928466797,0.0,0
1596159841.9339228,100.80149173736572,0.0,0
1596159841.9439228,102.60153293609619,0.0,0
1596159841.9539227,104.402174949646,0.0,0
1596159841.9639227,106.20122909545898,0.0,0
1596159841.9739227,108.00225734710693,0.0,0
1596159841.9839227,109.80212688446045,0.0,0
1596159841.9939227,111.6016960144043,0.0,0
1596159842.0039227,113.40130805969238,0.0,0
1596159842.0139227,115.2006196975708,0.0,0
1596159842.0239227,117.00066089630127,0.0,0
1596159842.0339227,118.80117416381836,0.0,0
1596159842.0439227,120.60104370117188,0.0,0
1596159842.0539227,122.40262985229492,0.0,0
1596159842.0639226,124.20159816741943,0.0,0
1596159842.0739226,126.00318431854248,0.0,0
1596159842.0839226,127.80120849609375,0.0,0
1596159842.0939226,129.60318088531494,0.0,0
1596159842.1039226,131.40193462371826,0.0,0
1596159842.1139226,133.20163249969482,0.0,0
1596159842.1239226,135.00128746032715,0.0,0
1596159842.1339226,136.8030881881714,0.0,0
1596159842.1439226,138.60029697418213,0.0,0
1596159842.1539226,140.40188312530518,0.0,0
1596159842.1639225,142.20128059387207,0.0,0
1596159842.1739225,144.00290966033936,0.0,0
1596159842.1839225,145.80217838287354,0.0,0
1596159842.1939225,147.60144710540771,0.0,0
1596159842.2039225,149.40264701843262,0.0,0
1596159842.2139225,151.20092868804932,0.0,0
1596159842.2239225,153.0014419555664,0.0,0
1596159842.2339225,154.80109691619873,0.0,0
1596159842.2439225,156.60178184509277,0.0,0
1596159842.2539225,158.4014368057251,0.0,0
1596159842.2639225,160.2009630203247,0.0,0
1596159842.2739224,162.0003604888916,0.0,0
1596159842.2839224,163.80095958709717,0.0,0
1596159842.2939224,165.60100078582764,0.0,0
1596159842.3039224,167.40142822265625,0.0,0
1596159842.3139224,169.2000961303711,0.0,0
1596159842.3239224,171.002197265625,0.0,0
1596159842.3339224,172.80210971832275,0.0,0
1596159842.3439224,174.6025800704956,0.0,0
1596159842.3539224,176.40180587768555,0.0,0
1596159842.3639224,178.2028341293335,0.0,0
1596159842.3739223,180.00120162963867,0.0,0
1596159842.3839223,181.8002986907959,0.0,0
1596159842.3939223,183.60175609588623,0.0,0
1596159842.4039223,185.40261268615723,0.0,0
1596159842.4139223,187.20205307006836,0.0,0
1596159842.4239223,189.00278091430664,0.0,0
1596159842.4339223,190.80149173736572,0.0,0
1596159842.4439223,192.60234832763672,0.0,0
1596159842.4539223,194.40007209777832,0.0,0
1596159842.4639223,196.20015621185303,0.0,0
1596159842.4739223,198.00268650054932,0.0,0
1596159842.4839222,199.80079650878906,0.0,0
1596159842.4939222,201.60130977630615,0.0,0
1596159842.5039222,203.40036392211914,0.0,0
1596159842.5139222,205.2006196975708,0.0,0
1596159842.5239222,207.00254917144775,0.0,0
1596159842.5339222,208.80083084106445,0.0,0
1596159842.5439222,210.60228824615479,0.0,0
1596159842.5539222,212.40190029144287,0.0,0
1596159842.5639222,214.20082569122314,0.0,0
1596159842.5739222,216.00060939788818,0.0,0
1596159842.5839221,217.80086517333984,0.0,0
1596159842.5939221,219.6025800704956,0.0,0
1596159842.6039221,221.4025354385376,0.0,0
1596159842.613922,223.2013750076294,0.0,0
1596159842.623922,225.00107288360596,0.0,0
1596159842.633922,226.80055618286133,0.0,0
1596159842.643922,228.60308647155762,0.0,0
1596159842.653922,230.40175437927246,0.0,0
1596159842.663922,232.20110893249512,0.0,0
1596159842.673922,234.00140762329102,0.0,0
1596159842.683922,235.8003330230713,0.0,0
1596159842.693922,237.60140419006348,0.0,0
1596159842.6954463,237.87413120269775,0.0,0
1596159842.6954463,237.87413120269775,0.0,0
1596159842.703922,239.40131664276123,0.0,0
1596159842.713922,241.20118618011475,0.0,0
1596159842.723922,243.00058364868164,0.0,0
1596159842.733922,244.80259895324707,0.0,0
1596159842.743922,246.60199642181396,0.0,0
1596159842.753922,248.399977684021,0.0,0
1596159842.763922,250.199933052063,0.0,0
1596159842.773922,252.00151920318604,0.0,0
1596159842.783922,253.80147457122803,0.0,0
1596159842.793922,255.60082912445068,0.0,0
1596159842.803922,257.3999261856079,0.0,0
1596159842.813922,259.20215606689453,0.0,0
1596159842.823922,261.0027551651001,0.0,0
1596159842.833922,262.8002643585205,0.0,0
1596159842.843922,264.6013355255127,0.0,0
1596159842.853922,266.4026212692261,0.0,0
1596159842.8639219,268.1997871398926,0.0,0
1596159842.8739219,270.0013732910156,0.0,0
1596159842.8839219,271.8016290664673,0.0,0
1596159842.8939219,273.6001682281494,0.0,0
1596159842.9039218,275.4022693634033,0.0,0
1596159842.9139218,277.20115184783936,0.0,0
1596159842.9239218,279.0014934539795,0.0,0
1596159842.9339218,280.8024787902832,0.0,0
1596159842.9439218,282.6008462905884,0.0,0
1596159842.9539218,284.40080165863037,0.0,0
1596159842.9639218,286.203031539917,0.0,0
1596159842.9739218,288.00238609313965,0.0,0
1596159842.9839218,289.79989528656006,0.0,0
1596159842.9939218,291.60088062286377,0.0,0
1596159843.0039217,293.40126514434814,0.0,0
1596159843.0139217,295.2022933959961,0.0,0
1596159843.0239217,297.00297832489014,0.0,0
1596159843.0339217,298.801646232605,0.0,0
1596159843.0439217,300.5997562408447,0.0,0
1596159843.0539217,302.3997116088867,0.0,0
1596159843.0639217,304.19992446899414,0.0,0
1596159843.0739217,306.0013818740845,0.0,0
1596159843.0839217,307.8028392791748,0.0,0
1596159843.0939217,309.6009922027588,0.0,0
1596159843.1039217,311.40090465545654,0.0,0
1596159843.1139216,313.20030212402344,0.0,0
1596159843.1239216,315.00150203704834,0.0,0
1596159843.1339216,316.8007707595825,0.0,0
1596159843.1439216,318.5999536514282,0.0,0
1596159843.1539216,320.4015827178955,0.0,0
1596159843.1639216,322.20128059387207,0.0,0
1596159843.1739216,324.00299549102783,0.0,0
1596159843.1839216,325.80230712890625,0.0,0
1596159843.1939216,327.6011037826538,0.0,0
1596159843.2039216,329.40157413482666,0.0,0
1596159843.2139215,331.2008857727051,0.0,0
1596159843.2239215,333.0009698867798,0.0,0
1596159843.2339215,334.8007106781006,0.0,0
1596159843.2439215,336.60075187683105,0.0,0
1596159843.2539215,338.4015226364136,0.0,0
1596159843.2639215,340.2006196975708,0.0,0
1596159843.2739215,342.0010471343994,0.0,0
1596159843.2839215,343.80104541778564,0.0,0
1596159843.2939215,345.6022882461548,0.0,0
1596159843.3039215,347.40254402160645,0.0,0
1596159843.3139215,349.2014694213867,0.0,0
1596159843.3239214,351.002197265625,0.0,0
1596159843.3339214,352.80198097229004,0.0,0
1596159843.3439214,354.60026264190674,0.0,0
1596159843.3539214,356.3999605178833,0.0,0
1596159843.3639214,358.2029628753662,0.0,0
1596159843.3739264,360,0.0,1
1596159843.3739264,0,0,0
1596159843.3839264,1.8028736114501953,0,0
1596159843.3939264,3.6030006408691406,0,0
1596159843.4039264,5.402870178222656,0,0
1596159843.4139264,7.203083038330078,0,0
1596159843.4239264,9.002265930175781,0,0
1596159843.4339263,10.80256462097168,0,0
1596159843.4439263,12.601618766784668,0,0
1596159843.4539263,14.401016235351562,0,0
1596159843.4639263,16.20311737060547,0,0
1596159843.4739263,18.00182819366455,0,0
1596159843.4839263,19.801740646362305,0,0
1596159843.4939263,21.60135269165039,0,0
1596159843.5039263,23.402552604675293,0,0
1596159843.5139263,25.200533866882324,0,0
1596159843.5239263,27.0003604888916,0,0
1596159843.5339262,28.8021183013916,0,0
1596159843.5439262,30.60190200805664,0,0
1596159843.5539262,32.40267276763916,0,0
1596159843.5639262,34.20297145843506,0,0
1596159843.5739262,36.00078105926514,0,0
1596159843.5839262,37.802109718322754,0,0
1596159843.5939262,39.60013389587402,0,0
1596159843.6039262,41.40279293060303,0,0
1596159843.6139262,43.200130462646484,0,0
1596159843.6239262,45.00072956085205,0,0
1596159843.6339262,46.80055618286133,0,0
1596159843.6439261,48.60025405883789,0,0
1596159843.6539261,50.401153564453125,0,0
1596159843.6639261,52.20278263092041,0,0
1596159843.673926,54.00102138519287,0,0
1596159843.683926,55.8021354675293,0,0
1596159843.693926,57.60157585144043,0,0
1596159843.703926,59.40329074859619,0,0
1596159843.713926,61.20088577270508,0,0
1596159843.723926,62.999939918518066,0,0
1596159843.733926,64.79998111724854,0,0
1596159843.743926,66.60324096679688,0,0
1596159843.753926,68.40113639831543,0,0
1596159843.763926,70.20267963409424,0,0
1596159843.773926,72.00164794921875,0,0
1596159843.783926,73.80160331726074,0,0
1596159843.793926,75.60220241546631,0,0
1596159843.803926,77.40056991577148,0,0
1596159843.813926,79.20176982879639,0,0
1596159843.815553,79.49277877807617,0,0
1596159843.815553,79.49277877807617,0.0,0
1596159843.823926,81.00215435028076,0.0,0
1596159843.833926,82.80142307281494,0.0,0
1596159843.843926,84.60296630859375,0.0,0
1596159843.853926,86.40137672424316,0.0,0
1596159843.863926,88.20249080657959,0.0,0
1596159843.873926,90.00021457672119,0.0,0
1596159843.883926,91.8002986907959,0.0,0
1596159843.893926,93.60197067260742,0.0,0
1596159843.903926,95.40085315704346,0.0,0
1596159843.913926,97.2004222869873,0.0,0
1596159843.9239259,99.00042057037354,0.0,0
1596159843.9339259,100.80106258392334,0.0,0
1596159843.9439259,102.60174751281738,0.0,0
1596159843.9539258,104.39990043640137,0.0,0
1596159843.9639258,106.2017011642456,0.0,0
1596159843.9739258,108.00071239471436,0.0,0
1596159843.9839258,109.80182647705078,0.0,0
1596159843.9939258,111.60281181335449,0.0,0
