Time Stamp,Phase Value,Heading,Ping?
1596210316.841732,341.4524984359741,190,0
1596210316.8418539,341.4524984359741,203.9106261730194,0
1596210316.8514597,357.1673285961151,203.9106261730194,0
1596210316.8614435,358.96440863609314,203.9106261730194,0
1596210316.867343,360,203.9106261730194,1
1596210316.8673503,0,203.9106261730194,0
1596210316.8772135,1.8029582500457764,203.9106261730194,0
1596210316.8872297,3.6059176921844482,203.9106261730194,0
1596210316.8972166,5.4035985469818115,203.9106261730194,0
1596210316.9072201,7.204240560531616,203.9106261730194,0
1596210316.9172409,9.008015394210815,203.9106261730194,0
1596210316.927208,10.802048444747925,203.9106261730194,0
1596210316.9372125,12.602819204330444,203.9106261730194,0
1596210316.9472044,14.404877424240112,203.9106261730194,0
1596210316.9571855,16.201528310775757,203.9106261730194,0
1596210316.9671872,18.001827001571655,203.9106261730194,0
1596210316.9771974,19.803627729415894,203.9106261730194,0
1596210316.987204,21.604913473129272,203.9106261730194,0
1596210316.997201,23.404310941696167,203.9106261730194,0
1596210317.0072043,25.204910039901733,203.9106261730194,0
1596210317.0171864,27.001603841781616,203.9106261730194,0
1596210317.027204,28.804906606674194,203.9106261730194,0
1596210317.0372036,30.60477614402771,203.9106261730194,0
1596210317.0459735,32.16466307640076,203.9106261730194,0
1596210317.0460265,32.16466307640076,179.78712886571884,0
1596210317.0471892,8.278702199459076,179.78712886571884,0
1596210317.0571864,10.078142583370209,179.78712886571884,0
1596210317.067186,11.878183782100677,179.78712886571884,0
1596210317.0771885,13.678568303585052,179.78712886571884,0
1596210317.0871968,15.480025708675385,179.78712886571884,0
1596210317.0971935,17.27942317724228,179.78712886571884,0
1596210317.1071894,19.07864898443222,179.78712886571884,0
1596210317.117197,20.880106389522552,179.78712886571884,0
1596210317.1271927,22.679375112056732,179.78712886571884,0
1596210317.1372037,24.48121875524521,179.78712886571884,0
1596210317.147201,26.280744969844818,179.78712886571884,0
1596210317.157196,28.079884946346283,179.78712886571884,0
1596210317.1671975,29.88018363714218,179.78712886571884,0
1596210317.177191,31.6789373755455,179.78712886571884,0
1596210317.1871846,33.477862775325775,179.78712886571884,0
1596210317.1971886,35.278633534908295,179.78712886571884,0
1596210317.2071958,37.079876363277435,179.78712886571884,0
1596210317.2171996,38.88056129217148,179.78712886571884,0
1596210317.2272024,40.68103164434433,179.78712886571884,0
1596210317.2371883,42.47858375310898,179.78712886571884,0
1596210317.2471926,44.27926868200302,179.78712886571884,0
1596210317.2571886,46.07858031988144,179.78712886571884,0
1596210317.267204,47.88136810064316,179.78712886571884,0
1596210317.2771897,49.67874854803085,179.78712886571884,0
1596210317.2872036,51.48127883672714,179.78712886571884,0
1596210317.29719,53.27878803014755,179.78712886571884,0
1596210317.3071954,55.07977336645126,179.78712886571884,0
1596210317.3171852,56.877969205379486,179.78712886571884,0
1596210317.3271859,58.67809623479843,179.78712886571884,0
1596210317.3371937,60.47942489385605,179.78712886571884,0
1596210317.3472035,62.281268537044525,179.78712886571884,0
1596210317.3572009,64.08079475164413,179.78712886571884,0
1596210317.3671854,65.87804645299911,179.78712886571884,0
1596210317.377191,67.67898887395859,179.78712886571884,0
1596210317.3871844,69.47774261236191,179.78712886571884,0
1596210317.3971913,71.27902835607529,179.78712886571884,0
1596210317.4072037,73.08125823736191,179.78712886571884,0
1596210317.4171965,74.87996906042099,179.78712886571884,0
1596210317.4272034,76.68116897344589,179.78712886571884,0
1596210317.4371865,78.47820609807968,179.78712886571884,0
1596210317.4471877,80.2784189581871,179.78712886571884,0
1596210317.4571989,82.08034843206406,179.78712886571884,0
1596210317.4671986,83.88038963079453,179.78712886571884,0
1596210317.477202,85.68090289831161,179.78712886571884,0
1596210317.4871879,87.47845500707626,179.78712886571884,0
1596210317.4972005,89.28068488836288,179.78712886571884,0
1596210317.507202,91.08094066381454,179.78712886571884,0
1596210317.517201,92.88076728582382,179.78712886571884,0
1596210317.527184,94.67771857976913,179.78712886571884,0
1596210317.5372033,96.48119300603867,179.78712886571884,0
1596210317.547186,98.27810138463974,179.78712886571884,0
1596210317.557186,100.07805675268173,179.78712886571884,0
1596210317.5671978,101.88020080327988,179.78712886571884,0
1596210317.5771909,103.67899745702744,179.78712886571884,0
1596210317.5872028,105.48118442296982,179.78712886571884,0
1596210317.5971997,107.28049606084824,179.78712886571884,0
1596210317.6071844,109.07779067754745,179.78712886571884,0
1596210317.6171885,110.8784756064415,179.78712886571884,0
1596210317.6271925,112.67928928136826,179.78712886571884,0
1596210317.6371937,114.47950214147568,179.78712886571884,0
1596210317.6471837,116.27765506505966,179.78712886571884,0
1596210317.6572008,118.08082908391953,179.78712886571884,0
1596210317.66719,119.87881034612656,179.78712886571884,0
1596210317.6772003,121.68065398931503,179.78712886571884,0
1596210317.6871846,123.47786277532578,179.78712886571884,0
1596210317.697194,125.27949184179306,179.78712886571884,0
1596210317.7071931,127.07931846380234,179.78712886571884,0
1596210317.717192,128.87914508581161,179.78712886571884,0
1596210317.727194,130.679529607296,179.78712886571884,0
1596210317.7371962,132.4799570441246,179.78712886571884,0
1596210317.7471998,134.28055614233017,179.78712886571884,0
1596210317.7571926,136.0793098807335,179.78712886571884,0
1596210317.7671864,137.87819236516953,179.78712886571884,0
1596210317.7771878,139.67844814062119,179.78712886571884,0
1596210317.7871852,141.47793143987656,179.78712886571884,0
1596210317.7971985,143.28037589788437,179.78712886571884,0
1596210317.8072016,145.08084625005722,179.78712886571884,0
1596210317.8171978,146.88024371862411,179.78712886571884,0
1596210317.82719,148.67882579565048,179.78712886571884,0
1596210317.837187,150.47830909490585,179.78712886571884,0
1596210317.8471875,152.27835029363632,179.78712886571884,0
1596210317.8571908,154.0789493918419,179.78712886571884,0
1596210317.867193,155.8793768286705,179.78712886571884,0
1596210317.8685865,156.1098751425743,179.78712886571884,0
1596210317.8686452,156.1098751425743,62.70472250878811,0
1596210317.8771935,40.596968755126,62.70472250878811,0
1596210317.8871868,42.39576540887356,62.70472250878811,0
1596210317.8971963,44.19748030602932,62.70472250878811,0
1596210317.9071896,45.99631987512112,62.70472250878811,0
1596210317.9171994,47.79803477227688,62.70472250878811,0
1596210317.9272025,49.59859095513821,62.70472250878811,0
1596210317.9371896,51.39631472527981,62.70472250878811,0
1596210317.947185,53.19545470178127,62.70472250878811,0
1596210317.9571943,54.997169598937035,62.70472250878811,0
1596210317.9671845,56.795451268553734,62.70472250878811,0
1596210317.9771855,58.59562121331692,62.70472250878811,0
1596210317.9872012,60.398408994078636,62.70472250878811,0
1596210317.9972026,62.198707684874535,62.70472250878811,0
1596210318.007191,63.99660311639309,62.70472250878811,0
1596210318.0171866,65.79574309289455,62.70472250878811,0
1596210318.0271952,67.59728632867336,62.70472250878811,0
1596210318.037189,69.39625464379787,62.70472250878811,0
1596210318.0472028,71.19869910180569,62.70472250878811,0
1596210318.057204,72.99886904656887,62.70472250878811,0
1596210318.0671854,74.79543410241604,62.70472250878811,0
1596210318.0771902,76.59641943871975,62.70472250878811,0
1596210318.0871997,78.39813433587551,62.70472250878811,0
1596210318.097197,80.19766055047512,62.70472250878811,0
1596210318.107197,81.99761591851711,62.70472250878811,0
1596210318.11719,83.79636965692043,62.70472250878811,0
1596210318.1271927,85.59692583978176,62.70472250878811,0
1596210318.1372006,87.3983832448721,62.70472250878811,0
1596210318.1471877,89.19593535363674,62.70472250878811,0
1596210318.1571846,90.99541865289211,62.70472250878811,0
1596210318.1672034,92.79876433312893,62.70472250878811,0
1596210318.1771855,94.59558688104153,62.70472250878811,0
1596210318.1871884,96.39614306390285,62.70472250878811,0
1596210318.1971898,98.19644175469875,62.70472250878811,0
1596210318.2071881,99.99609671533108,62.70472250878811,0
1596210318.2171974,101.79768286645412,62.70472250878811,0
1596210318.227191,103.5966082662344,62.70472250878811,0
1596210318.2371857,105.39570532739162,62.70472250878811,0
1596210318.2471836,107.19531737267971,62.70472250878811,0
1596210318.2571926,108.99686060845852,62.70472250878811,0
1596210318.2671976,110.79771719872952,62.70472250878811,0
1596210318.2771976,112.59775839745998,62.70472250878811,0
1596210318.2871864,114.39578257501125,62.70472250878811,0
1596210318.2972007,116.19831286370754,62.70472250878811,0
1596210318.307202,117.99852572381496,62.70472250878811,0
1596210318.3171933,119.79693613946438,62.70472250878811,0
1596210318.327189,121.59629069268703,62.70472250878811,0
1596210318.337189,123.39616023004055,62.70472250878811,0
1596210318.3471887,125.19611559808254,62.70472250878811,0
1596210318.357187,126.99577055871487,62.70472250878811,0
1596210318.367202,128.79855833947659,62.70472250878811,0
1596210318.3771904,130.59649668633938,62.70472250878811,0
1596210318.3872004,132.39821158349514,62.70472250878811,0
1596210318.3972013,134.19842444360256,62.70472250878811,0
1596210318.4071844,135.9954186528921,62.70472250878811,0
1596210318.4172,137.79824934899807,62.70472250878811,0
1596210318.4272017,139.59854803979397,62.70472250878811,0
1596210318.437202,141.39850340783596,62.70472250878811,0
1596210318.4471889,143.19618426263332,62.70472250878811,0
1596210318.4571905,144.99648295342922,62.70472250878811,0
1596210318.458713,145.24865351617336,62.70472250878811,0
1596210318.4588234,145.24865351617336,313.7682323716581,0
1596210318.4671984,37.86145022138953,313.7682323716581,0
1596210318.477192,39.66028979048133,313.7682323716581,0
1596210318.487194,41.46071722730994,313.7682323716581,0
1596210318.497186,43.25925638899207,313.7682323716581,0
1596210318.5071886,45.059640910476446,313.7682323716581,0
1596210318.5171938,46.86054041609168,313.7682323716581,0
1596210318.5271852,48.65903666242957,313.7682323716581,0
1596210318.5371869,50.45929243788123,313.7682323716581,0
1596210318.547184,52.25881865248084,313.7682323716581,0
1596210318.5571957,54.060962703078985,313.7682323716581,0
1596210318.567186,55.859201457351446,313.7682323716581,0
1596210318.5771961,57.661002185195684,313.7682323716581,0
1596210318.5871916,59.460227992385626,313.7682323716581,0
1596210318.597201,61.261985804885626,313.7682323716581,0
1596210318.6071954,63.0609112046659,313.7682323716581,0
1596210318.617198,64.86138155683875,313.7682323716581,0
1596210318.6272,66.66172316297889,313.7682323716581,0
1596210318.637197,68.46120646223426,313.7682323716581,0
1596210318.6471982,70.26129057630897,313.7682323716581,0
1596210318.6571863,72.05931475386024,313.7682323716581,0
1596210318.6671941,73.86060049757361,313.7682323716581,0
1596210318.6772027,75.66218664869666,313.7682323716581,0
1596210318.6871977,77.46124079450965,313.7682323716581,0
1596210318.6971855,79.2591362260282,313.7682323716581,0
1596210318.707183,81.05861952528358,313.7682323716581,0
1596210318.7171884,82.85960486158729,313.7682323716581,0
1596210318.7271988,84.66149142012,313.7682323716581,0
1596210318.737187,86.45930102095008,313.7682323716581,0
1596210318.7471936,88.26058676466346,313.7682323716581,0
1596210318.7571917,90.06024172529578,313.7682323716581,0
1596210318.767201,91.8619137071073,313.7682323716581,0
1596210318.7771919,93.66028120741248,313.7682323716581,0
1596210318.7871902,95.45997908338904,313.7682323716581,0
1596210318.7971842,97.25890448316932,313.7682323716581,0
1596210318.8071876,99.05946066603065,313.7682323716581,0
1596210318.8171947,100.86078932508826,313.7682323716581,0
1596210318.8271902,102.65997221693397,313.7682323716581,0
1596210318.8372014,104.46203043684363,313.7682323716581,0
1596210318.8471987,106.26147082075477,313.7682323716581,0
1596210318.8571908,108.06009581312537,313.7682323716581,0
1596210318.8672028,109.86223986372352,313.7682323716581,0
1596210318.8772001,111.66180899366736,313.7682323716581,0
1596210318.8871868,113.45931818708777,313.7682323716581,0
1596210318.8971903,115.26000311598182,313.7682323716581,0
1596210318.9071918,117.06021597608924,313.7682323716581,0
1596210318.9171884,118.85961344465613,313.7682323716581,0
1596210318.9271863,120.65918257459998,313.7682323716581,0
1596210318.937193,122.46046831831336,313.7682323716581,0
1596210318.9471836,124.25874998793006,313.7682323716581,0
1596210318.9571848,126.05900576338172,313.7682323716581,0
1596210318.9671862,127.85926153883338,313.7682323716581,0
1596210318.9771914,129.6601610444486,313.7682323716581,0
1596210318.9872003,131.46183302626014,313.7682323716581,0
1596210318.9971976,133.2613163255155,313.7682323716581,0
1596210319.0071995,135.0616150163114,313.7682323716581,0
1596210319.0171914,136.86019709333777,313.7682323716581,0
1596210319.0272007,138.66182615980506,313.7682323716581,0
1596210319.0371904,140.45997908338904,313.7682323716581,0
1596210319.0471847,142.2589903138578,313.7682323716581,0
1596210319.0572026,144.0622072480619,313.7682323716581,0
1596210319.0671859,145.85924437269568,313.7682323716581,0
1596210319.0771933,147.66048720106483,313.7682323716581,0
1596210319.0871866,149.45932677015662,313.7682323716581,0
1596210319.097183,151.2585954926908,313.7682323716581,0
1596210319.107186,153.05919459089637,313.7682323716581,0
1596210319.1171901,154.8598795197904,313.7682323716581,0
1596210319.1271935,156.66052153334022,313.7682323716581,0
1596210319.1371984,158.4614639542997,313.7682323716581,0
1596210319.1471994,160.26163389906287,313.7682323716581,0
1596210319.1572022,162.06210425123572,313.7682323716581,0
1596210319.1671999,163.86167338117957,313.7682323716581,0
1596210319.1771858,165.65922548994422,313.7682323716581,0
1596210319.1872008,167.46188452467322,313.7682323716581,0
1596210319.1971982,169.2613678239286,313.7682323716581,0
1596210319.2071893,171.059778239578,313.7682323716581,0
1596210319.217183,172.85870363935828,313.7682323716581,0
1596210319.2271924,174.66033270582557,313.7682323716581,0
1596210319.2372005,176.4617901109159,313.7682323716581,0
1596210319.2471924,178.2602863572538,313.7682323716581,0
1596210319.2571907,180.0600271485746,313.7682323716581,0
1596210319.2671933,181.86054041609168,313.7682323716581,0
1596210319.2772002,183.66174032911658,313.7682323716581,0
1596210319.287182,185.45851996168494,313.7682323716581,0
1596210319.2971947,187.2607927583158,313.7682323716581,0
1596210319.3072004,189.061863925308,313.7682323716581,0
1596210319.3171895,190.85980227217078,313.7682323716581,0
1596210319.3271837,192.65872767195106,313.7682323716581,0
1596210319.337188,194.45958426222205,313.7682323716581,0
1596210319.3471951,196.26078417524695,313.7682323716581,0
1596210319.3571932,198.06048205122352,313.7682323716581,0
1596210319.367186,199.85923578962684,313.7682323716581,0
1596210319.377202,201.66202357038856,313.7682323716581,0
1596210319.387192,203.46026232466102,313.7682323716581,0
1596210319.3971958,205.26094725355506,313.7682323716581,0
1596210319.4071882,207.0596151612699,313.7682323716581,0
1596210319.4171865,208.8593559525907,313.7682323716581,0
1596210319.427188,210.65956881269813,313.7682323716581,0
1596210319.437189,212.45978167280555,313.7682323716581,0
1596210319.447197,214.26119616255164,313.7682323716581,0
1596210319.4571996,216.0616665147245,313.7682323716581,0
1596210319.467195,217.8608494065702,313.7682323716581,0
1596210319.477193,219.66054728254676,313.7682323716581,0
1596210319.4871995,221.46161844953895,313.7682323716581,0
1596210319.4971883,223.25964262709022,313.7682323716581,0
1596210319.507199,225.06152918562293,313.7682323716581,0
1596210319.5171857,226.85916712507606,313.7682323716581,0
1596210319.5271854,228.65912249311805,313.7682323716581,0
1596210319.5371993,230.4616098664701,313.7682323716581,0
1596210319.5471923,232.26027777418494,313.7682323716581,0
1596210319.5571978,234.06126311048865,313.7682323716581,0
1596210319.5671957,235.86091807112098,313.7682323716581,0
1596210319.5771868,237.65928557142615,313.7682323716581,0
1596210319.5871904,239.4599705003202,313.7682323716581,0
1596210319.5971844,241.25898173078895,313.7682323716581,0
1596210319.607197,243.06116869673133,313.7682323716581,0
1596210319.6171896,244.8598795197904,313.7682323716581,0
1596210319.627184,246.65876200422645,313.7682323716581,0
1596210319.6371841,248.4588890336454,313.7682323716581,0
1596210319.6471918,250.26026060804725,313.7682323716581,0
1596210319.6571941,252.06068804487586,313.7682323716581,0
1596210319.6671827,253.85854056105018,313.7682323716581,0
1596210319.6771898,255.65995505079627,313.7682323716581,0
1596210319.6871953,257.4609403871,313.7682323716581,0
1596210319.6971886,259.25973704084754,313.7682323716581,0
1596210319.7071867,261.0593061707914,313.7682323716581,0
1596210319.717182,262.8584890626371,313.7682323716581,0
1596210319.7271926,264.6603756211698,313.7682323716581,0
1596210319.7372,266.46174719557166,313.7682323716581,0
1596210319.7471888,268.2596426270902,313.7682323716581,0
1596210319.7571855,270.05908301100135,313.7682323716581,0
1596210319.7671902,271.8599825166166,313.7682323716581,0
1596210319.7771924,273.6603241227567,313.7682323716581,0
1596210319.787194,275.4606228135526,313.7682323716581,0
1596210319.7971883,277.25963404402137,313.7682323716581,0
1596210319.8071926,279.0604048036039,313.7682323716581,0
1596210319.817183,280.85864355787635,313.7682323716581,0
1596210319.8271954,282.66087343916297,313.7682323716581,0
1596210319.8371897,284.45979883894324,313.7682323716581,0
1596210319.8471887,286.2596254609525,313.7682323716581,0
1596210319.857199,288.06151201948524,313.7682323716581,0
1596210319.8671854,289.8590641282499,313.7682323716581,0
1596210319.877199,291.6615085862577,313.7682323716581,0
1596210319.8871813,293.45841696485877,313.7682323716581,0
1596210319.8972008,295.2618913911283,313.7682323716581,0
1596210319.9071865,297.059271838516,313.7682323716581,0
1596210319.917186,298.8592701219022,313.7682323716581,0
1596210319.9272006,300.66184332594275,313.7682323716581,0
1596210319.9372008,302.4618845246732,313.7682323716581,0
1596210319.9471939,304.2605953477323,313.7682323716581,0
1596210319.957192,306.06025030836463,313.7682323716581,0
1596210319.9671824,307.8584890626371,313.7682323716581,0
1596210319.9771876,309.65951731428504,313.7682323716581,0
1596210319.987199,311.4615755341947,313.7682323716581,0
1596210319.9971824,313.25852682814,313.7682323716581,0
1596210320.0072012,315.0619583390653,313.7682323716581,0
1596210320.0171938,316.8605404160917,313.7682323716581,0
1596210320.027182,318.65843584761024,313.7682323716581,0
1596210320.0371947,320.46079447492957,313.7682323716581,0
1596210320.0472016,322.26195147261024,313.7682323716581,0
1596210320.0571885,324.0596323274076,313.7682323716581,0
1596210320.0671854,325.85907271131873,313.7682323716581,0
1596210320.0771904,327.66005804762244,313.7682323716581,0
1596210320.087186,329.4592838548124,313.7682323716581,0
1596210320.0971882,331.2596254609525,313.7682323716581,0
1596210320.1071982,333.06142618879676,313.7682323716581,0
1596210320.1172013,334.86193945631385,313.7682323716581,0
1596210320.1271868,336.65931990370154,313.7682323716581,0
1596210320.1371815,338.45837404951453,313.7682323716581,0
1596210320.1471822,340.2585439942777,313.7682323716581,0
1596210320.1571987,342.06146052107215,313.7682323716581,0
1596210320.1671846,343.85896971449256,313.7682323716581,0
1596210320.1771836,345.65879633650184,313.7682323716581,0
1596210320.1871963,347.46102621778846,313.7682323716581,0
1596210320.197196,349.2610245011747,313.7682323716581,0
1596210320.2072008,351.0617952607572,313.7682323716581,0
1596210320.217199,352.86157896742225,313.7682323716581,0
1596210320.2271893,354.65977480635047,313.7682323716581,0
1596210320.2371976,356.46127512678504,313.7682323716581,0
1596210320.2471852,358.2590418122709,313.7682323716581,0
1596210320.256977,360,313.7682323716581,1
1596210320.25698,0,313.7682323716581,0
1596210320.2668896,1.8057804368436337,313.7682323716581,0
1596210320.268753,2.123525645583868,313.7682323716581,0
1596210320.2687912,2.123525645583868,312.1755881374702,0
1596210320.276875,2.0105595653876662,312.1755881374702,0
1596210320.2868896,3.813175684772432,312.1755881374702,0
1596210320.296892,5.613603121601045,312.1755881374702,0
1596210320.306885,7.412442690692842,312.1755881374702,0
1596210320.3168948,9.214071757160127,312.1755881374702,0
1596210320.317628,9.329728609882295,312.1755881374702,0
1596210320.317673,9.329728609882295,305.17829168005846,0
1596210320.3268764,4.01342618628405,305.17829168005846,0
1596210320.3368797,5.814154030522332,305.17829168005846,0
1596210320.3468893,7.615826012333855,305.17829168005846,0
1596210320.356878,9.413850189885125,305.17829168005846,0
1596210320.36688,11.214191796025261,305.17829168005846,0
1596210320.3768914,13.016292931279168,305.17829168005846,0
1596210320.3868752,14.813330055912957,305.17829168005846,0
1596210320.39688,16.614143730839714,305.17829168005846,0
1596210320.406885,18.41504323645495,305.17829168005846,0
1596210320.4168823,20.214569451054558,305.17829168005846,0
1596210320.4268932,22.016627670964226,305.17829168005846,0
1596210320.4368856,23.815166832646355,305.17829168005846,0
1596210320.4468932,25.61658132239245,305.17829168005846,0
1596210320.4568934,27.416665436467156,305.17829168005846,0
1596210320.4668798,29.214131714543328,305.17829168005846,0
1596210320.4768836,31.01485955878161,305.17829168005846,0
1596210320.48689,32.815930725773796,305.17829168005846,0
1596210320.496883,34.614727379521355,305.17829168005846,0
1596210320.5068903,36.416013123234734,305.17829168005846,0
1596210320.5168884,38.21566808386706,305.17829168005846,0
1596210320.526877,40.01356351538561,305.17829168005846,0
1596210320.5368788,41.813990952214226,305.17829168005846,0
1596210320.5468862,43.61523378058337,305.17829168005846,0
1596210320.5568788,45.41398751898669,305.17829168005846,0
1596210320.5668852,47.21510160132311,305.17829168005846,0
1596210320.5768824,49.01462781592272,305.17829168005846,0
1596210320.5868871,50.81544149084948,305.17829168005846,0
1596210320.5968845,52.61496770544909,305.17829168005846,0
1596210320.6068912,54.41625344916247,305.17829168005846,0
1596210320.6168816,56.21453511877917,305.17829168005846,0
1596210320.6268928,58.01646459265612,305.17829168005846,0
1596210320.6368775,59.81380212469958,305.17829168005846,0
1596210320.6468818,61.61452996893786,305.17829168005846,0
1596210320.6568942,63.41671693488024,305.17829168005846,0
1596210320.6668868,65.21538484259509,305.17829168005846,0
1596210320.676883,67.01473939581774,305.17829168005846,0
1596210320.6868932,68.81658303900622,305.17829168005846,0
1596210320.696881,70.61434972449206,305.17829168005846,0
1596210320.7068777,72.41374719305895,305.17829168005846,0
1596210320.7168925,74.21640622778796,305.17829168005846,0
1596210320.72689,76.0159753577318,305.17829168005846,0
1596210320.736887,77.81545865698718,305.17829168005846,0
1596210320.7468843,79.61494195624255,305.17829168005846,0
1596210320.756878,81.41382444067858,305.17829168005846,0
1596210320.7668912,83.21622598334216,305.17829168005846,0
1596210320.776875,85.01326310797594,305.17829168005846,0
1596210320.7868762,86.81343305273913,305.17829168005846,0
1596210320.79689,88.61600625677966,305.17829168005846,0
1596210320.8068943,90.41673410101794,305.17829168005846,0
1596210320.8168883,92.21565950079821,305.17829168005846,0
1596210320.8268912,94.01621568365954,305.17829168005846,0
1596210320.8368895,95.81595647498034,305.17829168005846,0
1596210320.846882,97.6145385520067,305.17829168005846,0
1596210320.8568928,99.4165109412279,305.17829168005846,0
1596210320.8668892,101.21582257910632,305.17829168005846,0
1596210320.8768892,103.01590669318102,305.17829168005846,0
1596210320.8868854,104.81513250037096,305.17829168005846,0
1596210320.896894,106.61671865149401,305.17829168005846,0
1596210320.9068887,108.41568696661852,305.17829168005846,0
1596210320.9168925,110.21645772620104,305.17829168005846,0
1596210320.9268875,112.01551187201403,305.17829168005846,0
1596210320.93688,113.81422269507311,305.17829168005846,0
1596210320.9468844,115.61499345465563,305.17829168005846,0
1596210320.9568884,117.41567838354968,305.17829168005846,0
1596210320.9668825,119.21464669867419,305.17829168005846,0
1596210320.9768887,121.01571786566637,305.17829168005846,0
1596210320.9868903,122.81601655646227,305.17829168005846,0
1596210320.9968793,124.61408364935778,305.17829168005846,0
1596210321.0068922,126.41639936133288,305.17829168005846,0
1596210321.0168753,128.21339357062243,305.17829168005846,0
1596210321.0268831,130.01472222968005,305.17829168005846,0
1596210321.0368931,131.81656587286852,305.17829168005846,0
1596210321.046878,133.61386048956774,305.17829168005846,0
1596210321.0568805,135.41420209570788,305.17829168005846,0
1596210321.066888,137.21570241614245,305.17829168005846,0
1596210321.0768914,139.01625859900378,305.17829168005846,0
1596210321.086884,140.81488359137438,305.17829168005846,0
1596210321.0968919,142.61634099646471,305.17829168005846,0
1596210321.1068826,144.4146226660814,305.17829168005846,0
1596210321.1168897,146.21595132513903,305.17829168005846,0
1596210321.1268768,148.0136321799364,305.17829168005846,0
1596210321.1368835,149.8148320929613,305.17829168005846,0
1596210321.146879,151.614014984807,305.17829168005846,0
1596210321.1568813,153.41439950629137,305.17829168005846,0
1596210321.1668882,155.21564233466052,305.17829168005846,0
1596210321.176891,157.0161556021776,305.17829168005846,0
1596210321.1868896,158.81593930884264,305.17829168005846,0
1596210321.1968753,160.61336267157458,305.17829168005846,0
1596210321.2068908,162.41610753699206,305.17829168005846,0
1596210321.2168794,164.21404588385485,305.17829168005846,0
1596210321.2268832,166.0147308127489,305.17829168005846,0
1596210321.2368789,167.81395661993884,305.17829168005846,0
1596210321.2468882,169.61562860175036,305.17829168005846,0
1596210321.2568913,171.4161847846117,305.17829168005846,0
1596210321.2668805,173.21433770819567,305.17829168005846,0
1596210321.276884,175.014893891057,305.17829168005846,0
1596210321.2868822,176.81459176703356,305.17829168005846,0
1596210321.2968855,178.61519086523913,305.17829168005846,0
1596210321.306883,180.41471707983874,305.17829168005846,0
1596210321.316887,182.21540200873278,305.17829168005846,0
1596210321.3268938,184.01668775244616,305.17829168005846,0
1596210321.3368766,185.81359613104723,305.17829168005846,0
1596210321.3468738,187.6130794303026,305.17829168005846,0
1596210321.3568852,189.41513765021227,305.17829168005846,0
1596210321.3668797,191.21414888068102,305.17829168005846,0
1596210321.3768768,193.01358926459216,305.17829168005846,0
1596210321.386882,194.81444585486315,305.17829168005846,0
1596210321.3968794,196.614014984807,305.17829168005846,0
1596210321.4068863,198.41534364386462,305.17829168005846,0
1596210321.4168847,200.21504151984118,305.17829168005846,0
1596210321.4268796,202.0141385809984,305.17829168005846,0
1596210321.4368742,203.81314981146716,305.17829168005846,0
1596210321.4468768,205.61357724829577,305.17829168005846,0
1596210321.4568737,207.41310346289538,305.17829168005846,0
1596210321.466892,209.21636331244372,305.17829168005846,0
1596210321.4768763,211.01352918311022,305.17829168005846,0
1596210321.4868846,212.81494367285632,305.17829168005846,0
1596210321.4968798,214.61416948004626,305.17829168005846,0
1596210321.5068777,216.41378152533434,305.17829168005846,0
1596210321.5168827,218.21468103094958,305.17829168005846,0
1596210321.5268767,220.01352060004137,305.17829168005846,0
1596210321.53689,221.81600797339343,305.17829168005846,0
1596210321.5468826,223.61467588110827,305.17829168005846,0
1596210321.5568805,225.41424501105212,305.17829168005846,0
1596210321.5668802,227.2142003790941,305.17829168005846,0
1596210321.5768836,229.01475656195544,305.17829168005846,0
1596210321.5868735,230.81303823157214,305.17829168005846,0
1596210321.5968816,232.61449563666247,305.17829168005846,0
1596210321.606883,234.41479432745837,305.17829168005846,0
1596210321.6168768,236.21359098120593,305.17829168005846,0
1596210321.6268785,238.01388967200182,305.17829168005846,0
1596210321.6368918,239.8162912146654,305.17829168005846,0
1596210321.6468904,241.61611783667468,305.17829168005846,0
1596210321.6568885,243.41572988196276,305.17829168005846,0
1596210321.6668787,245.21388280554675,305.17829168005846,0
1596210321.6768775,247.01370942755602,305.17829168005846,0
1596210321.6868746,248.81327855749987,305.17829168005846,0
1596210321.6968808,250.61434972449206,305.17829168005846,0
1596210321.7068906,252.41606462164782,305.17829168005846,0
1596210321.7168767,254.21361673041247,305.17829168005846,0
1596210321.7268739,256.0130571143236,305.17829168005846,0
1596210321.7368817,257.81442868872546,305.17829168005846,0
1596210321.7468758,259.61339700384997,305.17829168005846,0
1596210321.75689,261.41601312323473,305.17829168005846,0
1596210321.7668765,263.21352231665514,305.17829168005846,0
1596210321.7768898,265.0160096900072,305.17829168005846,0
1596210321.7868881,266.8156646506395,305.17829168005846,0
1596210321.7968893,268.61587751074694,305.17829168005846,0
1596210321.8068912,270.41617620154284,305.17829168005846,0
1596210321.8168886,272.2157882468309,305.17829168005846,0
1596210321.8268838,274.01488530798815,305.17829168005846,0
1596210321.8368866,275.81539857550524,305.17829168005846,0
1596210321.846881,277.614409805974,305.17829168005846,0
1596210321.8568885,279.41578138037585,305.17829168005846,0
1596210321.866892,281.2163375632372,305.17829168005846,0
1596210321.876883,283.01470506354235,305.17829168005846,0
1596210321.8868775,284.8137162940111,305.17829168005846,0
1596210321.8968732,286.6129850165453,305.17829168005846,0
1596210321.9068744,288.41315496130846,305.17829168005846,0
1596210321.9168742,290.21311032935046,305.17829168005846,0
1596210321.926875,292.0133231894579,305.17829168005846,0
1596210321.9368796,293.8140939490404,305.17829168005846,0
1596210321.9468794,295.61409223242663,305.17829168005846,0
1596210321.9568756,297.41331803961657,305.17829168005846,0
1596210321.966874,299.21301591559313,305.17829168005846,0
1596210321.9768844,301.0149453894701,305.17829168005846,0
1596210321.9868762,302.813441635808,305.17829168005846,0
1596210321.9968815,304.6144269721117,305.17829168005846,0
1596210322.0068886,306.41571271582507,305.17829168005846,0
1596210322.0168893,308.2159255759325,305.17829168005846,0
1596210322.0268784,310.0139068381395,305.17829168005846,0
1596210322.036883,311.8147634284105,305.17829168005846,0
1596210322.0468767,313.61364591284655,305.17829168005846,0
1596210322.0568888,315.4157041327562,305.17829168005846,0
1596210322.0668912,317.2162174002733,305.17829168005846,0
1596210322.0768857,319.0152715460863,305.17829168005846,0
1596210322.0868804,320.8143256918993,305.17829168005846,0
1596210322.0968835,322.61479604407214,305.17829168005846,0
1596210322.1068795,324.41397893591784,305.17829168005846,0
1596210322.1168878,326.21552217169665,305.17829168005846,0
1596210322.1268787,328.0138896720018,305.17829168005846,0
1596210322.136881,329.8144029395189,305.17829168005846,0
1596210322.1468747,331.6131995932665,305.17829168005846,0
1596210322.156875,333.41324079199694,305.17829168005846,0
1596210322.1668758,335.2134107367601,305.17829168005846,0
1596210322.1768777,337.0137952582445,305.17829168005846,0
1596210322.1868825,338.8146518485155,305.17829168005846,0
1596210322.1968744,340.61323392554186,305.17829168005846,0
1596210322.2068765,342.413575531682,305.17829168005846,0
1596210322.2168741,344.21314466162585,305.17829168005846,0
1596210322.2268877,346.0155032889452,305.17829168005846,0
1596210322.236886,347.815244080266,305.17829168005846,0
1596210322.2468925,349.6164439932909,305.17829168005846,0
1596210322.2568903,351.41601312323473,305.17829168005846,0
1596210322.2668917,353.21635472937487,305.17829168005846,0
1596210322.276891,355.01605260535143,305.17829168005846,0
1596210322.286881,356.8144201056566,305.17829168005846,0
1596210322.2968895,358.6159204260912,305.17829168005846,0
1596210322.3046916,360,305.17829168005846,1
1596210322.3046942,0,305.17829168005846,0
1596210322.3146,1.803758026799187,305.17829168005846,0
1596210322.317729,2.3495124594774097,305.17829168005846,0
1596210322.317767,2.3495124594774097,303.4161573354504,0
1596210322.324598,1.841278642823454,303.4161573354504,0
1596210322.3346088,3.6432510320446454,303.4161573354504,0
1596210322.344611,5.443549722840544,303.4161573354504,0
1596210322.3546104,7.243505090882536,303.4161573354504,0
1596210322.364603,9.042215913941618,303.4161573354504,0
1596210322.3746002,10.841742128541227,303.4161573354504,0
1596210322.384606,12.642727464844938,303.4161573354504,0
1596210322.3945968,14.441094965150114,303.4161573354504,0
1596210322.4045968,16.241007417847868,303.4161573354504,0
1596210322.4146001,18.04169234674191,303.4161573354504,0
1596210322.4246044,19.842377275635954,303.4161573354504,0
1596210322.4346032,21.64224681298947,303.4161573354504,0
1596210322.4445977,23.44121512811398,303.4161573354504,0
1596210322.4545984,25.241342157532927,303.4161573354504,0
1596210322.464598,27.04129752557492,303.4161573354504,0
1596210322.4746082,28.843098253419157,303.4161573354504,0
1596210322.4846058,30.642667383363005,303.4161573354504,0
1596210322.4945936,32.44051989953732,303.4161573354504,0
1596210322.5046055,34.24262103479123,303.4161573354504,0
1596210322.5145977,36.041203111817595,303.4161573354504,0
1596210322.5245974,37.841201395203825,303.4161573354504,0
1596210322.5345948,39.640727609803434,303.4161573354504,0
1596210322.5445926,41.44033965509152,303.4161573354504,0
1596210322.5546043,43.24231204431271,303.4161573354504,0
1596210322.5645971,45.04110869806027,303.4161573354504,0
1596210322.574598,46.84132155816769,303.4161573354504,0
1596210322.5846064,48.64282187860226,303.4161573354504,0
1596210322.594607,50.44290599267697,303.4161573354504,0
1596210322.6045926,52.24037227075314,303.4161573354504,0
1596210322.6146026,54.0420871679089,303.4161573354504,0
1596210322.6246116,55.84371623437619,303.4161573354504,0
1596210322.634608,57.643027872254606,303.4161573354504,0
1596210322.6445951,59.440837473084684,303.4161573354504,0
1596210322.654609,61.24319610040402,303.4161573354504,0
1596210322.664595,63.04074820916867,303.4161573354504,0
1596210322.6746073,64.84297809045529,303.4161573354504,0
1596210322.684596,66.64091643731808,303.4161573354504,0
1596210322.694596,68.44095763604855,303.4161573354504,0
1596210322.7046,70.2416425649426,303.4161573354504,0
1596210322.7145925,72.04031047265744,303.4161573354504,0
1596210322.7245963,73.84095248620724,303.4161573354504,0
1596210322.7346048,75.64249572198605,303.4161573354504,0
1596210322.7445972,77.4411636297009,303.4161573354504,0
1596210322.7545974,79.24116191308713,303.4161573354504,0
1596210322.7646096,81.04334887902951,303.4161573354504,0
1596210322.7746048,82.84248885553097,303.4161573354504,0
1596210322.7845955,84.64081344049191,303.4161573354504,0
1596210322.7946093,86.44338664453244,303.4161573354504,0
1596210322.8045933,88.24042376916623,303.4161573354504,0
1596210322.814597,90.04110869806027,303.4161573354504,0
1596210322.8246107,91.84359607141232,303.4161573354504,0
1596210322.8345938,93.64054736535763,303.4161573354504,0
1596210322.844603,95.44221934716916,303.4161573354504,0
1596210322.854593,97.24041518609738,303.4161573354504,0
1596210322.8645983,99.04140052240109,303.4161573354504,0
1596210322.8746057,100.84264335077023,303.4161573354504,0
1596210322.884607,102.64294204156613,303.4161573354504,0
1596210322.894608,104.44306907098508,303.4161573354504,0
1596210322.9045978,106.24122199456906,303.4161573354504,0
1596210322.914592,108.04014739434933,303.4161573354504,0
1596210322.9246044,109.84242019098019,303.4161573354504,0
1596210322.9345999,111.6416030828259,303.4161573354504,0
1596210322.9445937,113.44048556726193,303.4161573354504,0
1596210322.954603,115.24215754907345,303.4161573354504,0
1596210322.9646063,117.04275664727902,303.4161573354504,0
1596210322.9746022,118.84198245446896,303.4161573354504,0
1596210322.9845955,120.64082202356076,303.4161573354504,0
1596210322.9946089,122.4431806508801,303.4161573354504,0
1596210323.0046017,124.24189147393918,303.4161573354504,0
1596210323.0146093,126.04334887902951,303.4161573354504,0
1596210323.0246074,127.8429609243176,303.4161573354504,0
1596210323.034601,129.64175757806515,303.4161573354504,0
1596210323.0445945,131.4406400625012,303.4161573354504,0
1596210323.0545926,133.2402950231335,303.4161573354504,0
1596210323.0645945,135.04063662927365,303.4161573354504,0
1596210323.0746088,136.84325274865841,303.4161573354504,0
1596210323.0846095,138.64337977807736,303.4161573354504,0
1596210323.0945966,140.44097480218625,303.4161573354504,0
1596210323.1046112,142.2436767522595,303.4161573354504,0
1596210323.1146066,144.04277381341672,303.4161573354504,0
1596210323.1245954,145.84088382165646,303.4161573354504,0
1596210323.134611,147.64354285638547,303.4161573354504,0
1596210323.144601,149.44178161065793,303.4161573354504,0
1596210323.1545966,151.24100741784787,303.4161573354504,0
1596210323.1646032,153.04220733087277,303.4161573354504,0
1596210323.174601,154.84181937616086,303.4161573354504,0
1596210323.1846077,156.64297637384152,303.4161573354504,0
1596210323.1946003,158.4416871969006,303.4161573354504,0
1596210323.2046006,160.24172839563107,303.4161573354504,0
1596210323.2145956,162.0408254567883,303.4161573354504,0
1596210323.2245965,163.84095248620724,303.4161573354504,0
1596210323.2346017,165.64193782251095,303.4161573354504,0
1596210323.2445977,167.44120654504513,303.4161573354504,0
1596210323.254604,169.24232062738156,303.4161573354504,0
1596210323.2645967,171.04107436578488,303.4161573354504,0
1596210323.2746022,172.84201678674435,303.4161573354504,0
1596210323.284601,174.64188632409787,303.4161573354504,0
1596210323.2946017,176.44192752282834,303.4161573354504,0
1596210323.304602,178.2419687215588,303.4161573354504,0
1596210323.3146105,180.04346904199338,303.4161573354504,0
1596210323.3245943,181.84059199731564,303.4161573354504,0
1596210323.3345945,183.6406331960461,303.4161573354504,0
1596210323.3445997,185.44166144769406,303.4161573354504,0
1596210323.354603,187.2421317998669,303.4161573354504,0
1596210323.3645933,189.0404134694836,303.4161573354504,0
1596210323.3746092,190.84324416558957,303.4161573354504,0
1596210323.384608,192.64307078759884,303.4161573354504,0
1596210323.3946056,194.44268283288693,303.4161573354504,0
1596210323.404609,196.2432819310925,303.4161573354504,0
1596210323.4146087,198.04319438379025,303.4161573354504,0
1596210323.4246073,199.8428922597668,303.4161573354504,0
1596210323.4345934,201.6404872838757,303.4161573354504,0
1596210323.4446049,203.44250258844113,303.4161573354504,0
1596210323.4546003,205.24172839563107,303.4161573354504,0
1596210323.4645994,207.0415121022961,303.4161573354504,0
1596210323.474597,208.84108123223996,303.4161573354504,0
1596210323.4845939,210.6405216161511,303.4161573354504,0
1596210323.4945953,212.44077739160275,303.4161573354504,0
1596210323.5045922,214.24021777551388,303.4161573354504,0
1596210323.5145936,216.0404306356213,303.4161573354504,0
1596210323.5246017,217.84188804071164,303.4161573354504,0
1596210323.534593,219.64042720239377,303.4161573354504,0
1596210323.544596,221.44085463922238,303.4161573354504,0
1596210323.5545979,223.241282076051,303.4161573354504,0
1596210323.5646017,225.04188117425656,303.4161573354504,0
1596210323.5746095,226.84329566400265,303.4161573354504,0
1596210323.5845957,228.64089068811154,303.4161573354504,0
1596210323.5946436,230.44930037896847,303.4161573354504,0
1596210323.6046016,232.24191722314572,303.4161573354504,0
1596210323.6145918,234.04015597741818,303.4161573354504,0
1596210323.624598,235.8412700597546,303.4161573354504,0
1596210323.6345952,237.6406675283215,303.4161573354504,0
1596210323.6445932,239.44036540429806,303.4161573354504,0
1596210323.6546104,241.24353942315793,303.4161573354504,0
1596210323.6646001,243.0415636007092,303.4161573354504,0
1596210323.6745982,244.84130439203,303.4161573354504,0
1596210323.6846035,246.64224681298947,303.4161573354504,0
1596210323.6945992,248.44151553552365,303.4161573354504,0
1596210323.7045937,250.24048385064816,303.4161573354504,0
1596210323.7146032,252.04224166314816,303.4161573354504,0
1596210323.724591,253.84005126397824,303.4161573354504,0
1596210323.7346046,255.6424528066418,303.4161573354504,0
1596210323.7445962,257.4409490529797,303.4161573354504,0
1596210323.7545922,259.2402606908581,303.4161573354504,0
1596210323.7646065,261.0427909795544,303.4161573354504,0
1596210323.7746017,262.8419738714001,303.4161573354504,0
1596210323.7846036,264.642272562196,303.4161573354504,0
1596210323.7945938,266.4405113164685,303.4161573354504,0
1596210323.804608,268.24304160516476,303.4161573354504,0
1596210323.8145967,270.0410228673718,303.4161573354504,0
1596210323.8245919,271.840119928529,303.4161573354504,0
1596210323.8346055,273.64269313256955,303.4161573354504,0
1596210323.8445904,275.4399448339245,303.4161573354504,0
1596210323.8546097,277.24341926019406,303.4161573354504,0
1596210323.864606,279.04268798272824,303.4161573354504,0
1596210323.874596,280.84088382165646,303.4161573354504,0
1596210323.8845968,282.6410108510754,303.4161573354504,0
1596210323.8946002,284.4416528646252,303.4161573354504,0
1596210323.904599,286.24143657129025,303.4161573354504,0
1596210323.9145968,288.0410915319226,303.4161573354504,0
1596210323.9246082,289.84314975183224,303.4161573354504,0
1596210323.9345999,291.6416030828259,303.4161573354504,0
1596210323.9446096,293.44331797998166,303.4161573354504,0
1596210323.954594,295.24048385064816,303.4161573354504,0
1596210323.9645956,297.0408254567883,303.4161573354504,0
1596210323.9745948,298.84060916345334,303.4161573354504,0
1596210323.984596,300.64090785424924,303.4161573354504,0
1596210323.9946082,302.4430519048474,303.4161573354504,0
1596210324.0046034,304.2422347966931,303.4161573354504,0
1596210324.0145948,306.0406452123425,303.4161573354504,0
1596210324.0246005,307.8417592946789,303.4161573354504,0
1596210324.034604,309.6423583928845,303.4161573354504,0
1596210324.0446005,311.4417987767956,303.4161573354504,0
1596210324.0545914,313.24012336175656,303.4161573354504,0
1596210324.0646026,315.042138666322,303.4161573354504,0
1596210324.0746107,316.84351024072384,303.4161573354504,0
1596210324.0845997,318.6416202489636,303.4161573354504,0
1596210324.0945995,320.44144687097287,303.4161573354504,0
1596210324.104596,322.24093017022824,303.4161573354504,0
1596210324.1145952,324.0407567922375,303.4161573354504,0
1596210324.1245966,325.84096965234494,303.4161573354504,0
1596210324.1345947,327.6406675283215,303.4161573354504,0
1596210324.1445906,329.43989333551144,303.4161573354504,0
1596210324.1545947,331.24066409509396,303.4161573354504,0
1596210324.1645901,333.03984698693966,303.4161573354504,0
1596210324.1746032,334.8422914449475,303.4161573354504,0
1596210324.184597,336.6410451833508,303.4161573354504,0
1596210324.1946082,338.4430604879162,303.4161573354504,0
1596210324.20459,340.23992595117306,303.4161573354504,0
1596210324.2146063,342.042756647279,303.4161573354504,0
1596210324.2245908,343.84005126397824,303.4161573354504,0
1596210324.234599,345.64150866906857,303.4161573354504,0
1596210324.2446084,347.4431806508801,303.4161573354504,0
1596210324.2545962,349.2409902517102,303.4161573354504,0
1596210324.2645912,351.04004439752316,303.4161573354504,0
1596210324.2746,352.8416305486462,303.4161573354504,0
1596210324.2845967,354.64107093255734,303.4161573354504,0
1596210324.2945988,356.4414554540417,303.4161573354504,0
1596210324.3046026,358.2420545522473,303.4161573354504,0
1596210324.3144798,360,303.4161573354504,1
1596210324.3144827,0,303.4161573354504,0
1596210324.319052,0.825343698670622,303.4161573354504,0
1596210324.3190908,0.825343698670622,302.79714956144744,0
1596210324.3241525,1.1290158257907024,302.79714956144744,0
1596210324.3241868,1.1290158257907024,301.9503876921044,0
1596210324.324394,0.338773464809492,301.9503876921044,0
1596210324.334393,2.138685917507246,301.9503876921044,0
1596210324.3444,3.93984291518791,301.9503876921044,0
1596210324.3543952,5.738982891689375,301.9503876921044,0
1596210324.3642986,7.505507206569746,301.9503876921044,0
1596210324.3643458,7.505507206569746,296.3212572871771,0
1596210324.3644097,1.9112240611639209,296.3212572871771,0
1596210324.3743937,3.7095486461248584,296.3212572871771,0
1596210324.3843968,5.5101048289861865,296.3212572871771,0
1596210324.3943949,7.3098885356512255,296.3212572871771,0
1596210324.404398,9.110401803168315,296.3212572871771,0
1596210324.4143984,10.91052883258726,296.3212572871771,0
1596210324.4243958,12.709969216498394,296.3212572871771,0
1596210324.4343987,14.510525399359722,296.3212572871771,0
1596210324.444404,16.311467820319194,296.3212572871771,0
1596210324.4543893,18.10880535236265,296.3212572871771,0
1596210324.4643934,19.909533196600933,296.3212572871771,0
1596210324.4743948,21.70987480274107,296.3212572871771,0
1596210324.4843965,23.510173493536968,296.3212572871771,0
1596210324.4943883,25.30866973987486,296.3212572871771,0
1596210324.504394,27.109569245490093,296.3212572871771,0
1596210324.514396,28.909996682318706,296.3212572871771,0
1596210324.5244005,30.710810357245464,296.3212572871771,0
1596210324.5343895,32.50892036548521,296.3212572871771,0
1596210324.5443952,34.30994861713316,296.3212572871771,0
1596210324.554402,36.11110561481382,296.3212572871771,0
1596210324.5643954,37.90998809924986,296.3212572871771,0
1596210324.5743985,39.71045845142271,296.3212572871771,0
1596210324.5843978,41.5104138194647,296.3212572871771,0
1596210324.5943956,43.30998294940855,296.3212572871771,0
1596210324.6044042,45.11144035449888,296.3212572871771,0
1596210324.6143956,46.91002243152525,296.3212572871771,0
1596210324.6243865,48.70826118579771,296.3212572871771,0
1596210324.6343966,50.510147744330425,296.3212572871771,0
1596210324.6444042,52.31151931873228,296.3212572871771,0
1596210324.654391,54.10911434284117,296.3212572871771,0
1596210324.6643896,55.908898049506206,296.3212572871771,0
1596210324.6743953,57.709926301154155,296.3212572871771,0
1596210324.6843905,59.50906627765562,296.3212572871771,0
1596210324.6944003,61.31078117481138,296.3212572871771,0
1596210324.7044013,63.110951119574565,296.3212572871771,0
1596210324.7143872,64.9083744823065,296.3212572871771,0
1596210324.7243984,66.71038978687193,296.3212572871771,0
1596210324.7343996,68.51064556232359,296.3212572871771,0
1596210324.7444024,70.31120174518492,296.3212572871771,0
1596210324.7543988,72.11051338306333,296.3212572871771,0
1596210324.7644005,73.91081207385923,296.3212572871771,0
1596210324.7743945,75.70978038898375,296.3212572871771,0
1596210324.7844007,77.51085155597593,296.3212572871771,0
1596210324.7943919,79.30930488696958,296.3212572871771,0
1596210324.8044016,81.11106269946958,296.3212572871771,0
1596210324.8143868,82.9083573161688,296.3212572871771,0
1596210324.8243928,84.70947139850523,296.3212572871771,0
1596210324.8343945,86.50977008930113,296.3212572871771,0
1596210324.8443863,88.30822342029478,296.3212572871771,0
1596210324.8543851,90.10813587299253,296.3212572871771,0
1596210324.8643978,91.91036575427916,296.3212572871771,0
1596210324.8743992,93.71062152973082,296.3212572871771,0
1596210324.8843963,95.51001899829771,296.3212572871771,0
1596210324.894399,97.31057518115904,296.3212572871771,0
1596210324.904395,99.10980098834898,296.3212572871771,0
1596210324.9143846,100.9079968272772,296.3212572871771,0
1596210324.9243913,102.70915382495787,296.3212572871771,0
1596210324.9343877,104.508594208869,296.3212572871771,0
1596210324.9443946,106.30975120654966,296.3212572871771,0
1596210324.9543967,108.11017864337828,296.3212572871771,0
1596210324.964402,109.91103523364927,296.3212572871771,0
1596210324.9743938,111.7095743953314,296.3212572871771,0
1596210324.9843903,113.50892894855406,296.3212572871771,0
1596210324.9943993,115.31060093036558,296.3212572871771,0
1596210325.0044012,117.11089962116148,296.3212572871771,0
1596210325.0143952,118.90986793628599,296.3212572871771,0
1596210325.024394,120.70965164295103,296.3212572871771,0
1596210325.0344033,122.51132362476255,296.3212572871771,0
1596210325.0444033,124.31132190814878,296.3212572871771,0
1596210325.054394,126.10968940845396,296.3212572871771,0
1596210325.064397,127.91020267597105,296.3212572871771,0
1596210325.0743902,129.70895641437437,296.3212572871771,0
1596210325.0844016,131.51101463428404,296.3212572871771,0
1596210325.0943952,133.30985420337583,296.3212572871771,0
1596210325.1043887,135.10860794177916,296.3212572871771,0
1596210325.1143875,136.90847747913267,296.3212572871771,0
1596210325.1244013,138.71100776782896,296.3212572871771,0
1596210325.134385,140.50804489246275,296.3212572871771,0
1596210325.1443877,142.30855815997984,296.3212572871771,0
1596210325.1543982,144.11040180316832,296.3212572871771,0
1596210325.164384,145.9078680812445,296.3212572871771,0
1596210325.1743853,147.70812385669615,296.3212572871771,0
1596210325.184398,149.51031082263853,296.3212572871771,0
1596210325.1943913,151.30919330707457,296.3212572871771,0
1596210325.2044036,153.1114231883612,296.3212572871771,0
1596210325.2143862,154.90824573627378,296.3212572871771,0
1596210325.224393,156.70948856464292,296.3212572871771,0
1596210325.2343893,158.5087572871771,296.3212572871771,0
1596210325.2443883,160.30866973987486,296.3212572871771,0
1596210325.254394,162.10965507617857,296.3212572871771,0
1596210325.2643998,163.91072624317076,296.3212572871771,0
1596210325.2744,165.710724526557,296.3212572871771,0
1596210325.2843907,167.5090061961737,296.3212572871771,0
1596210325.2943954,169.30990570178892,296.3212572871771,0
1596210325.304385,171.10801571002867,296.3212572871771,0
1596210325.3143997,172.91076057544615,296.3212572871771,0
1596210325.324387,174.70848434558775,296.3212572871771,0
1596210325.3343925,176.50942676654722,296.3212572871771,0
1596210325.3443904,178.30895298114683,296.3212572871771,0
1596210325.3543935,180.10963791004087,296.3212572871771,0
1596210325.3643992,181.91058033100035,296.3212572871771,0
1596210325.3743834,183.7077891170111,296.3212572871771,0
1596210325.3843908,185.5091177760687,296.3212572871771,0
1596210325.3943865,187.30825775257017,296.3212572871771,0
1596210325.4043863,189.10829895130064,296.3212572871771,0
1596210325.4143965,190.91009967914488,296.3212572871771,0
1596210325.4243908,192.7090679942694,296.3212572871771,0
1596210325.4343882,194.50863712421324,296.3212572871771,0
1596210325.4444022,196.31116741290953,296.3212572871771,0
1596210325.4543848,198.10803287616636,296.3212572871771,0
1596210325.4643877,199.9085032283392,296.3212572871771,0
1596210325.4743884,201.7086731731024,296.3212572871771,0
1596210325.484389,203.5087572871771,296.3212572871771,0
1596210325.4943912,205.30918472400572,296.3212572871771,0
1596210325.504399,207.11055629840757,296.3212572871771,0
1596210325.514397,208.91012542835142,296.3212572871771,0
1596210325.524401,210.71089618793394,296.3212572871771,0
1596210325.534385,212.5080191432562,296.3212572871771,0
1596210325.5443976,214.3103348552313,296.3212572871771,0
1596210325.5543916,216.10926025501158,296.3212572871771,0
1596210325.5643842,217.90792816272642,296.3212572871771,0
1596210325.574395,219.7097718059149,296.3212572871771,0
1596210325.5843916,221.50925510517027,296.3212572871771,0
1596210325.5944026,223.31114166370298,296.3212572871771,0
1596210325.6044004,225.11075370899107,296.3212572871771,0
1596210325.6144013,226.9109665690985,296.3212572871771,0
1596210325.6243954,228.70989196887876,296.3212572871771,0
1596210325.634398,230.51027649036314,296.3212572871771,0
1596210325.6443908,232.3090731441107,296.3212572871771,0
1596210325.6543884,234.10868518939878,296.3212572871771,0
1596210325.6643856,235.90812557330992,296.3212572871771,0
1596210325.6743915,237.70928257099058,296.3212572871771,0
1596210325.6843963,239.51001041522886,296.3212572871771,0
1596210325.6943872,241.30842083087828,296.3212572871771,0
1596210325.7043893,243.1088482677069,296.3212572871771,0
1596210325.714384,244.90790241351988,296.3212572871771,0
1596210325.7243967,246.71021812549498,296.3212572871771,0
1596210325.734393,248.50944393268492,296.3212572871771,0
1596210325.7443945,250.30974262348082,296.3212572871771,0
1596210325.754393,252.10944049945738,296.3212572871771,0
1596210325.764403,253.9113270579901,296.3212572871771,0
1596210325.774385,255.70802085986998,296.3212572871771,0
1596210325.7843988,257.51055114856626,296.3212572871771,0
1596210325.7943952,259.3098627864447,296.3212572871771,0
1596210325.8043873,261.10844486347105,296.3212572871771,0
1596210325.8143954,262.9099022685614,296.3212572871771,0
1596210325.8243842,264.70792644611265,296.3212572871771,0
1596210325.8343933,266.50955551257994,296.3212572871771,0
1596210325.844402,268.311141663703,296.3212572871771,0
1596210325.8543973,270.1102387248602,296.3212572871771,0
1596210325.864389,271.9087349711981,296.3212572871771,0
1596210325.8743916,273.70920532337095,296.3212572871771,0
1596210325.8843837,275.5078732310858,296.3212572871771,0
1596210325.8943954,277.30993145099546,296.3212572871771,0
1596210325.9043856,279.1080414592352,296.3212572871771,0
1596210325.9144003,280.91082923999693,296.3212572871771,0
1596210325.9243858,282.7081667720404,296.3212572871771,0
1596210325.9343958,284.51001041522886,296.3212572871771,0
1596210325.9443831,286.3077771007147,296.3212572871771,0
1596210325.9543977,288.11026447406675,296.3212572871771,0
1596210325.9644,289.9108206569281,296.3212572871771,0
1596210325.974396,291.7100035487738,296.3212572871771,0
1596210325.984392,293.50935810199644,296.3212572871771,0
1596210325.9943926,295.3093993007269,296.3212572871771,0
1596210326.0043964,297.11008422962095,296.3212572871771,0
1596210326.0143955,298.90991085163023,296.3212572871771,0
1596210326.0243924,300.70935123554136,296.3212572871771,0
1596210326.0343852,302.5081049739447,296.3212572871771,0
1596210326.0444021,304.31115024677183,296.3212572871771,0
1596210326.054395,306.1098610698309,296.3212572871771,0
1596210326.0643873,307.9084431468573,296.3212572871771,0
1596210326.0744002,309.7107588588324,296.3212572871771,0
1596210326.0843942,311.5096413432684,296.3212572871771,0
1596210326.0943968,313.3101546107855,296.3212572871771,0
1596210326.1043828,315.1076208888617,296.3212572871771,0
1596210326.1143901,316.90899246326353,296.3212572871771,0
1596210326.1243863,318.7082611857977,296.3212572871771,0
1596210326.1343892,320.50881736865904,296.3212572871771,0
1596210326.1443915,322.3091589747992,296.3212572871771,0
1596210326.1543856,324.1081702052679,296.3212572871771,0
1596210326.164403,325.9112583934393,296.3212572871771,0
1596210326.1743937,327.70958297840025,296.3212572871771,0
1596210326.1843832,329.50773590198423,296.3212572871771,0
1596210326.19439,331.30893581500914,296.3212572871771,0
1596210326.2043908,333.1090628444281,296.3212572871771,0
1596210326.2143981,334.91043441882994,296.3212572871771,0
1596210326.224388,336.7085873424139,296.3212572871771,0
1596210326.2344015,338.51103180042173,296.3212572871771,0
1596210326.2443893,340.3088414012518,296.3212572871771,0
1596210326.2543902,342.109011346015,296.3212572871771,0
1596210326.2644022,343.9112412273016,296.3212572871771,0
1596210326.274393,345.70956581226255,296.3212572871771,0
1596210326.2843874,347.5084912120428,296.3212572871771,0
1596210326.2943933,349.309562379035,296.3212572871771,0
1596210326.304388,351.10857360950376,296.3212572871771,0
1596210326.314395,352.9098164378729,296.3212572871771,0
1596210326.3243995,354.71063011279966,296.3212572871771,0
1596210326.3281646,355.3634583293524,296.3212572871771,0
1596210326.3282268,355.3634583293524,299.7986635401628,0
1596210326.3343942,359.98709051159835,299.7986635401628,0
1596210326.3345578,360,299.7986635401628,1
1596210326.3345604,0,299.7986635401628,0
1596210326.3419993,1.3393100932023572,299.7986635401628,0
1596210326.3420424,1.3393100932023572,298.79418097026104,0
1596210326.344492,0.8002015162205112,298.79418097026104,0
1596210326.3544862,2.599169831345023,298.79418097026104,0
1596210326.364492,4.400198082992972,298.79418097026104,0
1596210326.3744838,6.198737244675101,298.79418097026104,0
1596210326.384501,8.001911263534964,298.79418097026104,0
1596210326.3944957,9.800836663315238,298.79418097026104,0
1596210326.404493,11.600362877914847,298.79418097026104,0
1596210326.4144833,13.398644547531546,298.79418097026104,0
1596210326.4245007,15.20181856639141,298.79418097026104,0
1596210326.4344935,17.000486474106253,298.79418097026104,0
1596210326.444485,18.798939805099906,298.79418097026104,0
1596210326.4544823,20.598466019699515,298.79418097026104,0
1596210326.4644854,22.398979287216605,298.79418097026104,0
1596210326.4745002,24.201724152634085,298.79418097026104,0
1596210326.4845006,26.00185118205303,298.79418097026104,0
1596210326.4944966,27.801034073898734,298.79418097026104,0
1596210326.5044932,29.600474457809867,298.79418097026104,0
1596210326.5145018,31.402017693588675,298.79418097026104,0
1596210326.5244846,33.19888315684551,298.79418097026104,0
1596210326.5344846,34.99892435557598,298.79418097026104,0
1596210326.5444832,36.79862223155254,298.79418097026104,0
1596210326.5545022,38.602053742477835,298.79418097026104,0
1596210326.5645003,40.4017516184544,298.79418097026104,0
1596210326.574485,42.19900331980938,298.79418097026104,0
1596210326.584484,43.99878702647442,298.79418097026104,0
1596210326.5945022,45.80200396067852,298.79418097026104,0
1596210326.6044848,47.59891233927959,298.79418097026104,0
1596210326.6145003,49.40170012004131,298.79418097026104,0
1596210326.6244917,51.2001963663792,298.79418097026104,0
1596210326.6344962,53.00096712596172,298.79418097026104,0
1596210326.6444879,54.79946337229961,298.79418097026104,0
1596210326.6544986,56.601392846176566,298.79418097026104,0
1596210326.6644893,58.39976034648174,298.79418097026104,0
1596210326.674491,60.2000161219334,298.79418097026104,0
1596210326.684486,61.99907026774639,298.79418097026104,0
1596210326.6944995,63.80160055644268,298.79418097026104,0
1596210326.7044828,65.59859476573223,298.79418097026104,0
1596210326.7144978,67.40125380046123,298.79418097026104,0
1596210326.7244918,69.20022211558575,298.79418097026104,0
1596210326.734498,71.00133619792217,298.79418097026104,0
1596210326.7444963,72.80107698924297,298.79418097026104,0
1596210326.7545,74.6016331721043,298.79418097026104,0
1596210326.7644935,76.40051565654034,298.79418097026104,0
1596210326.7744973,78.20120058543438,298.79418097026104,0
1596210326.7844954,80.00081263072246,298.79418097026104,0
1596210326.7944949,81.8008109141087,298.79418097026104,0
1596210326.804491,83.60003672129864,298.79418097026104,0
1596210326.814486,85.39913378245586,298.79418097026104,0
1596210326.8245006,87.20179281718487,298.79418097026104,0
1596210326.8344948,89.00076113230938,298.79418097026104,0
1596210326.8445017,90.80196104533428,298.79418097026104,0
1596210326.8545008,92.6018305826878,298.79418097026104,0
1596210326.8644865,94.39925394541973,298.79418097026104,0
1596210326.8744867,96.1992951441502,298.79418097026104,0
1596210326.8844967,98.0010529566502,298.79418097026104,0
1596210326.894499,99.80152330882305,298.79418097026104,0
1596210326.9044993,101.60147867686504,298.79418097026104,0
1596210326.9144826,103.39855871684307,298.79418097026104,0
1596210326.9244964,105.20100317485088,298.79418097026104,0
1596210326.9344923,107.0003148127293,298.79418097026104,0
1596210326.9444945,108.80069933421368,298.79418097026104,0
1596210326.9544852,110.59902391917461,298.79418097026104,0
1596210326.9644973,112.401210885117,298.79418097026104,0
1596210326.974497,114.20116625315899,298.79418097026104,0
1596210326.9844944,116.00064955241436,298.79418097026104,0
1596210326.9944878,117.79944620616192,298.79418097026104,0
1596210327.004491,119.60004530436748,298.79418097026104,0
1596210327.0144882,121.39952860362285,298.79418097026104,0
1596210327.0244956,123.200771431992,298.79418097026104,0
1596210327.0344963,125.00098429209942,298.79418097026104,0
1596210327.0444894,126.79982386119121,298.79418097026104,0
1596210327.054484,128.59879217631573,298.79418097026104,0
1596210327.0644886,130.39969168193096,298.79418097026104,0
1596210327.0744832,132.19865999705547,298.79418097026104,0
1596210327.0844934,134.00050364024395,298.79418097026104,0
1596210327.0944967,135.80110273844952,298.79418097026104,0
1596210327.1044967,137.60110102183575,298.79418097026104,0
1596210327.1144931,139.40041265971416,298.79418097026104,0
1596210327.1244977,141.20118341929668,298.79418097026104,0
1596210327.13449,142.9999371577,298.79418097026104,0
1596210327.1444826,144.79851923472637,298.79418097026104,0
1596210327.1544847,146.59894667155498,298.79418097026104,0
1596210327.1644928,148.40040407664532,298.79418097026104,0
1596210327.174486,150.19915781504864,298.79418097026104,0
1596210327.184497,152.00113020426983,298.79418097026104,0
1596210327.1944866,153.79919729716534,298.79418097026104,0
1596210327.204483,155.59863768107647,298.79418097026104,0
1596210327.2144847,157.39893637187237,298.79418097026104,0
1596210327.224499,159.20146666056866,298.79418097026104,0
1596210327.2345,161.00163660533184,298.79418097026104,0
1596210327.2444856,162.799102883408,298.79418097026104,0
1596210327.2544985,164.6014185953831,298.79418097026104,0
1596210327.2644913,166.40008650309795,298.79418097026104,0
1596210327.2744918,168.2002135325169,298.79418097026104,0
1596210327.2844875,169.9993964243626,298.79418097026104,0
1596210327.2944853,171.7990084696507,298.79418097026104,0
1596210327.3044944,173.60063753611797,298.79418097026104,0
1596210327.3144972,175.40115080363506,298.79418097026104,0
1596210327.324496,177.20097742564434,298.79418097026104,0
1596210327.3344824,178.99848661906475,298.79418097026104,0
1596210327.344499,180.8015318918919,298.79418097026104,0
1596210327.3545008,182.60178766734356,298.79418097026104,0
1596210327.364501,184.40174303538555,298.79418097026104,0
1596210327.374492,186.2001963663792,298.79418097026104,0
1596210327.3845003,188.001739602158,298.79418097026104,0
1596210327.394496,189.80092249400371,298.79418097026104,0
1596210327.4044986,191.6014357615208,298.79418097026104,0
1596210327.4144883,193.39954576976055,298.79418097026104,0
1596210327.424494,195.2005740214085,298.79418097026104,0
1596210327.4344811,196.9982977915501,298.79418097026104,0
1596210327.4444957,198.8008280802464,298.79418097026104,0
1596210327.4544866,200.5992384958958,298.79418097026104,0
1596210327.4644938,202.40061007029766,298.79418097026104,0
1596210327.474492,204.20026503092998,298.79418097026104,0
1596210327.4844964,206.00107870585674,298.79418097026104,0
1596210327.494487,207.7993174601292,298.79418097026104,0
1596210327.5044923,209.60025988108868,298.79418097026104,0
1596210327.514498,211.40128813273662,298.79418097026104,0
1596210327.5244982,213.2013293314671,298.79418097026104,0
1596210327.5344903,214.99999723918194,298.79418097026104,0
1596210327.544484,216.79875097758526,298.79418097026104,0
1596210327.5544877,218.59947882182354,298.79418097026104,0
1596210327.5644984,220.40132246501202,298.79418097026104,0
1596210327.5744967,222.20110617167705,298.79418097026104,0
1596210327.5844846,223.99891577250713,298.79418097026104,0
1596210327.5944939,225.80054483897442,298.79418097026104,0
1596210327.604497,227.60110102183575,298.79418097026104,0
1596210327.6144865,229.39925394541973,298.79418097026104,0
1596210327.6244903,231.19989595896953,298.79418097026104,0
1596210327.6344848,232.99886427409405,298.79418097026104,0
1596210327.6444967,234.80105124003643,298.79418097026104,0
1596210327.6544893,236.5997620630955,298.79418097026104,0
1596210327.6644998,238.40156279093975,298.79418097026104,0
1596210327.6744826,240.19859991557354,298.79418097026104,0
1596210327.6844952,242.00078688151592,298.79418097026104,0
1596210327.694485,243.7989398050999,298.79418097026104,0
1596210327.7044866,245.59932432658428,298.79418097026104,0
1596210327.7144856,247.39906511790508,298.79418097026104,0
1596210327.7244854,249.19902048594707,298.79418097026104,0
1596210327.7345,251.00163660533184,298.79418097026104,0
1596210327.7444904,252.79996119029278,298.79418097026104,0
1596210327.754489,254.59965906626934,298.79418097026104,0
1596210327.764483,256.3985844660496,298.79418097026104,0
1596210327.7744982,258.20141516215557,298.79418097026104,0
1596210327.7844946,260.00068388468975,298.79418097026104,0
1596210327.7944837,261.798708062241,298.79418097026104,0
1596210327.8044877,263.59939299113506,298.79418097026104,0
1596210327.814497,265.40115080363506,298.79418097026104,0
1596210327.824498,267.201277833054,298.79418097026104,0
1596210327.8344815,268.9983149576878,298.79418097026104,0
1596210327.8444982,270.80123148448223,298.79418097026104,0
1596210327.85448,272.5981398630833,298.79418097026104,0
1596210327.8644814,274.3983527231907,298.79418097026104,0
1596210327.8744915,276.2001105356907,298.79418097026104,0
1596210327.8844986,278.00143919474834,298.79418097026104,0
1596210327.8944874,279.79937754161114,298.79418097026104,0
1596210327.9044816,281.5983887720799,298.79418097026104,0
1596210327.914491,283.40001783854717,298.79418097026104,0
1596210327.9245007,285.2018185663914,298.79418097026104,0
1596210327.9344938,287.00057230479473,298.79418097026104,0
1596210327.9444823,288.79842482096905,298.79418097026104,0
1596210327.9544888,290.59962473399395,298.79418097026104,0
1596210327.9644973,292.40125380046123,298.79418097026104,0
1596210327.9744895,294.19979296214336,298.79418097026104,0
1596210327.9844952,296.0007782984471,298.79418097026104,0
1596210327.9944856,297.7990599680638,298.79418097026104,0
1596210328.0044832,299.5986290980076,298.79418097026104,0
1596210328.014485,301.39897070414776,298.79418097026104,0
1596210328.0244935,303.20051393992657,298.79418097026104,0
1596210328.0344863,304.99913893229717,298.79418097026104,0
1596210328.0444837,306.7986651468968,298.79418097026104,0
1596210328.0544808,308.5982342768406,298.79418097026104,0
1596210328.0644808,310.3981467295384,298.79418097026104,0
1596210328.074498,312.20132074839825,298.79418097026104,0
1596210328.084494,314.00063238627666,298.79418097026104,0
1596210328.0944936,315.8005448389744,298.79418097026104,0
1596210328.104481,317.598268609116,298.79418097026104,0
1596210328.1144867,319.39929686076397,298.79418097026104,0
1596210328.1244926,321.2002821970677,298.79418097026104,0
1596210328.134482,322.9983492899632,298.79418097026104,0
1596210328.1444967,324.80105124003643,298.79418097026104,0
1596210328.1544828,326.5986033488011,298.79418097026104,0
1596210328.1644905,328.3999320078587,298.79418097026104,0
1596210328.1744967,330.20108900553936,298.79418097026104,0
1596210328.1844857,331.99902735240215,298.79418097026104,0
1596210328.194495,333.80078516490215,298.79418097026104,0
1596210328.2044904,335.59996805674785,298.79418097026104,0
1596210328.2144818,337.39837847239727,298.79418097026104,0
1596210328.2244859,339.1991492319798,298.79418097026104,0
1596210328.2344987,341.0014649439549,298.79418097026104,0
1596210328.2444835,342.79871664530987,298.79418097026104,0
1596210328.2544975,344.6011611033177,298.79418097026104,0
1596210328.2644832,346.39862738139385,298.79418097026104,0
1596210328.2744837,348.1987544108128,298.79418097026104,0
1596210328.2844813,349.9982806254124,298.79418097026104,0
1596210328.294489,351.79965219981426,298.79418097026104,0
1596210328.3044918,353.6002083826756,298.79418097026104,0
1596210328.3144975,355.4011937189793,298.79418097026104,0
1596210328.3244917,357.20007620341534,298.79418097026104,0
1596210328.3344908,358.99994574076885,298.79418097026104,0
1596210328.3401525,360,298.79418097026104,1
1596210328.3401554,0,298.79418097026104,0
1596210328.3445978,0.8012743998264682,298.79418097026104,0
1596210328.34464,0.8012743998264682,298.1932251703912,0
1596210328.3500597,1.2014477503472563,298.1932251703912,0
1596210328.3522964,1.5714638483697172,298.1932251703912,0
1596210328.3523362,1.5714638483697172,297.0146272841139,0
1596210328.360055,1.8219469252271665,297.0146272841139,0
1596210328.3700612,3.6230610075635923,297.0146272841139,0
1596210328.3800735,5.425290888850213,297.0146272841139,0
1596210328.383585,6.040825671259881,297.0146272841139,0
1596210328.383633,6.040825671259881,292.484008030669,0
1596210328.3900647,2.693039135710478,292.484008030669,0
1596210328.4000728,4.494582371489287,292.484008030669,0
1596210328.4100547,6.291319088713408,292.484008030669,0
1596210328.4200566,8.091617779509306,292.484008030669,0
1596210328.4300647,9.893075184599638,292.484008030669,0
1596210328.4400563,11.691614346281767,292.484008030669,0
1596210328.450069,13.493887142912627,292.484008030669,0
1596210328.4600565,15.291696743742705,292.484008030669,0
1596210328.4700606,17.09233875729251,292.484008030669,0
1596210328.4800587,18.891993717924834,292.484008030669,0
1596210328.490069,20.69388027645755,292.484008030669,0
1596210328.5000546,22.491303639189482,292.484008030669,0
1596210328.5100582,24.291945652739287,292.484008030669,0
1596210328.520054,26.091214375273466,292.484008030669,0
1596210328.5300722,27.894474224821806,292.484008030669,0
1596210328.5400736,29.694730000273466,292.484008030669,0
1596210328.5500746,31.49489994503665,292.484008030669,0
1596210328.5600588,33.292065815703154,292.484008030669,0
1596210328.570067,35.093566136137724,292.484008030669,0
1596210328.5800586,36.89197655178714,292.484008030669,0
1596210328.590059,38.692060665861845,292.484008030669,0
1596210328.600069,40.49394722439456,292.484008030669,0
1596210328.610064,42.29304428555179,292.484008030669,0
1596210328.620064,44.0929138229053,292.484008030669,0
1596210328.6300702,45.894113735930205,292.484008030669,0
1596210328.6400661,47.693339543120146,292.484008030669,0
1596210328.6500552,49.491406636015654,292.484008030669,0
1596210328.6600735,51.294623570219755,292.484008030669,0
1596210328.6700587,53.09208984829593,292.484008030669,0
1596210328.6800714,54.89431972958255,292.484008030669,0
1596210328.6900637,56.692901806608916,292.484008030669,0
1596210328.7000732,58.49461670376468,292.484008030669,0
1596210328.7100616,60.29251213528323,292.484008030669,0
1596210328.720055,62.09135170437503,292.484008030669,0
1596210328.7300649,63.893195347563505,292.484008030669,0
1596210328.7400627,65.69272156216311,292.484008030669,0
1596210328.7500587,67.49203320004153,292.484008030669,0
1596210328.7600663,69.29344768978763,292.484008030669,0
1596210328.770059,71.09211559750247,292.484008030669,0
1596210328.7800624,72.89271469570804,292.484008030669,0
1596210328.7900672,74.69357128597903,292.484008030669,0
1596210328.8000603,76.49232502438235,292.484008030669,0
1596210328.8100681,78.29373951412845,292.484008030669,0
1596210328.82007,80.09408112026858,292.484008030669,0
1596210328.8300672,81.89356441952395,292.484008030669,0
1596210328.8400702,83.69407768704104,292.484008030669,0
1596210328.8500605,85.49235935665774,292.484008030669,0
1596210328.8600664,87.2933876083057,292.484008030669,0
1596210328.8700652,89.09317131497073,292.484008030669,0
1596210328.8800628,90.89274044491458,292.484008030669,0
1596210328.8900669,92.6935112044971,292.484008030669,0
1596210328.9000592,94.4921361968677,292.484008030669,0
1596210328.9100683,96.29372234799075,292.484008030669,0
1596210328.9200695,98.09393520809817,292.484008030669,0
1596210328.9300592,99.89217396237063,292.484008030669,0
1596210328.9400678,101.6936742828052,292.484008030669,0
1596210328.9500575,103.49182720638919,292.484008030669,0
1596210328.9600625,105.29272671200442,292.484008030669,0
1596210328.970064,107.09298248745608,292.484008030669,0
1596210328.9800708,108.89426823116946,292.484008030669,0
1596210328.9900649,110.69319363094974,292.484008030669,0
1596210329.000055,112.49134655453372,292.484008030669,0
1596210329.010056,114.29155941464114,292.484008030669,0
1596210329.0200734,116.094733433501,292.484008030669,0
1596210329.0300703,117.8941309020679,292.484008030669,0
1596210329.0400586,119.69198341824222,292.484008030669,0
1596210329.0500624,121.49266834713626,292.484008030669,0
1596210329.0600693,123.29395409084964,292.484008030669,0
1596210329.0700653,125.09317989803958,292.484008030669,0
1596210329.0800712,126.89425106503177,292.484008030669,0
1596210329.0900683,128.69377727963138,292.484008030669,0
1596210329.100069,130.49394722439456,292.484008030669,0
1596210329.1100726,132.29458923794436,292.484008030669,0
1596210329.1200612,134.09252758480716,292.484008030669,0
1596210329.1300733,135.8946716354053,292.484008030669,0
1596210329.1400583,137.69200916744876,292.484008030669,0
1596210329.150069,139.49398155666995,292.484008030669,0
1596210329.1600542,141.29127617336917,292.484008030669,0
1596210329.1700609,143.0923902557056,292.484008030669,0
1596210329.180058,144.89195938564944,292.484008030669,0
1596210329.1900613,146.69251556851077,292.484008030669,0
1596210329.200067,148.49358673550296,292.484008030669,0
1596210329.2100604,150.29234047390628,292.484008030669,0
1596210329.220057,152.09173794247317,292.484008030669,0
1596210329.2300546,153.89130707241702,292.484008030669,0
1596210329.2400732,155.69469566799808,292.484008030669,0
1596210329.2500544,157.49130363918948,292.484008030669,0
1596210329.2600567,159.29177399136233,292.484008030669,0
1596210329.2700648,161.09318848110843,292.484008030669,0
1596210329.2800589,162.8921138808887,292.484008030669,0
1596210329.2900705,164.69417210079837,292.484008030669,0
1596210329.3000715,166.49434204556155,292.484008030669,0
1596210329.3100622,168.29262371517825,292.484008030669,0
1596210329.320065,170.09313698269534,292.484008030669,0
1596210329.3300536,171.89111824490237,292.484008030669,0
1596210329.3400605,173.69231815792728,292.484008030669,0
1596210329.3500648,175.49313183285403,292.484008030669,0
1596210329.3600562,177.29158516384769,292.484008030669,0
1596210329.3700638,179.09295673824954,292.484008030669,0
1596210329.3800678,180.89372749783206,292.484008030669,0
1596210329.3900616,182.69256706692386,292.484008030669,0
1596210329.400066,184.49333782650638,292.484008030669,0
1596210329.4100547,186.2913190887134,292.484008030669,0
1596210329.420069,188.0938493774097,292.484008030669,0
1596210329.4300735,189.8947059676807,292.484008030669,0
1596210329.4400654,191.69320221401858,292.484008030669,0
1596210329.4500642,193.49298592068362,292.484008030669,0
1596210329.4600604,195.29238338925052,292.484008030669,0
1596210329.4700708,197.094227032439,292.484008030669,0
1596210329.480072,198.89439697720218,292.484008030669,0
1596210329.4900663,200.69340820767093,292.484008030669,0
1596210329.5000658,202.49332066036868,292.484008030669,0
1596210329.5100632,204.2928468749683,292.484008030669,0
1596210329.5200653,206.09318848110843,292.484008030669,0
1596210329.53006,207.89224262692142,292.484008030669,0
1596210329.5400565,209.6916400954883,292.484008030669,0
1596210329.5500731,211.49468536831546,292.484008030669,0
1596210329.5600698,213.29403992153811,292.484008030669,0
1596210329.5700736,215.09472485043216,292.484008030669,0
1596210329.5800676,216.89365025021243,292.484008030669,0
1596210329.5900655,218.69326229550052,292.484008030669,0
1596210329.6000712,220.49424763180423,292.484008030669,0
1596210329.610072,222.2944175765674,292.484008030669,0
1596210329.6200628,224.0927850768726,292.484008030669,0
1596210329.6300564,225.89171047665286,292.484008030669,0
1596210329.6400595,227.69213791348147,292.484008030669,0
1596210329.6500576,229.49183578945804,292.484008030669,0
1596210329.660073,231.29458065487552,292.484008030669,0
1596210329.6700616,233.0925190017383,292.484008030669,0
1596210329.6800556,234.89148731686282,292.484008030669,0
1596210329.6900532,236.69101353146243,292.484008030669,0
1596210329.7000723,238.49444504238772,292.484008030669,0
1596210329.7100701,240.29410000302005,292.484008030669,0
1596210329.7200618,242.09259624935794,292.484008030669,0
1596210329.7300646,243.89315243221927,292.484008030669,0
1596210329.7400723,245.69452400662112,292.484008030669,0
1596210329.7500663,247.49340649105716,292.484008030669,0
1596210329.760061,249.29246063687015,292.484008030669,0
1596210329.770071,251.09421844937015,292.484008030669,0
1596210329.780062,252.89262886501956,292.484008030669,0
1596210329.7900696,254.69395752407718,292.484008030669,0
1596210329.8000643,256.4929687545459,292.484008030669,0
1596210329.810073,258.2945978210132,292.484008030669,0
1596210329.8200672,260.0935661361377,292.484008030669,0
1596210329.830066,261.8933069274585,292.484008030669,0
1596210329.8400645,263.6930477187793,292.484008030669,0
1596210329.8500721,265.4944622085254,292.484008030669,0
1596210329.8600605,267.29231472469974,292.484008030669,0
1596210329.8700616,269.09252758480716,292.484008030669,0
1596210329.880053,270.8909809158008,292.484008030669,0
1596210329.8900595,272.69222374416995,292.484008030669,0
1596210329.9000566,274.4916641280811,292.484008030669,0
1596210329.9100635,276.29294987179446,292.484008030669,0
1596210329.9200697,278.0939781234424,292.484008030669,0
1596210329.9300537,279.8911439941089,292.484008030669,0
1596210329.9400642,281.6929876372974,292.484008030669,0
1596210329.9500573,283.4917413757007,292.484008030669,0
1596210329.9600534,285.29109592892337,292.484008030669,0
1596210329.9700572,287.09169502712894,292.484008030669,0
1596210329.9800553,288.8913929031055,292.484008030669,0
1596210329.9900692,290.6939231918018,292.484008030669,0
1596210330.0000725,292.4944364593189,292.484008030669,0
1596210330.0100608,294.29246063687015,292.484008030669,0
1596210330.0200613,296.0924589202564,292.484008030669,0
1596210330.0300584,297.8920280502002,292.484008030669,0
1596210330.0400648,299.6931850478809,292.484008030669,0
1596210330.0500586,301.49198170162845,292.484008030669,0
1596210330.0600588,303.2921087310474,292.484008030669,0
1596210330.0700645,305.09313698269534,292.484008030669,0
1596210330.0800598,306.89223404385257,292.484008030669,0
1596210330.0900526,308.69094486691165,292.484008030669,0
1596210330.100054,310.4911577270191,292.484008030669,0
1596210330.1100545,312.291284756438,292.484008030669,0
1596210330.1200595,314.092141346709,292.484008030669,0
1596210330.1300561,315.89158173062015,292.484008030669,0
1596210330.1400583,317.6919662521045,292.484008030669,0
1596210330.1500552,319.49140663601565,292.484008030669,0
1596210330.1600666,321.2934648559253,292.484008030669,0
1596210330.1700656,323.09333439327884,292.484008030669,0
1596210330.1800594,324.8922168777149,292.484008030669,0
1596210330.1900609,326.69238682247806,292.484008030669,0
1596210330.200055,328.49131222225833,292.484008030669,0
1596210330.2100663,330.2934562728565,292.484008030669,0
1596210330.2200537,332.0911800429981,292.484008030669,0
1596210330.230069,333.89392490841556,292.484008030669,0
1596210330.240065,335.6931507156055,292.484008030669,0
1596210330.2500584,337.49203320004153,292.484008030669,0
1596210330.260073,339.2945634887378,292.484008030669,0
1596210330.2700653,341.0932743117969,292.484008030669,0
1596210330.2800617,342.8925859496753,292.484008030669,0
1596210330.2900627,344.69271297909427,292.484008030669,0
1596210330.3000653,346.49322624661136,292.484008030669,0
1596210330.3100555,348.29150791622806,292.484008030669,0
1596210330.3200693,350.0939952895801,292.484008030669,0
1596210330.3300643,351.8930494353931,292.484008030669,0
1596210330.3400562,353.6915885970752,292.484008030669,0
1596210330.3500595,355.49214477993655,292.484008030669,0
1596210330.3524458,355.90018387295413,292.484008030669,0
1596210330.3525126,355.90018387295413,295.5588701259534,0
1596210330.358098,360,295.5588701259534,1
1596210330.358101,0,295.5588701259534,0
1596210330.3650482,1.248057175819099,295.5588701259534,0
1596210330.3650887,1.248057175819099,294.6228272440891,0
1596210330.3680384,0.8672101023654477,294.6228272440891,0
1596210330.3780239,2.664590549753143,294.6228272440891,0
1596210330.3880374,4.4670350077609555,294.6228272440891,0
1596210330.3980322,6.266089153573944,294.6228272440891,0
1596210330.4080377,8.067074489877655,294.6228272440891,0
1596210330.4180257,9.864927006051971,294.6228272440891,0
1596210330.4280388,11.667328548715545,294.6228272440891,0
1596210330.438032,13.46599645643039,294.6228272440891,0
1596210330.4480362,15.26672430066867,294.6228272440891,0
1596210330.4580293,17.065606785104706,294.6228272440891,0
1596210330.4680324,18.866120052621795,294.6228272440891,0
1596210330.4780383,20.667148304269745,294.6228272440891,0
1596210330.4880285,22.465429973886444,294.6228272440891,0
1596210330.498039,24.267359447763397,294.6228272440891,0
1596210330.508037,26.066971493051483,294.6228272440891,0
1596210330.5180423,27.867913914010956,294.6228272440891,0
1596210330.5280316,29.665938091562225,294.6228272440891,0
1596210330.5380387,31.467266750619842,294.6228272440891,0
1596210330.5480397,33.26739378003879,294.6228272440891,0
1596210330.5580323,35.06610460309787,294.6228272440891,0
1596210330.5680408,36.86769075422092,294.6228272440891,0
1596210330.5780396,38.66743154554172,294.6228272440891,0
1596210330.5880396,40.467472744272186,294.6228272440891,0
1596210330.5980408,42.26768560437961,294.6228272440891,0
1596210330.608028,44.065280628488495,294.6228272440891,0
1596210330.6180422,45.86789674787326,294.6228272440891,0
1596210330.6280365,47.66690797834201,294.6228272440891,0
1596210330.6380336,49.46634836225314,294.6228272440891,0
1596210330.6480389,51.267333698556854,294.6228272440891,0
1596210330.6580305,53.065787029550506,294.6228272440891,0
1596210330.6680415,54.8677594187717,294.6228272440891,0
1596210330.678041,56.66771478681369,294.6228272440891,0
1596210330.688033,58.46625394849582,294.6228272440891,0
1596210330.6980312,60.265865993783905,294.6228272440891,0
1596210330.70804,62.06745214490695,294.6228272440891,0
1596210330.7180235,63.86448926954074,294.6228272440891,0
1596210330.7280402,65.66757745771213,294.6228272440891,0
1596210330.7380342,67.46645994214816,294.6228272440891,0
1596210330.748024,69.26465578107639,294.6228272440891,0
1596210330.758035,71.06658525495334,294.6228272440891,0
1596210330.7680285,72.86542482404514,294.6228272440891,0
1596210330.7780244,74.66473646192355,294.6228272440891,0
1596210330.788027,76.4652068140964,294.6228272440891,0
1596210330.798034,78.2664067271213,294.6228272440891,0
1596210330.8080304,80.06576128034396,294.6228272440891,0
1596210330.8180265,81.86503000287814,294.6228272440891,0
1596210330.8280425,83.66794652967258,294.6228272440891,0
1596210330.838037,85.46691484479709,294.6228272440891,0
1596210330.848038,87.26708478956027,294.6228272440891,0
1596210330.8580313,89.0659672739963,294.6228272440891,0
1596210330.8680253,90.86484975843234,294.6228272440891,0
1596210330.8780432,92.66806669263644,294.6228272440891,0
1596210330.888029,94.46553297071262,294.6228272440891,0
1596210330.8980246,96.26467294721408,294.6228272440891,0
1596210330.908031,98.06587286023898,294.6228272440891,0
1596210330.9180417,99.8677594187717,294.6228272440891,0
1596210330.9280393,101.66741437940402,294.6228272440891,0
1596210330.9380434,103.46809930829806,294.6228272440891,0
1596210330.9480295,105.26556558637424,294.6228272440891,0
1596210330.958032,107.06599302320285,294.6228272440891,0
1596210330.968026,108.86496133832736,294.6228272440891,0
1596210330.9780383,110.66719121961398,294.6228272440891,0
1596210330.9880397,112.46748991040988,294.6228272440891,0
1596210330.998043,114.26808900861545,294.6228272440891,0
1596210331.0080338,116.06637067823215,294.6228272440891,0
1596210331.0180347,117.8666264536838,294.6228272440891,0
1596210331.028033,119.66619558362765,294.6228272440891,0
1596210331.0380318,121.46606512098117,294.6228272440891,0
1596210331.0480394,123.26735086469455,294.6228272440891,0
1596210331.0580409,125.06760664014621,294.6228272440891,0
1596210331.0680382,126.86717577009006,294.6228272440891,0
1596210331.078033,128.66622991590305,294.6228272440891,0
1596210331.088036,130.46678609876437,294.6228272440891,0
1596210331.0980303,132.26571149854465,294.6228272440891,0
1596210331.10804,134.06751222638889,294.6228272440891,0
1596210331.1180236,135.8645922663669,294.6228272440891,0
1596210331.1280313,137.6658780100803,294.6228272440891,0
1596210331.1380284,139.4654042246799,294.6228272440891,0
1596210331.1480393,141.26741952924533,294.6228272440891,0
1596210331.158041,143.067675304697,294.6228272440891,0
1596210331.168029,144.86557073621555,294.6228272440891,0
1596210331.1780229,146.66445322065158,294.6228272440891,0
1596210331.188034,148.46638269452853,294.6228272440891,0
1596210331.1980302,150.26578016309543,294.6228272440891,0
1596210331.2080302,152.06569261579318,294.6228272440891,0
1596210331.2180283,153.86539049176974,294.6228272440891,0
1596210331.2280407,155.66757745771213,294.6228272440891,0
1596210331.238042,157.46787614850803,294.6228272440891,0
1596210331.248037,159.266930294321,294.6228272440891,0
1596210331.2580352,161.0665423396091,294.6228272440891,0
1596210331.2680354,162.86671228437228,294.6228272440891,0
1596210331.2780406,164.66756887464328,294.6228272440891,0
1596210331.2880428,166.46791048078342,294.6228272440891,0
1596210331.298023,168.2643897059421,294.6228272440891,0
1596210331.3080323,170.06606168775363,294.6228272440891,0
1596210331.3180346,171.86657495527072,294.6228272440891,0
1596210331.328033,173.66627283124728,294.6228272440891,0
1596210331.3380296,175.46562738446994,294.6228272440891,0
1596210331.3480418,177.26781435041232,294.6228272440891,0
1596210331.3580241,179.06463689832492,294.6228272440891,0
1596210331.3680246,180.86476392774387,294.6228272440891,0
1596210331.378031,182.6658780100803,294.6228272440891,0
1596210331.388035,184.4666487696628,294.6228272440891,0
1596210331.398037,186.26699037580295,294.6228272440891,0
1596210331.4080372,188.06698865918918,294.6228272440891,0
1596210331.4180367,189.86694402723117,294.6228272440891,0
1596210331.4280262,191.66501112012668,294.6228272440891,0
1596210331.438039,193.46728391675754,294.6228272440891,0
1596210331.448026,195.2649647715549,294.6228272440891,0
1596210331.4580238,197.064576816843,294.6228272440891,0
1596210331.4680338,198.866334629343,294.6228272440891,0
1596210331.478042,200.6678778651218,294.6228272440891,0
1596210331.488033,202.46620245008273,294.6228272440891,0
1596210331.4980373,204.2670161250095,294.6228272440891,0
1596210331.5080261,206.06495447187228,294.6228272440891,0
1596210331.5180266,207.86508150129123,294.6228272440891,0
1596210331.5280306,209.66585226087375,294.6228272440891,0
1596210331.538033,211.46623678235812,294.6228272440891,0
1596210331.5480363,213.26687879590793,294.6228272440891,0
1596210331.5580294,215.06554670362277,294.6228272440891,0
1596210331.5680392,216.867347431467,294.6228272440891,0
1596210331.5780332,218.66627283124728,294.6228272440891,0
1596210331.5880322,220.4661423686008,294.6228272440891,0
1596210331.5980344,222.2665698054294,294.6228272440891,0
1596210331.6080382,224.06716890363498,294.6228272440891,0
1596210331.618026,225.8650214198093,294.6228272440891,0
1596210331.6280274,227.66527719526096,294.6228272440891,0
1596210331.6380222,229.4642884257297,294.6228272440891,0
1596210331.648022,231.26432962446017,294.6228272440891,0
1596210331.658042,233.06784696607394,294.6228272440891,0
1596210331.668027,234.86514158277316,294.6228272440891,0
1596210331.6780334,236.6662556651096,294.6228272440891,0
1596210331.688032,238.4661252024631,294.6228272440891,0
1596210331.698028,240.26535100965305,294.6228272440891,0
1596210331.7080307,242.06577844648166,294.6228272440891,0
1596210331.718034,243.86642046003146,294.6228272440891,0
1596210331.7280264,245.6650883677463,294.6228272440891,0
1596210331.7380314,247.4659449580173,294.6228272440891,0
1596210331.7480407,249.26753110914035,294.6228272440891,0
1596210331.7580252,251.06482572583957,294.6228272440891,0
1596210331.7680259,252.8649527552585,294.6228272440891,0
1596210331.778035,254.66653890638156,294.6228272440891,0
1596210331.788035,256.46658010511203,294.6228272440891,0
1596210331.7980287,258.26554842023654,294.6228272440891,0
1596210331.8080323,260.06610460309787,294.6228272440891,0
1596210331.8180385,261.8672186854343,294.6228272440891,0
1596210331.8280377,263.6670453074436,294.6228272440891,0
1596210331.838029,265.4654986384372,294.6228272440891,0
1596210331.8480382,267.26717062024875,294.6228272440891,0
1596210331.8580277,269.06532354383273,294.6228272440891,0
1596210331.8680327,270.8662659647922,294.6228272440891,0
1596210331.8780293,272.6655776026706,294.6228272440891,0
1596210331.8880353,274.4667346003513,294.6228272440891,0
1596210331.8980324,276.26608915357394,294.6228272440891,0
1596210331.9080222,278.0643279078464,294.6228272440891,0
1596210331.9180353,279.8666436198215,294.6228272440891,0
1596210331.928026,281.66496820478244,294.6228272440891,0
1596210331.9380333,283.46638269452853,294.6228272440891,0
1596210331.9480362,285.2667672160129,294.6228272440891,0
1596210331.9580388,287.06728048353,294.6228272440891,0
1596210331.968029,288.86551923780246,294.6228272440891,0
1596210331.9780316,290.6659895899753,294.6228272440891,0
1596210331.9880316,292.46598787336154,294.6228272440891,0
1596210331.998026,294.26495618848605,294.6228272440891,0
1596210332.0080297,296.06559820203586,294.6228272440891,0
1596210332.0180342,297.86645479230685,294.6228272440891,0
1596210332.028034,299.6664530756931,294.6228272440891,0
1596210332.038028,301.4653355601291,294.6228272440891,0
1596210332.0480385,303.26722211866183,294.6228272440891,0
1596210332.0580275,305.06528921155734,294.6228272440891,0
1596210332.068034,306.866446209238,294.6228272440891,0
1596210332.078023,308.66442747144504,294.6228272440891,0
1596210332.0880318,310.46597070722385,294.6228272440891,0
1596210332.0980403,312.2675568583469,294.6228272440891,0
1596210332.10804,314.0675551417331,294.6228272440891,0
1596210332.1180258,315.8649355891208,294.6228272440891,0
1596210332.1280239,317.66450471906467,294.6228272440891,0
1596210332.1380281,319.4653183939914,294.6228272440891,0
1596210332.1480396,321.26746244458957,294.6228272440891,0
1596210332.1580422,323.0678898814182,294.6228272440891,0
1596210332.1680408,324.867630672739,294.6228272440891,0
1596210332.1780257,326.6649252894382,294.6228272440891,0
1596210332.1880372,328.46698350934787,294.6228272440891,0
1596210332.198023,330.2644927027683,294.6228272440891,0
1596210332.2080386,332.06723756818576,294.6228272440891,0
1596210332.2180386,333.867235851572,294.6228272440891,0
1596210332.2280304,335.6657320979099,294.6228272440891,0
1596210332.2380376,337.466974926279,294.6228272440891,0
1596210332.2480261,339.26495618848605,294.6228272440891,0
1596210332.258038,341.0671002390842,294.6228272440891,0
1596210332.268036,342.8667122843723,294.6228272440891,0
1596210332.278039,344.66731138257785,294.6228272440891,0
1596210332.288039,346.46726675061984,294.6228272440891,0
1596210332.2980406,348.26756544141574,294.6228272440891,0
1596210332.308042,350.0679070475559,294.6228272440891,0
1596210332.3180294,351.865544987009,294.6228272440891,0
1596210332.3280222,353.66434164075656,294.6228272440891,0
1596210332.3380265,355.46506948499484,294.6228272440891,0
1596210332.3480392,357.26738519696994,294.6228272440891,0
1596210332.3580306,359.0658385279636,294.6228272440891,0
1596210332.3633237,360,294.6228272440891,1
1596210332.3633265,0,294.6228272440891,0
1596210332.3676403,0.7780749323825376,294.6228272440891,0
1596210332.367678,0.7780749323825376,294.03927104480215,0
1596210332.373245,1.2207962752098638,294.03927104480215,0
1596210332.3832378,3.019550013613184,294.03927104480215,0
1596210332.3932426,4.82040660388418,294.03927104480215,0
1596210332.3965049,5.39169566638418,294.03927104480215,0
1596210332.3965476,5.39169566638418,289.99549929501404,0
1596210332.4032478,2.577577275055546,289.99549929501404,0
1596210332.4132445,4.376974743622441,289.99549929501404,0
1596210332.4232461,6.177230519074101,289.99549929501404,0
1596210332.4332466,7.977400463837284,289.99549929501404,0
1596210332.443233,9.774866741913456,289.99549929501404,0
1596210332.453244,11.576882046478886,289.99549929501404,0
1596210332.4632287,13.374133747833866,289.99549929501404,0
1596210332.4732413,15.176449459808964,289.99549929501404,0
1596210332.4832428,16.976619404572148,289.99549929501404,0
1596210332.4932282,18.77408568264832,289.99549929501404,0
1596210332.503246,20.57730261685242,289.99549929501404,0
1596210332.5132325,22.37481181027283,289.99549929501404,0
1596210332.5232344,24.175196331757206,289.99549929501404,0
1596210332.53323,25.97433630825867,289.99549929501404,0
1596210332.543242,27.776523274201054,289.99549929501404,0
1596210332.553232,29.574719113129277,289.99549929501404,0
1596210332.5632281,31.374030751007695,289.99549929501404,0
1596210332.57324,33.17621771695008,289.99549929501404,0
1596210332.583231,34.974542301911015,289.99549929501404,0
1596210332.5932379,36.775785130280155,289.99549929501404,0
1596210332.603229,38.57423846127381,289.99549929501404,0
1596210332.6132314,40.37462298275818,289.99549929501404,0
1596210332.6232438,42.176809948700566,289.99549929501404,0
1596210332.6332312,43.97453371884217,289.99549929501404,0
1596210332.6432364,45.77547613980164,289.99549929501404,0
1596210332.6532385,47.575860661286015,289.99549929501404,0
1596210332.6632426,49.37667433621277,289.99549929501404,0
1596210332.6732383,51.17581431271424,289.99549929501404,0
1596210332.6832325,52.97478262783875,289.99549929501404,0
1596210332.693247,54.777398747223515,289.99549929501404,0
1596210332.7032433,56.57679621579041,289.99549929501404,0
1596210332.7132308,58.37447707058777,289.99549929501404,0
1596210332.7232316,60.174647015350956,289.99549929501404,0
1596210332.7332463,61.97730605007996,289.99549929501404,0
1596210332.7432446,63.77700392605652,289.99549929501404,0
1596210332.7532403,65.5762726485907,289.99549929501404,0
1596210332.7632306,67.37446848751893,289.99549929501404,0
1596210332.7732441,69.17695586087098,289.99549929501404,0
1596210332.783245,70.97708289028992,289.99549929501404,0
1596210332.7932427,72.77660910488953,289.99549929501404,0
1596210332.8032436,74.57686488034119,289.99549929501404,0
1596210332.8132398,76.37609068753113,289.99549929501404,0
1596210332.8232422,78.17651812435975,289.99549929501404,0
1596210332.8332322,79.97471396328797,289.99549929501404,0
1596210332.8432276,81.77389685513367,289.99549929501404,0
1596210332.8532336,83.5750109374701,289.99549929501404,0
1596210332.863243,85.37668291928162,289.99549929501404,0
1596210332.873228,87.17397753598084,289.99549929501404,0
1596210332.8832397,88.97607867123475,289.99549929501404,0
1596210332.893229,90.77423159481873,289.99549929501404,0
1596210332.9032397,92.57616106869568,289.99549929501404,0
1596210332.9132352,94.37534396054139,289.99549929501404,0
1596210332.9232435,96.17680136563172,289.99549929501404,0
1596210332.9332404,97.97619883419861,289.99549929501404,0
1596210332.9432468,99.77735583187928,289.99549929501404,0
1596210332.953241,101.57632414700379,289.99549929501404,0
1596210332.96324,103.3761936843573,289.99549929501404,0
1596210332.9732342,105.17511908413758,289.99549929501404,0
1596210332.9832373,106.9756752669989,289.99549929501404,0
1596210332.9932442,108.77687518002381,289.99549929501404,0
1596210333.0032284,110.57404105069031,289.99549929501404,0
1596210333.0132403,112.37614218594422,289.99549929501404,0
1596210333.0232391,114.17601172329773,289.99549929501404,0
1596210333.0332341,115.9751516997992,289.99549929501404,0
1596210333.0432363,117.77549330593934,289.99549929501404,0
1596210333.05323,119.57437579037537,289.99549929501404,0
1596210333.0632427,121.37664858700623,289.99549929501404,0
1596210333.0732322,123.17475859524598,289.99549929501404,0
1596210333.083241,124.97630183102478,289.99549929501404,0
1596210333.0932326,126.77479807736268,289.99549929501404,0
1596210333.103232,128.57471053006043,289.99549929501404,0
1596210333.1132407,130.37629668118348,289.99549929501404,0
1596210333.1232352,132.17530791165223,289.99549929501404,0
1596210333.1332417,133.97642199398865,289.99549929501404,0
1596210333.1432414,135.77646319271912,289.99549929501404,0
1596210333.1532383,137.57581774594178,289.99549929501404,0
1596210333.1632395,139.3760306060492,289.99549929501404,0
1596210333.173244,141.1768871963202,289.99549929501404,0
1596210333.1832328,142.97486845852723,289.99549929501404,0
1596210333.1932278,144.7740084350287,289.99549929501404,0
1596210333.203244,146.57692496182312,289.99549929501404,0
1596210333.2132425,148.3766228377997,289.99549929501404,0
1596210333.2232323,150.17477576138367,289.99549929501404,0
1596210333.2332287,151.97417322995057,289.99549929501404,0
1596210333.243229,153.77412859799256,289.99549929501404,0
1596210333.2532337,155.57494227291932,289.99549929501404,0
1596210333.263231,157.37451140286316,289.99549929501404,0
1596210333.2732334,159.17493883969178,289.99549929501404,0
1596210333.283246,160.97725455166687,289.99549929501404,0
1596210333.2932343,162.77514998318543,289.99549929501404,0
1596210333.3032415,164.57639281155457,289.99549929501404,0
1596210333.3132396,166.37609068753113,289.99549929501404,0
1596210333.3232336,168.1750160873114,289.99549929501404,0
1596210333.3332272,169.97394148709168,289.99549929501404,0
1596210333.3432467,171.77737299801697,289.99549929501404,0
1596210333.3532379,173.5757834136664,289.99549929501404,0
1596210333.3632424,175.37659708859314,289.99549929501404,0
1596210333.3732378,177.17577998043885,289.99549929501404,0
1596210333.383229,178.97419039608826,289.99549929501404,0
1596210333.3932269,180.77380244137635,289.99549929501404,0
1596210333.4032393,182.57603232266297,289.99549929501404,0
1596210333.4132364,184.37555853726258,289.99549929501404,0
1596210333.4232297,186.17426936032166,289.99549929501404,0
1596210333.4332368,187.97555510403504,289.99549929501404,0
1596210333.443242,189.77654044033875,289.99549929501404,0
1596210333.4532404,191.57619540097107,289.99549929501404,0
1596210333.463242,193.37649409176697,289.99549929501404,0
1596210333.4732347,195.1752478301703,289.99549929501404,0
1596210333.483247,196.97743479611268,289.99549929501404,0
1596210333.4932277,198.77399985195984,289.99549929501404,0
