Time Stamp,Phase Value,Heading,Ping?
1596208834.772202,332.2662467956543,275,0
1596208835.272214,338.2663984298706,275,0
1596208835.772202,344.2662525177002,275,0
1596208836.2722118,350.2663698196411,275,0
1596208836.7722142,356.26640129089355,275,0
1596208837.083494,360,275,1
1596208837.0834973,0,275,0
1596208837.5833602,6.000133514404297,275,0
1596208838.0833526,12.000061988830566,275,0
1596208838.583356,18.000099182128906,275,0
1596208839.0833516,24.00005054473877,275,0
1596208839.5833685,30.000247955322266,275,0
1596208840.08337,36.00025939941406,275,0
1596208840.5833552,42.00009059906006,275,0
1596208841.0833552,48.00008773803711,275,0
1596208841.5833685,54.00025653839111,275,0
1596208842.0833604,60.00015926361084,275,0
1596208842.5833583,66.0001277923584,275,0
1596208843.0833712,72.0002851486206,275,0
1596208843.5833554,78.00008773803711,275,0
1596208843.8182547,80.81735134124756,275,0
1596208843.8183246,80.81735134124756,270.9591324329376,0
1596208844.0833569,79.95924305915833,270.9591324329376,0
1596208844.5833673,85.95937752723694,270.9591324329376,0
1596208845.0833662,91.95936036109924,270.9591324329376,0
1596208845.5833569,97.95924878120422,270.9591324329376,0
1596208846.0833538,103.95921158790588,270.9591324329376,0
1596208846.5833528,109.95919442176819,270.9591324329376,0
1596208847.0833688,115.95938611030579,270.9591324329376,0
1596208847.5833585,121.95926594734192,270.9591324329376,0
1596208848.0833554,127.95923161506653,270.9591324329376,0
1596208848.5833547,133.95922017097473,270.9591324329376,0
1596208849.0833657,139.9593517780304,270.9591324329376,0
1596208849.5833528,145.9592001438141,270.9591324329376,0
1596208850.0833554,151.95922875404358,270.9591324329376,0
1596208850.583371,157.95941758155823,270.9591324329376,0
1596208851.0833688,163.95939183235168,270.9591324329376,0
1596208851.5833602,169.95928597450256,270.9591324329376,0
1596208852.0833712,175.95942044258118,270.9591324329376,0
1596208852.5833669,181.95937180519104,270.9591324329376,0
1596208852.8032389,184.59635090827942,270.9591324329376,0
1596208852.8033097,184.59635090827942,279.7293148875236,0
1596208853.083367,196.7295456767082,279.7293148875236,0
1596208853.5833566,202.72943123579023,279.7293148875236,0
1596208854.0833569,208.72942837476728,279.7293148875236,0
1596208854.583352,214.72937401533125,279.7293148875236,0
1596208855.0833652,220.7295285105705,279.7293148875236,0
1596208855.5833638,226.72951420545576,279.7293148875236,0
1596208856.0833654,232.72953137159345,279.7293148875236,0
1596208856.5833673,238.72955998182294,279.7293148875236,0
1596208857.0833652,244.72952564954755,279.7293148875236,0
1596208857.5833642,250.7295170664787,279.7293148875236,0
1596208858.083369,256.72957142591474,279.7293148875236,0
1596208858.5833554,262.72941406965253,279.7293148875236,0
1596208859.0833523,268.7293825984001,279.7293148875236,0
1596208859.5833554,274.72941406965253,279.7293148875236,0
1596208860.083366,280.72953709363935,279.7293148875236,0
1596208860.5833693,286.72957714796064,279.7293148875236,0
1596208861.083356,292.72939690351484,279.7293148875236,0
1596208861.5833678,298.72955998182294,279.7293148875236,0
1596208862.0833669,304.72955425977705,279.7293148875236,0
1596208862.5833633,310.72950276136396,279.7293148875236,0
1596208863.0833685,316.72957142591474,279.7293148875236,0
1596208863.5833547,322.7294054865837,279.7293148875236,0
1596208864.0833628,328.729499900341,279.7293148875236,0
1596208864.5833673,334.7295571208,279.7293148875236,0
1596208865.0833595,340.7294569849968,279.7293148875236,0
1596208865.583362,346.72949131727216,279.7293148875236,0
1596208866.083353,352.72938545942304,279.7293148875236,0
1596208866.5833654,358.72953709363935,279.7293148875236,0
1596208866.6893423,360,279.7293148875236,1
1596208866.6893451,0,279.7293148875236,0
1596208867.1892474,6.0001116633414995,279.7293148875236,0
1596208867.6892595,12.000260436534859,279.7293148875236,0
1596208868.189245,18.000085914134957,279.7293148875236,0
1596208868.6892443,24.000080192089058,279.7293148875236,0
1596208869.18926,30.000271880626656,279.7293148875236,0
1596208869.6892529,36.00018032789228,279.7293148875236,0
1596208870.1892562,42.00021752119062,279.7293148875236,0
1596208870.6892462,48.00010308027265,279.7293148875236,0
1596208871.1892464,54.00010308027265,279.7293148875236,0
1596208871.6892452,60.00008591413496,279.7293148875236,0
1596208872.1892493,66.00014027357099,279.7293148875236,0
1596208872.6892552,72.00021179914472,279.7293148875236,0
1596208873.189246,78.00009735822675,279.7293148875236,0
1596208873.6892552,84.00021179914472,279.7293148875236,0
1596208873.8881059,86.38491734266279,279.7293148875236,0
1596208873.8881752,86.38491734266279,275.4100690203905,0
1596208874.1892438,85.68081143677233,275.4100690203905,0
1596208874.6892512,91.68091157257555,275.4100690203905,0
1596208875.1892471,97.68086007416247,275.4100690203905,0
1596208875.6892617,103.68102315247057,275.4100690203905,0
1596208876.189254,109.68095162689684,275.4100690203905,0
1596208876.689259,115.68099740326403,275.4100690203905,0
1596208877.1892433,121.68082288086413,275.4100690203905,0
1596208877.6892474,127.68086865723131,275.4100690203905,0
1596208878.1892495,133.6808915454149,275.4100690203905,0
1596208878.6892564,139.68098309814928,275.4100690203905,0
1596208879.1892474,145.68087151825426,275.4100690203905,0
1596208879.6892452,151.68084576904772,275.4100690203905,0
1596208880.1892507,157.6808915454149,275.4100690203905,0
1596208880.6892521,163.68092301666735,275.4100690203905,0
1596208881.189257,169.68098595917223,275.4100690203905,0
1596208881.6892424,175.68080857574938,275.4100690203905,0
1596208882.189245,181.68082860291003,275.4100690203905,0
1596208882.6892514,187.68091157257555,275.4100690203905,0
1596208883.0156624,191.59632161438464,275.4100690203905,0
1596208883.015737,191.59632161438464,283.83025293967125,0
1596208883.1892467,202.10103541037438,283.83025293967125,0
1596208883.689241,208.10097532889245,283.83025293967125,0
1596208884.1892438,214.1010068001449,283.83025293967125,0
1596208884.689254,220.10113840720055,283.83025293967125,0
1596208885.1892433,226.1010068001449,283.83025293967125,0
1596208885.689259,232.1011927666366,283.83025293967125,0
1596208886.1892407,238.10097532889245,283.83025293967125,0
1596208886.6892407,244.1009724678695,283.83025293967125,0
1596208887.1892598,250.10120707175133,283.83025293967125,0
1596208887.6892443,256.1010182442367,283.83025293967125,0
1596208888.18925,262.1010897698104,283.83025293967125,0
1596208888.6892602,268.1012099327743,283.83025293967125,0
1596208889.1892426,274.101001078099,283.83025293967125,0
1596208889.6892464,280.1010439934432,283.83025293967125,0
1596208890.189246,286.10103254935143,283.83025293967125,0
1596208890.6892555,292.10114985129235,283.83025293967125,0
1596208891.18924,298.10096960684655,283.83025293967125,0
1596208891.6892567,304.101169878453,283.83025293967125,0
1596208892.1892464,310.1010439934432,283.83025293967125,0
1596208892.689242,316.1009896340072,283.83025293967125,0
1596208893.1892486,322.1010668816268,283.83025293967125,0
1596208893.6892433,328.1010068001449,283.83025293967125,0
1596208894.1892533,334.10112696310875,283.83025293967125,0
1596208894.6892495,340.1010840477645,283.83025293967125,0
1596208895.1892455,346.1010296883285,283.83025293967125,0
1596208895.689259,352.1011927666366,283.83025293967125,0
1596208896.189261,358.10121851584313,283.83025293967125,0
1596208896.347617,360,283.83025293967125,1
1596208896.34762,0,283.83025293967125,0
1596208896.847523,6.000356966465688,283.83025293967125,0
1596208897.347528,12.00041990897057,283.83025293967125,0
1596208897.8475232,18.000368410557485,283.83025293967125,0
1596208898.3475175,24.000294023960805,283.83025293967125,0
1596208898.8475282,30.00042563101647,283.83025293967125,0
1596208899.3475258,36.00039702078698,283.83025293967125,0
1596208899.8475215,42.00033980032799,283.83025293967125,0
1596208900.3475258,48.00039702078698,283.83025293967125,0
1596208900.8475273,54.000408464878774,283.83025293967125,0
1596208901.3475153,60.00027113577721,283.83025293967125,0
1596208901.8475173,66.00029116293786,283.83025293967125,0
1596208902.3475242,72.00037699362633,283.83025293967125,0
1596208902.847533,78.0004857124984,283.83025293967125,0
1596208903.3475175,84.0002940239608,283.83025293967125,0
1596208903.8475218,90.00034552237389,283.83025293967125,0
1596208903.9455974,91.17578821799157,283.83025293967125,0
1596208903.945666,91.17578821799157,279.2714635287717,0
1596208904.3475327,91.44168771852998,279.2714635287717,0
1596208904.847523,97.44157327761201,279.2714635287717,0
1596208905.3475175,103.44150461306123,279.2714635287717,0
1596208905.8475292,109.44164480318574,279.2714635287717,0
1596208906.347514,115.44146169771699,279.2714635287717,0
1596208906.84753,121.44165338625459,279.2714635287717,0
1596208907.3475192,127.44152750124482,279.2714635287717,0
1596208907.8475301,133.44165910830048,279.2714635287717,0
1596208908.3475153,139.44148172487763,279.2714635287717,0
1596208908.8475184,145.44151319613007,279.2714635287717,0
1596208909.347525,151.4415961657956,279.2714635287717,0
1596208909.8475182,157.44151033510713,279.2714635287717,0
1596208910.3475208,163.44154752840547,279.2714635287717,0
1596208910.847515,169.44147886385468,279.2714635287717,0
1596208911.3475266,175.4416190539792,279.2714635287717,0
1596208911.8475296,181.4416533862546,279.2714635287717,0
1596208912.347525,187.4415961657956,279.2714635287717,0
1596208912.847516,193.44149030794648,279.2714635287717,0
1596208913.1956458,197.6175338183835,279.2714635287717,0
1596208913.1957197,197.6175338183835,287.3905868378525,0
1596208913.3475294,207.56076811226654,287.3905868378525,0
1596208913.8475163,213.56061647805024,287.3905868378525,0
1596208914.3475134,219.5605792847519,287.3905868378525,0
1596208914.847534,225.56082533272553,287.3905868378525,0
1596208915.3475306,231.5607881394272,287.3905868378525,0
1596208915.8475294,237.56077383431244,287.3905868378525,0
1596208916.3475218,243.56067942055512,287.3905868378525,0
1596208916.8475347,249.56082533272553,287.3905868378525,0
1596208917.347532,255.56079958351899,287.3905868378525,0
1596208917.8475266,261.56074236306,287.3905868378525,0
1596208918.347518,267.56063364418793,287.3905868378525,0
1596208918.847521,273.5606679764633,287.3905868378525,0
1596208919.3475254,279.56072805794525,287.3905868378525,0
1596208919.8475146,285.56059358986664,287.3905868378525,0
1596208920.3475187,291.5606450882797,287.3905868378525,0
1596208920.8475208,297.56067083748627,287.3905868378525,0
1596208921.347528,303.56073950203705,287.3905868378525,0
1596208921.847525,309.56071089180756,287.3905868378525,0
1596208922.3475237,315.56070516976166,287.3905868378525,0
1596208922.8475168,321.5606193390732,287.3905868378525,0
1596208923.3475163,327.56061647805024,287.3905868378525,0
1596208923.8475146,333.56059358986664,287.3905868378525,0
1596208924.3475232,339.5607023087387,287.3905868378525,0
1596208924.8475256,345.56072805794525,287.3905868378525,0
1596208925.347517,351.5606250611191,287.3905868378525,0
1596208925.8475177,357.560630783165,287.3905868378525,0
1596208926.050915,360,287.3905868378525,1
1596208926.050918,0,287.3905868378525,0
1596208926.5508225,6.000279411399845,287.3905868378525,0
1596208927.0508184,12.000239357078556,287.3905868378525,0
1596208927.5508296,18.000356659019474,287.3905868378525,0
1596208928.0508227,24.00029085549164,287.3905868378525,0
1596208928.5508177,30.000233635032657,287.3905868378525,0
1596208929.0508213,36.000276550376896,287.3905868378525,0
1596208929.5508287,42.00036810311127,287.3905868378525,0
1596208930.0508273,48.00034521492768,287.3905868378525,0
1596208930.5508156,54.000205024803165,287.3905868378525,0
1596208931.05082,60.0002593842392,287.3905868378525,0
1596208931.5508173,66.00022791298676,287.3905868378525,0
1596208932.050824,72.00031088265229,287.3905868378525,0
1596208932.550835,78.000439628685,287.3905868378525,0
1596208933.0508347,84.00043676766205,287.3905868378525,0
1596208933.5508306,90.00038813027192,287.3905868378525,0
1596208933.9906607,95.27656649025727,287.3905868378525,0
1596208933.9907315,95.27656649025727,282.6267585133396,0
1596208934.0508282,91.2365283345066,282.6267585133396,0
1596208934.5508308,97.23655980575904,282.6267585133396,0
1596208935.0508232,103.23646825302467,282.6267585133396,0
1596208935.5508215,109.23645108688697,282.6267585133396,0
1596208936.0508168,115.23638242233619,282.6267585133396,0
1596208936.5508308,121.2365455006443,282.6267585133396,0
1596208937.050817,127.23638814438209,282.6267585133396,0
1596208937.5508292,133.23654263962135,282.6267585133396,0
1596208938.0508244,139.2364882801853,282.6267585133396,0
1596208938.5508318,145.2365741108738,282.6267585133396,0
1596208939.0508292,151.2365397785984,282.6267585133396,0
1596208939.5508294,157.23654263962135,282.6267585133396,0
1596208940.0508175,163.23640244949684,282.6267585133396,0
1596208940.5508304,169.23655980575904,282.6267585133396,0
1596208941.0508168,175.236393866428,282.6267585133396,0
1596208941.550826,181.236505446323,282.6267585133396,0
1596208942.0508344,187.23660844314918,282.6267585133396,0
1596208942.5508177,193.236393866428,282.6267585133396,0
1596208943.050819,199.23640817154273,282.6267585133396,0
1596208943.3469834,202.78883737076148,282.6267585133396,0
1596208943.3470569,202.78883737076148,290.4873166448015,0
1596208943.5508242,213.09703210653248,290.4873166448015,0
1596208944.0508249,219.09705213369313,290.4873166448015,0
1596208944.5508287,225.09709218801441,290.4873166448015,0
1596208945.050832,231.09713510335865,290.4873166448015,0
1596208945.5508196,237.09698346914234,290.4873166448015,0
1596208946.050824,243.09703496755543,290.4873166448015,0
1596208946.5508218,249.09701207937184,290.4873166448015,0
1596208947.0508296,255.0971036321062,290.4873166448015,0
1596208947.5508265,261.0970635777849,290.4873166448015,0
1596208948.05083,267.0971036321062,290.4873166448015,0
1596208948.550818,273.09696630300465,290.4873166448015,0
1596208949.050818,279.0969691640276,290.4873166448015,0
1596208949.5508275,285.09707788289967,290.4873166448015,0
1596208950.0508306,291.097115076198,290.4873166448015,0
1596208950.5508344,297.0971608525652,290.4873166448015,0
1596208951.0508313,303.0971207982439,290.4873166448015,0
1596208951.5508249,309.0970521336931,290.4873166448015,0
1596208952.0508153,315.09693197072926,290.4873166448015,0
1596208952.5508306,321.097115076198,290.4873166448015,0
1596208953.0508263,327.0970664388079,290.4873166448015,0
1596208953.5508227,333.09702352346363,290.4873166448015,0
1596208954.0508318,339.09713510335865,290.4873166448015,0
1596208954.5508218,345.09701207937184,290.4873166448015,0
1596208955.050826,351.097060716762,290.4873166448015,0
1596208955.5508254,357.0970521336931,290.4873166448015,0
1596208955.7928464,360,290.4873166448015,1
1596208955.7928493,0,290.4873166448015,0
1596208956.2927682,6.000363863124278,290.4873166448015,0
1596208956.7927651,12.000332391871837,290.4873166448015,0
1596208957.2927608,18.00028089345875,290.4873166448015,0
1596208957.7927668,24.000349558009532,290.4873166448015,0
1596208958.2927475,30.000123537196544,290.4873166448015,0
1596208958.792748,36.00012639821949,290.4873166448015,0
1596208959.2927604,42.00027517141285,290.4873166448015,0
1596208959.792764,48.00031522573414,290.4873166448015,0
1596208960.2927485,54.00013212026539,290.4873166448015,0
1596208960.7927485,60.00013784231129,290.4873166448015,0
1596208961.292753,66.00018934072438,290.4873166448015,0
1596208961.7927673,72.00035241903248,290.4873166448015,0
1596208962.2927606,78.0002780324358,290.4873166448015,0
1596208962.7927606,84.00027517141285,290.4873166448015,0
1596208963.2927523,90.00017789663258,290.4873166448015,0
1596208963.7927644,96.00032380880299,290.4873166448015,0
1596208964.0257728,98.79495099843922,290.4873166448015,0
1596208964.025841,98.79495099843922,285.5475690948796,0
1596208964.2927608,97.06052476046796,285.5475690948796,0
1596208964.792757,103.06048756716962,285.5475690948796,0
1596208965.2927606,109.06053048251385,285.5475690948796,0
1596208965.7927601,115.06052476046796,285.5475690948796,0
1596208966.2927675,121.06061059115643,285.5475690948796,0
1596208966.7927606,127.0605276214909,285.5475690948796,0
1596208967.2927606,133.0605276214909,285.5475690948796,0
1596208967.7927659,139.06059342501874,285.5475690948796,0
1596208968.2927637,145.06056481478925,285.5475690948796,0
1596208968.7927606,151.0605276214909,285.5475690948796,0
1596208969.2927547,157.06046181796307,285.5475690948796,0
1596208969.7927551,163.06045895694012,285.5475690948796,0
1596208970.2927656,169.06059342501874,285.5475690948796,0
1596208970.7927506,175.06041031955,285.5475690948796,0
1596208971.2927678,181.06061345217938,285.5475690948796,0
1596208971.7927582,187.06050187228436,285.5475690948796,0
1596208972.292756,193.06047612307782,285.5475690948796,0
1596208972.7927508,199.06040745852704,285.5475690948796,0
1596208973.292767,205.06060486911053,285.5475690948796,0
1596208973.474624,207.24114781497235,285.5475690948796,0
1596208973.4746957,207.24114781497235,293.18551170413093,0
1596208973.792752,218.69836437289314,293.18551170413093,0
1596208974.2927568,224.69842445437507,293.18551170413093,0
1596208974.7927597,230.69845878665046,293.18551170413093,0
1596208975.2927494,236.69833576266365,293.18551170413093,0
1596208975.792758,242.69844162051277,293.18551170413093,0
1596208976.2927651,248.6985303122242,293.18551170413093,0
1596208976.7927592,254.69845306460456,293.18551170413093,0
1596208977.2927523,260.698372955962,293.18551170413093,0
1596208977.7927647,266.69851600710945,293.18551170413093,0
1596208978.2927544,272.6983958441456,293.18551170413093,0
1596208978.7927659,278.69853889529304,293.18551170413093,0
1596208979.292754,284.6983901220997,293.18551170413093,0
1596208979.7927573,290.69843017642097,293.18551170413093,0
1596208980.2927547,296.6984015661915,293.18551170413093,0
1596208980.7927544,302.6984015661915,293.18551170413093,0
1596208981.292751,308.69834148470954,293.18551170413093,0
1596208981.7927535,314.6983786780079,293.18551170413093,0
1596208982.2927551,320.6984072882374,293.18551170413093,0
1596208982.792748,326.6983214575489,293.18551170413093,0
1596208983.2927554,332.6984130102833,293.18551170413093,0
1596208983.7927618,338.6984902579029,293.18551170413093,0
1596208984.292754,344.69838726107673,293.18551170413093,0
1596208984.7927527,350.69837581698494,293.18551170413093,0
1596208985.2927566,356.6984215933521,293.18551170413093,0
1596208985.567993,360,293.18551170413093,1
1596208985.5679955,0,293.18551170413093,0
1596208986.0678995,6.000125046416088,293.18551170413093,0
1596208986.567897,12.000107880278392,293.18551170413093,0
1596208987.067907,18.00023090426521,293.18551170413093,0
1596208987.5679116,24.0002652365406,293.18551170413093,0
1596208988.0678954,30.0000792700489,293.18551170413093,0
1596208988.5678997,36.000130768461986,293.18551170413093,0
1596208989.0678928,42.00005065981941,293.18551170413093,0
1596208989.5679028,48.00017940585212,293.18551170413093,0
1596208990.0679114,54.000282402678295,293.18551170413093,0
1596208990.5679011,60.00015651766853,293.18551170413093,0
1596208991.0679088,66.0002537924488,293.18551170413093,0
1596208991.567894,72.0000678259571,293.18551170413093,0
1596208992.0679104,78.0002709585865,293.18551170413093,0
1596208992.5678957,84.00009357516365,293.18551170413093,0
1596208993.0679002,90.00013935153083,293.18551170413093,0
1596208993.5679026,96.00017368380622,293.18551170413093,0
1596208994.052217,101.81041347567634,293.18551170413093,0
1596208994.052288,101.81041347567634,288.0949910303471,0
1596208994.0678942,96.90954715217327,288.0949910303471,0
1596208994.5679042,102.90966731513714,288.0949910303471,0
1596208995.0678997,108.90962153876995,288.0949910303471,0
1596208995.5679114,114.90976172889447,288.0949910303471,0
1596208996.0679069,120.90969592536663,288.0949910303471,0
1596208996.5678937,126.90953284705853,288.0949910303471,0
1596208997.0679069,132.90970164741253,288.0949910303471,0
1596208997.567897,138.90958720649456,288.0949910303471,0
1596208998.0678957,144.90957004035687,288.0949910303471,0
1596208998.5679028,150.9096587320683,288.0949910303471,0
1596208999.0678916,156.90952712501263,288.0949910303471,0
1596208999.5678923,162.90953284705853,288.0949910303471,0
1596209000.0678928,168.90953856910443,288.0949910303471,0
1596209000.5679076,174.90971309150433,288.0949910303471,0
1596209001.0679026,180.9096530100224,288.0949910303471,0
1596209001.5678923,186.90952998603558,288.0949910303471,0
1596209002.0679054,192.9096816202519,288.0949910303471,0
1596209002.5679073,198.90971023048138,288.0949910303471,0
1596209003.0678985,204.90960437263226,288.0949910303471,0
1596209003.5679011,210.90963870490765,288.0949910303471,0
1596209003.5798116,211.0510447641728,288.0949910303471,0
1596209003.5798838,211.0510447641728,295.54243879213846,0
1596209004.067912,224.35720949068582,295.54243879213846,0
1596209004.567909,230.35718088045633,295.54243879213846,0
1596209005.0679078,236.35716085329568,295.54243879213846,0
1596209005.5679042,242.35711793795144,295.54243879213846,0
1596209006.0679116,248.35721235170877,295.54243879213846,0
1596209006.5679119,254.35721521273172,295.54243879213846,0
1596209007.067905,260.35713510408914,295.54243879213846,0
1596209007.5679119,266.3572152127317,295.54243879213846,0
1596209008.0679007,272.3570750226072,295.54243879213846,0
1596209008.5679045,278.35712938204324,295.54243879213846,0
1596209009.0678985,284.35706071749246,295.54243879213846,0
1596209009.5678992,290.35706071749246,295.54243879213846,0
1596209010.0679107,296.35720090761697,295.54243879213846,0
1596209010.567892,302.356974886804,295.54243879213846,0
1596209011.067899,308.35706071749246,295.54243879213846,0
1596209011.5679023,314.3571036328367,295.54243879213846,0
1596209012.067903,320.3571093548826,295.54243879213846,0
1596209012.5678997,326.3570635785154,295.54243879213846,0
1596209013.067905,332.3571322430662,295.54243879213846,0
1596209013.5679078,338.35716943636453,295.54243879213846,0
1596209014.0679038,344.3571150769285,295.54243879213846,0
1596209014.5679033,350.3571093548826,295.54243879213846,0
1596209015.0679085,356.3571751584104,295.54243879213846,0
1596209015.3715832,360,295.54243879213846,1
1596209015.371586,0,295.54243879213846,0
1596209015.8715012,6.00027017488992,295.54243879213846,0
1596209016.371485,12.000095652490018,295.54243879213846,0
1596209016.8715003,18.00026731386697,295.54243879213846,0
1596209017.3714917,24.000167178063748,295.54243879213846,0
1596209017.871489,30.000132845788357,295.54243879213846,0
1596209018.371502,36.000287341027615,295.54243879213846,0
1596209018.8715036,42.00030450716531,295.54243879213846,0
1596209019.3714962,48.000218676476834,295.54243879213846,0
1596209019.8714955,54.000210093407986,295.54243879213846,0
1596209020.37149,60.000141428857205,295.54243879213846,0
1596209020.871499,66.00025300875222,295.54243879213846,0
1596209021.3714995,72.00025873079812,295.54243879213846,0
1596209021.8715029,78.00029592409646,295.54243879213846,0
1596209022.3715007,84.00027589693582,295.54243879213846,0
1596209022.8715043,90.0003273953489,295.54243879213846,0
1596209023.371499,96.00024728670633,295.54243879213846,0
1596209023.8714979,102.00023870363748,295.54243879213846,0
1596209024.0711532,104.39459161654031,295.54243879213846,0
1596209024.0712237,104.39459161654031,290.32270921131146,0
1596209024.3714902,102.78042043109906,290.32270921131146,0
1596209024.8714888,108.78040326496136,290.32270921131146,0
1596209025.3714952,114.78047765155804,290.32270921131146,0
1596209025.871491,120.78042901416791,290.32270921131146,0
1596209026.3714917,126.78043759723676,290.32270921131146,0
1596209026.8714895,132.7804118480302,290.32270921131146,0
1596209027.3714895,138.78040898700726,290.32270921131146,0
1596209027.8714933,144.7804519023515,290.32270921131146,0
1596209028.3715005,150.78054917713177,290.32270921131146,0
1596209028.8714943,156.78047192951215,290.32270921131146,0
1596209029.371504,162.78059495349896,290.32270921131146,0
1596209029.8715034,168.78058064838422,290.32270921131146,0
1596209030.3714924,174.78044331928265,290.32270921131146,0
1596209030.8714895,180.7804118480302,290.32270921131146,0
1596209031.3714936,186.7804576243974,290.32270921131146,0
1596209031.871493,192.78044904132855,290.32270921131146,0
1596209032.3714874,198.78038323780072,290.32270921131146,0
1596209032.8715003,204.78054631610883,290.32270921131146,0
1596209033.371492,210.78043759723676,290.32270921131146,0
1596209033.6675365,214.3314534511186,290.32270921131146,0
1596209033.6676102,214.3314534511186,297.60613653875555,0
1596209033.8714988,224.06393931127752,297.60613653875555,0
1596209034.3714974,230.06393358923162,297.60613653875555,0
1596209034.8714929,236.06387636877264,297.60613653875555,0
1596209035.3714936,242.0638849518415,297.60613653875555,0
1596209035.871492,248.0638677857038,297.60613653875555,0
1596209036.371504,254.06402228094305,297.60613653875555,0
1596209036.8714967,260.0639221451398,297.60613653875555,0
1596209037.371501,266.06398222662176,297.60613653875555,0
1596209037.8714905,272.0638506195661,297.60613653875555,0
1596209038.371494,278.0638906738874,297.60613653875555,0
1596209038.8714933,284.06388209081854,297.60613653875555,0
1596209039.3714898,290.06384203649725,297.60613653875555,0
1596209039.8714948,296.0638963959333,297.60613653875555,0
1596209040.3714995,302.06396506048407,297.60613653875555,0
1596209040.8714952,308.06390497900213,297.60613653875555,0
1596209041.3715029,314.06399367071356,297.60613653875555,0
1596209041.8714957,320.06390497900213,297.60613653875555,0
1596209042.3714874,326.06381342626776,297.60613653875555,0
1596209042.8714917,332.0638620636579,297.60613653875555,0
1596209043.371492,338.0638677857038,297.60613653875555,0
1596209043.8714998,344.06396506048407,297.60613653875555,0
1596209044.3714907,350.063856341612,297.60613653875555,0
1596209044.8714867,356.06380770422186,297.60613653875555,0
1596209045.1996083,360,297.60613653875555,1
1596209045.1996117,0,297.60613653875555,0
1596209045.699523,6.000243403684749,297.60613653875555,0
1596209046.1995134,12.00012896276678,297.60613653875555,0
1596209046.6995082,18.000068881284847,297.60613653875555,0
1596209047.1995213,24.000223376524104,297.60613653875555,0
1596209047.6995218,30.000220515501155,297.60613653875555,0
1596209048.1995258,36.00027773596014,297.60613653875555,0
1596209048.6995113,42.00010321356024,297.60613653875555,0
1596209049.199515,48.00015471197332,297.60613653875555,0
1596209049.6995218,54.0002348206159,297.60613653875555,0
1596209050.1995127,60.00012610174383,297.60613653875555,0
1596209050.6995184,66.00018904424871,297.60613653875555,0
1596209051.1995115,72.00011465765203,297.60613653875555,0
1596209051.6995158,78.00016329504217,297.60613653875555,0
1596209052.199521,84.00022051550116,297.60613653875555,0
1596209052.69952,90.00021193243231,297.60613653875555,0
1596209053.199526,96.00028345800604,297.60613653875555,0
1596209053.6995275,102.00030062414373,297.60613653875555,0
1596209054.0839052,106.61129687048162,297.60613653875555,0
1596209054.0839753,106.61129687048162,292.27557169523146,0
1596209054.1995084,102.66949831571486,292.27557169523146,0
1596209054.6995242,108.66969286527541,292.27557169523146,0
1596209055.1995182,114.66962133970168,292.27557169523146,0
1596209055.6995265,120.66971861448195,292.27557169523146,0
1596209056.1995132,126.6695641192427,292.27557169523146,0
1596209056.6995254,132.66969572629836,292.27557169523146,0
1596209057.1995087,138.66950975980666,292.27557169523146,0
1596209057.6995113,144.6695355090132,292.27557169523146,0
1596209058.1995175,150.66961275663283,292.27557169523146,0
1596209058.6995156,156.66959559049513,292.27557169523146,0
1596209059.1995113,162.6695412310591,292.27557169523146,0
1596209059.699527,168.6697271975508,292.27557169523146,0
1596209060.199508,174.66949831571486,292.27557169523146,0
1596209060.6995182,180.66962420072463,292.27557169523146,0
1596209061.1995156,186.66959272947219,292.27557169523146,0
1596209061.699517,192.66960989560988,292.27557169523146,0
1596209062.19951,198.6695183428755,292.27557169523146,0
1596209062.6995242,204.6696928652754,292.27557169523146,0
1596209063.1995087,210.66950975980666,292.27557169523146,0
1596209063.6995146,216.66957842435744,292.27557169523146,0
1596209063.7402833,217.15727984037306,292.27557169523146,0
1596209063.7403553,217.15727984037306,299.4177077032128,0
1596209064.1995122,229.81167723904042,299.4177077032128,0
1596209064.6995244,235.81183459530263,299.4177077032128,0
1596209065.1995134,241.81169726620107,299.4177077032128,0
1596209065.6995206,247.81178881893544,299.4177077032128,0
1596209066.199519,253.81177165279774,299.4177077032128,0
1596209066.6995132,259.81169726620107,299.4177077032128,0
1596209067.1995242,265.8118317342797,299.4177077032128,0
1596209067.699529,271.81188895473866,299.4177077032128,0
1596209068.1995206,277.81178881893544,299.4177077032128,0
1596209068.6995168,283.81174304256825,299.4177077032128,0
1596209069.1995108,289.8116686559716,299.4177077032128,0
1596209069.699511,295.8116772390404,299.4177077032128,0
1596209070.1995158,301.8117344594994,299.4177077032128,0
1596209070.6995192,307.81177165279774,299.4177077032128,0
1596209071.1995218,313.8117974020043,299.4177077032128,0
1596209071.699516,319.8117344594994,299.4177077032128,0
1596209072.1995275,325.811868927578,299.4177077032128,0
1596209072.6995225,331.81181170711903,299.4177077032128,0
1596209073.1995225,337.81181170711903,299.4177077032128,0
1596209073.6995215,343.81180598507314,299.4177077032128,0
1596209074.1995227,349.811814568142,299.4177077032128,0
1596209074.6995142,355.81170298824696,299.4177077032128,0
1596209075.0486507,360,299.4177077032128,1
1596209075.0486538,0,299.4177077032128,0
1596209075.5485537,6.000177643398331,299.4177077032128,0
1596209076.0485647,12.000317833522843,299.4177077032128,0
1596209076.5485547,18.000197670558975,299.4177077032128,0
1596209077.0485578,24.000234863857315,299.4177077032128,0
1596209077.5485609,30.000274918178604,299.4177077032128,0
1596209078.0485616,36.00028350124745,299.4177077032128,0
1596209078.548559,42.00024630794911,299.4177077032128,0
1596209079.0485604,48.00026347408681,299.4177077032128,0
1596209079.548564,54.000306389431046,299.4177077032128,0
1596209080.0485559,60.00021197567372,299.4177077032128,0
1596209080.5485659,66.00033213863759,299.4177077032128,0
1596209081.0485613,72.00027777920155,299.4177077032128,0
1596209081.5485604,78.00026633510976,299.4177077032128,0
1596209082.04856,84.00025775204091,299.4177077032128,0
1596209082.5485575,90.00023486385732,299.4177077032128,0
1596209083.048565,96.00032355556874,299.4177077032128,0
1596209083.548549,102.0001290060082,299.4177077032128,0
1596209084.048557,108.00022914181142,299.4177077032128,0
1596209084.0929186,108.53109195003896,299.4177077032128,0
1596209084.0929863,108.53109195003896,293.99115310571085,0
1596209084.5485506,108.57358585259806,293.99115310571085,0
1596209085.04856,114.57370601556192,293.99115310571085,0
1596209085.5485508,120.5736001577128,293.99115310571085,0
1596209086.0485644,126.57376037499796,293.99115310571085,0
1596209086.5485675,132.57380042931925,293.99115310571085,0
1596209087.0485637,138.5737460698832,293.99115310571085,0
1596209087.5485687,144.57381187341105,293.99115310571085,0
1596209088.0485513,150.5736001577128,293.99115310571085,0
1596209088.5485618,156.57372890374552,293.99115310571085,0
1596209089.0485506,162.57359729668985,293.99115310571085,0
1596209089.5485623,168.57373462579142,293.99115310571085,0
1596209090.048559,174.57369171044718,293.99115310571085,0
1596209090.5485635,180.57374320886026,293.99115310571085,0
1596209091.048559,186.57369171044718,293.99115310571085,0
1596209091.548563,192.57374034783732,293.99115310571085,0
1596209092.0485501,198.57359157464396,293.99115310571085,0
1596209092.548553,204.5736230458964,293.99115310571085,0
1596209093.0485606,210.57372032067667,293.99115310571085,0
1596209093.548566,216.5737804021586,293.99115310571085,0
1596209093.7980664,219.56629024407755,293.99115310571085,0
1596209093.7981377,219.56629024407755,301.01283859350696,0
1596209094.0485616,229.59540294744983,301.01283859350696,0
1596209094.5485537,235.5953142557384,301.01283859350696,0
1596209095.0485668,241.5954716120006,301.01283859350696,0
1596209095.5485673,247.59548591711535,301.01283859350696,0
1596209096.048565,253.5954544458629,301.01283859350696,0
1596209096.5485592,259.5953829202892,301.01283859350696,0
1596209097.048552,265.5952913675548,301.01283859350696,0
1596209097.5485637,271.5954315576793,301.01283859350696,0
1596209098.0485592,277.59538005926623,301.01283859350696,0
1596209098.5485582,283.59536861517444,301.01283859350696,0
1596209099.0485616,289.5954086694957,301.01283859350696,0
1596209099.5485513,295.59528850653186,301.01283859350696,0
1596209100.0485642,301.5954430017711,301.01283859350696,0
1596209100.5485694,307.595505944276,301.01283859350696,0
1596209101.0485682,313.5954773340465,301.01283859350696,0
1596209101.5485566,319.5953428659679,301.01283859350696,0
1596209102.0485628,325.5954201135875,301.01283859350696,0
1596209102.5485544,331.5953256998302,301.01283859350696,0
1596209103.0485623,337.5954172525646,301.01283859350696,0
1596209103.5485518,343.5952913675548,301.01283859350696,0
1596209104.04856,349.5953886423351,301.01283859350696,0
1596209104.5485501,355.5952627573253,301.01283859350696,0
1596209104.9157264,360,301.01283859350696,1
1596209104.9157295,0,301.01283859350696,0
1596209105.415641,6.000356904053831,301.01283859350696,0
1596209105.9156387,12.000336876893186,301.01283859350696,0
1596209106.4156296,18.000225296998167,301.01283859350696,0
1596209106.9156365,24.000311127686643,301.01283859350696,0
1596209107.4156327,30.00025676825061,301.01283859350696,0
1596209107.9156451,36.000419846558714,301.01283859350696,0
1596209108.4156482,42.000451317811155,301.01283859350696,0
1596209108.9156446,48.000411263489866,301.01283859350696,0
1596209109.415644,54.00039981939807,301.01283859350696,0
1596209109.9156418,60.00035976507678,301.01283859350696,0
1596209110.4156291,66.00020813086047,301.01283859350696,0
1596209110.9156423,72.00037407019153,301.01283859350696,0
1596209111.4156415,78.00037120916858,301.01283859350696,0
1596209111.9156418,84.00037120916858,301.01283859350696,0
1596209112.4156349,90.00029396154895,301.01283859350696,0
1596209112.9156382,96.00033115484729,301.01283859350696,0
1596209113.415639,102.00034545996203,301.01283859350696,0
1596209113.9156477,108.00045131781116,301.01283859350696,0
1596209114.0957458,110.16010307409778,301.01283859350696,0
1596209114.0958166,110.16010307409778,295.50483343980204,0
1596209114.415632,108.4922516145457,295.50483343980204,0
1596209114.9156384,114.49232886216532,295.50483343980204,0
1596209115.4156365,120.49230883500468,295.50483343980204,0
1596209115.9156318,126.4922401704539,295.50483343980204,0
1596209116.4156458,132.49240610978495,295.50483343980204,0
1596209116.9156468,138.4924261369456,295.50483343980204,0
1596209117.4156437,144.49239466569315,295.50483343980204,0
1596209117.9156406,150.49235461137187,295.50483343980204,0
1596209118.4156387,156.49233458421122,295.50483343980204,0
1596209118.915632,162.49224875352274,295.50483343980204,0
1596209119.415635,168.49228880784403,295.50483343980204,0
1596209119.9156475,174.49243472001444,295.50483343980204,0
1596209120.4156318,180.4922516145457,295.50483343980204,0
1596209120.9156442,186.4923975267161,295.50483343980204,0
1596209121.4156375,192.49231169602763,295.50483343980204,0
1596209121.915638,198.49231455705058,295.50483343980204,0
1596209122.4156344,204.4922802247752,295.50483343980204,0
1596209122.915634,210.4922745027293,295.50483343980204,0
1596209123.4156406,216.49235461137187,295.50483343980204,0
1596209123.844617,221.6385452546824,295.50483343980204,0
1596209123.8446894,221.6385452546824,302.42290617706794,0
1596209123.9156404,229.41041590454597,302.42290617706794,0
1596209124.4156408,235.41043020966072,302.42290617706794,0
1596209124.9156334,241.4103415179493,302.42290617706794,0
1596209125.4156423,247.4104473757984,302.42290617706794,0
1596209125.9156427,253.41045023682136,302.42290617706794,0
1596209126.4156408,259.41042734863777,302.42290617706794,0
1596209126.915633,265.4103357959034,302.42290617706794,0
1596209127.4156415,271.4104416537525,302.42290617706794,0
1596209127.9156399,277.41041590454597,302.42290617706794,0
1596209128.4156353,283.41036726715583,302.42290617706794,0
1596209128.9156306,289.41031004669685,302.42290617706794,0
1596209129.415642,295.4104473757984,302.42290617706794,0
1596209129.9156373,301.4103815722706,302.42290617706794,0
1596209130.4156303,307.410301463628,302.42290617706794,0
1596209130.9156353,313.4103644061329,302.42290617706794,0
1596209131.4156299,319.4102957415821,302.42290617706794,0
1596209131.915644,325.41046740295906,302.42290617706794,0
1596209132.4156315,331.41032149078865,302.42290617706794,0
1596209132.915648,337.4105217623951,302.42290617706794,0
1596209133.4156473,343.41050745728035,302.42290617706794,0
1596209133.915639,349.4104101825001,302.42290617706794,0
1596209134.4156418,355.41044451477546,302.42290617706794,0
1596209134.7982273,360,302.42290617706794,1
1596209134.7982302,0,302.42290617706794,0
1596209135.2981448,6.00047232391853,302.42290617706794,0
1596209135.7981248,12.000240581059643,302.42290617706794,0
1596209136.2981277,18.000272052312084,302.42290617706794,0
1596209136.798136,24.000375049138256,302.42290617706794,0
1596209137.29814,30.000420825505444,302.42290617706794,0
1596209137.798143,36.00045801880378,302.42290617706794,0
1596209138.2981262,42.00025774719734,302.42290617706794,0
1596209138.7981358,48.00036932709236,302.42290617706794,0
1596209139.298139,54.00040938141365,302.42290617706794,0
1596209139.7981405,60.00042368652839,302.42290617706794,0
1596209140.2981346,66.00035502197761,302.42290617706794,0
1596209140.7981434,72.00046374084968,302.42290617706794,0
1596209141.298134,78.00034643890876,302.42290617706794,0
1596209141.7981386,84.0004007983448,302.42290617706794,0
1596209142.2981296,90.00029780151863,302.42290617706794,0
1596209142.7981398,96.0004179644825,302.42290617706794,0
1596209143.298143,102.00045229675789,302.42290617706794,0
1596209143.7981408,108.00042940857429,302.42290617706794,0
1596209144.0947871,111.5587036776783,302.42290617706794,0
1596209144.0948553,111.5587036776783,296.844970993184,0
1596209144.2981431,108.4225085298051,296.844970993184,0
1596209144.7981377,114.42244844832317,296.844970993184,0
1596209145.2981267,120.42231398024455,296.844970993184,0
1596209145.7981362,126.42244272627727,296.844970993184,0
1596209146.2981422,132.42251711287395,296.844970993184,0
1596209146.798131,138.42236547865764,296.844970993184,0
1596209147.298141,144.42249422469035,296.844970993184,0
1596209147.7981308,150.42236547865764,296.844970993184,0
1596209148.298126,156.42231398024455,296.844970993184,0
1596209148.7981253,162.4223053971757,296.844970993184,0
1596209149.2981353,168.42241411604778,296.844970993184,0
1596209149.798128,174.42233114638225,296.844970993184,0
1596209150.2981339,180.42239981093303,296.844970993184,0
1596209150.798131,186.42236547865764,296.844970993184,0
1596209151.2981327,192.42239122786418,296.844970993184,0
1596209151.7981443,198.4225256959428,296.844970993184,0
1596209152.2981303,204.4223568955888,296.844970993184,0
1596209152.798135,210.42241125502483,296.844970993184,0
1596209153.2981434,216.42251711287395,296.844970993184,0
1596209153.7981274,222.4223340074052,296.844970993184,0
1596209153.8824308,223.43246965803996,296.844970993184,0
1596209153.8825023,223.43246965803996,303.673347510282,0
1596209154.2981303,235.25073627370972,303.673347510282,0
1596209154.7981372,241.25081924337525,303.673347510282,0
1596209155.2981424,247.25087932485718,303.673347510282,0
1596209155.7981424,253.25088218588013,303.673347510282,0
1596209156.2981427,259.250890768949,303.673347510282,0
1596209156.7981355,265.25080779928345,303.673347510282,0
1596209157.2981317,271.2507648839392,303.673347510282,0
1596209157.7981408,277.2508678807654,303.673347510282,0
1596209158.2981308,283.2507477178015,303.673347510282,0
1596209158.798142,289.2508850469031,303.673347510282,0
1596209159.2981253,295.25068477529663,303.673347510282,0
1596209159.7981424,301.250890768949,303.673347510282,0
1596209160.2981389,307.2508449925818,303.673347510282,0
1596209160.798132,313.2507648839392,303.673347510282,0
1596209161.2981415,319.2508678807654,303.673347510282,0
1596209161.7981355,325.2507992162146,303.673347510282,0
1596209162.2981417,331.25088218588013,303.673347510282,0
1596209162.7981346,337.2507934941687,303.673347510282,0
1596209163.2981408,343.25087074178833,303.673347510282,0
1596209163.7981262,349.2506990804114,303.673347510282,0
1596209164.2981243,355.2506704701819,303.673347510282,0
1596209164.6940122,360,303.673347510282,1
1596209164.6940153,0,303.673347510282,0
1596209165.1939163,6.000168837491458,303.673347510282,0
1596209165.6939151,12.000154532376712,303.673347510282,0
1596209166.1939244,18.00026897329468,303.673347510282,0
1596209166.6939185,24.000194586698,303.673347510282,0
1596209167.1939337,30.0003805531897,303.673347510282,0
1596209167.6939223,36.00022891897339,303.673347510282,0
1596209168.1939223,42.00023464101929,303.673347510282,0
1596209168.693915,48.00015739339966,303.673347510282,0
1596209169.1939242,54.00026039022583,303.673347510282,0
1596209169.6939332,60.0003691090979,303.673347510282,0
1596209170.1939185,66.0002003087439,303.673347510282,0
1596209170.6939223,72.00024608511109,303.673347510282,0
1596209171.1939204,78.0002231969275,303.673347510282,0
1596209171.693921,84.00023464101929,303.673347510282,0
1596209172.1939173,90.0001888646521,303.673347510282,0
1596209172.693924,96.00026897329468,303.673347510282,0
1596209173.1939323,102.0003576650061,303.673347510282,0
1596209173.6939325,108.000363387052,303.673347510282,0
1596209174.0901153,112.7530775441565,303.673347510282,0
1596209174.0901868,112.7530775441565,298.0356936330742,0
1596209174.1939204,108.36256073665083,298.0356936330742,0
1596209174.693927,114.36265228938521,298.0356936330742,0
1596209175.1939209,120.36257790278853,298.0356936330742,0
1596209175.6939316,126.36269520472945,298.0356936330742,0
1596209176.1939263,132.36264370631636,298.0356936330742,0
1596209176.6939301,138.3626751775688,298.0356936330742,0
1596209177.1939163,144.36252068232955,298.0356936330742,0
1596209177.6939192,150.36255501460494,298.0356936330742,0
1596209178.1939127,156.3624834890312,298.0356936330742,0
1596209178.69392,162.36256931971968,298.0356936330742,0
1596209179.1939244,168.36262367915572,298.0356936330742,0
1596209179.6939151,174.36250923823775,298.0356936330742,0
1596209180.1939204,180.36257218074263,298.0356936330742,0
1596209180.6939209,186.36257790278853,298.0356936330742,0
1596209181.1939185,192.36255787562789,298.0356936330742,0
1596209181.6939247,198.36262081813277,298.0356936330742,0
1596209182.1939268,204.36264370631636,298.0356936330742,0
1596209182.6939173,210.36253212642134,298.0356936330742,0
1596209183.1939263,216.36264370631636,298.0356936330742,0
1596209183.6939247,222.36262081813277,298.0356936330742,0
1596209183.9115112,224.97216843318404,298.0356936330742,0
1596209183.9115825,224.97216843318404,304.787085211415,0
1596209184.1939235,235.11399236931294,304.787085211415,0
1596209184.6939178,241.11392942680806,304.787085211415,0
1596209185.1939197,247.11394659294575,304.787085211415,0
1596209185.693914,253.11388078941792,304.787085211415,0
1596209186.1939142,259.1138807894179,304.787085211415,0
1596209186.693922,265.1139723421523,304.787085211415,0
1596209187.193917,271.11392370476216,304.787085211415,0
1596209187.693931,277.1140896440932,304.787085211415,0
1596209188.193922,283.11398092522114,304.787085211415,0
1596209188.6939325,289.1141068102309,304.787085211415,0
1596209189.1939278,295.1140495897719,304.787085211415,0
1596209189.6939294,301.11407533897847,304.787085211415,0
1596209190.193929,307.11406389488667,304.787085211415,0
1596209190.6939278,313.1140381456801,304.787085211415,0
1596209191.19393,319.1140782000014,304.787085211415,0
1596209191.693918,325.11393514885395,304.787085211415,0
1596209192.193922,331.1139780641982,304.787085211415,0
1596209192.693924,337.1139952303359,304.787085211415,0
1596209193.1939182,343.1139380098769,304.787085211415,0
1596209193.6939163,349.1139151216933,304.787085211415,0
1596209194.1939304,355.1140839220473,304.787085211415,0
1596209194.601194,360,304.787085211415,1
1596209194.6011972,0,304.787085211415,0
1596209195.1011164,6.00030485405415,304.787085211415,0
1596209195.6011155,12.000293409962353,304.787085211415,0
1596209196.1011133,18.000281965870556,304.787085211415,0
1596209196.6010983,24.000098860401806,304.787085211415,0
1596209197.1011076,30.000210440296826,304.787085211415,0
1596209197.6010985,36.000104582447705,304.787085211415,0
1596209198.1010985,42.000101721424755,304.787085211415,0
1596209198.601112,48.00026193870991,304.787085211415,0
1596209199.101107,54.000178969044384,304.787085211415,0
1596209199.6011074,60.00020757927388,304.787085211415,0
1596209200.1011128,66.00027052177876,304.787085211415,0
1596209200.6011033,72.00015894188374,304.787085211415,0
1596209201.1011114,78.00023046745747,304.787085211415,0
1596209201.6010997,84.00011888756245,304.787085211415,0
1596209202.1011007,90.00013033165425,304.787085211415,0
1596209202.6011019,96.0001389147231,304.787085211415,0
1596209203.1010962,102.00006738914936,304.787085211415,0
1596209203.6011035,108.00016180290669,304.787085211415,0
1596209204.0853536,113.80967203392476,304.787085211415,0
1596209204.085424,113.80967203392476,299.09660160971873,0
1596209204.101098,108.30960381461375,299.09660160971873,0
1596209204.6011095,114.30974972678416,299.09660160971873,0
1596209205.1010995,120.30963242484324,299.09660160971873,0
1596209205.601113,126.30978978110545,299.09660160971873,0
1596209206.1011026,132.30966675711863,299.09660160971873,0
1596209206.6011004,138.3096410079121,299.09660160971873,0
1596209207.1011102,144.3097468657612,299.09660160971873,0
1596209207.6010976,150.30960381461375,299.09660160971873,0
1596209208.101097,156.3096009535908,299.09660160971873,0
1596209208.6011014,162.30965531302684,299.09660160971873,0
1596209209.1011,168.30963814688914,299.09660160971873,0
1596209209.6010976,174.3096066756367,299.09660160971873,0
1596209210.1011016,180.30965531302684,299.09660160971873,0
1596209210.6011105,186.30976117087596,299.09660160971873,0
1596209211.101106,192.30970395041697,299.09660160971873,0
1596209211.6010947,198.30956948233836,299.09660160971873,0
1596209212.101106,204.30970108939403,299.09660160971873,0
1596209212.6011074,210.30972683860057,299.09660160971873,0
1596209213.10111,216.30974972678416,299.09660160971873,0
1596209213.6011128,222.30978978110545,299.09660160971873,0
1596209213.933623,226.29815876914256,299.09660160971873,0
1596209213.9336975,226.29815876914256,305.7816936712616,0
1596209214.101113,234.9948732595795,305.7816936712616,0
1596209214.6010964,240.9946586828583,305.7816936712616,0
1596209215.1011028,246.99475881866152,305.7816936712616,0
1596209215.6010957,252.994675848996,305.7816936712616,0
1596209216.101109,258.99483606628115,305.7816936712616,0
1596209216.6011014,264.9947216253632,305.7816936712616,0
1596209217.1011033,270.9947645407074,305.7816936712616,0
1596209217.6011012,276.9947416525238,305.7816936712616,0
1596209218.101107,282.9948160391205,305.7816936712616,0
1596209218.6011124,288.99487612060244,305.7816936712616,0
1596209219.1010976,294.99470159820254,305.7816936712616,0
1596209219.6011138,300.9948961477631,305.7816936712616,0
1596209220.101098,306.9947044592255,305.7816936712616,0
1596209220.6011097,312.99484751037295,305.7816936712616,0
1596209221.1011128,318.99485895446475,305.7816936712616,0
1596209221.6011055,324.99479028991396,305.7816936712616,0
1596209222.101097,330.9946930151337,305.7816936712616,0
1596209222.6011047,336.99478456786807,305.7816936712616,0
1596209223.1011145,342.9948961477631,305.7816936712616,0
1596209223.601108,348.9948274832123,305.7816936712616,0
1596209224.1011028,354.9947588186615,305.7816936712616,0
1596209224.5183196,360,305.7816936712616,1
1596209224.5183225,0,305.7816936712616,0
1596209225.0182328,6.000307295834375,305.7816936712616,0
1596209225.5182142,12.000098441159082,305.7816936712616,0
1596209226.0182238,18.00021288207705,305.7816936712616,0
1596209226.518225,24.0002214651459,305.7816936712616,0
1596209227.0182178,30.000129912411523,305.7816936712616,0
1596209227.5182295,36.000275824581934,305.7816936712616,0
1596209228.0182297,42.00027868560488,305.7816936712616,0
1596209228.5182264,48.00024435332949,305.7816936712616,0
1596209229.018222,54.00016996673281,305.7816936712616,0
1596209229.5182214,60.00018427184756,305.7816936712616,0
1596209230.0182335,66.00033018401797,305.7816936712616,0
1596209230.5182264,72.00024435332949,305.7816936712616,0
1596209231.0182257,78.00021860412295,305.7816936712616,0
1596209231.5182211,84.00018141082461,305.7816936712616,0
1596209232.0182292,90.00027582458193,305.7816936712616,0
1596209232.5182288,96.00027296355898,305.7816936712616,0
1596209233.0182278,102.00025865844424,305.7816936712616,0
1596209233.518235,108.00033590606387,305.7816936712616,0
1596209234.0182188,114.00015852264102,305.7816936712616,0
1596209234.0786898,114.72432348540957,305.7816936712616,0
1596209234.0787606,114.72432348540957,300.04547749699117,0
1596209234.5182183,114.26392232120992,300.04547749699117,0
1596209235.0182214,120.26396237553121,300.04547749699117,0
1596209235.518223,126.2639795416689,300.04547749699117,0
1596209236.0182219,132.2639623755312,300.04547749699117,0
1596209236.518218,138.26391659916402,300.04547749699117,0
1596209237.0182333,144.26411114872457,300.04547749699117,0
1596209237.5182233,150.2639852637148,300.04547749699117,0
1596209238.0182211,156.2639680975771,300.04547749699117,0
1596209238.5182168,162.26391659916402,300.04547749699117,0
1596209239.0182266,168.26403390110494,300.04547749699117,0
1596209239.5182269,174.2640367621279,300.04547749699117,0
1596209240.0182152,180.26389371098043,300.04547749699117,0
1596209240.5182207,186.2639566534853,300.04547749699117,0
1596209241.0182288,192.26405678928853,300.04547749699117,0
1596209241.5182333,198.26411114872457,300.04547749699117,0
1596209242.0182157,204.26388512791158,300.04547749699117,0
1596209242.5182147,210.26388512791158,300.04547749699117,0
1596209243.018227,216.26403962315084,300.04547749699117,0
1596209243.518218,222.26392804325582,300.04547749699117,0
1596209243.9506361,227.45143471897603,300.04547749699117,0
1596209243.95071,227.45143471897603,306.6729057610424,0
1596209244.018215,234.89130480889395,306.6729057610424,0
1596209244.5182295,240.89149077538565,306.6729057610424,0
1596209245.0182223,246.89140494469717,306.6729057610424,0
1596209245.5182214,252.89139350060537,306.6729057610424,0
1596209246.0182178,258.8913477242382,306.6729057610424,0
1596209246.5182314,264.89149077538565,306.6729057610424,0
1596209247.0182269,270.8914650261791,306.6729057610424,0
1596209247.5182168,276.89134486321524,306.6729057610424,0
1596209248.0182152,282.89132197503164,306.6729057610424,0
1596209248.5182319,288.89150221947745,306.6729057610424,0
1596209249.0182145,294.8913133919628,306.6729057610424,0
1596209249.5182147,300.89131625298575,306.6729057610424,0
1596209250.0182312,306.8915108025463,306.6729057610424,0
1596209250.518232,312.8915222466381,306.6729057610424,0
1596209251.0182343,318.89154227379873,306.6729057610424,0
1596209251.5182285,324.8914821923168,306.6729057610424,0
1596209252.0182278,330.8914764702709,306.6729057610424,0
1596209252.5182197,336.8913763344677,306.6729057610424,0
1596209253.0182288,342.8914821923168,306.6729057610424,0
1596209253.5182235,348.89142211083487,306.6729057610424,0
1596209254.0182238,354.89142783288077,306.6729057610424,0
1596209254.4440448,360,306.6729057610424,1
1596209254.444048,0,306.6729057610424,0
1596209254.9439647,6.000307875910551,306.6729057610424,0
1596209255.4439461,12.00009329918936,306.6729057610424,0
1596209255.9439476,18.000107604304105,306.6729057610424,0
1596209256.4439473,24.000101882258207,306.6729057610424,0
1596209256.9439492,30.00013335351065,306.6729057610424,0
1596209257.4439569,36.000213462153226,306.6729057610424,0
1596209257.9439487,42.0001247704418,306.6729057610424,0
1596209258.4439502,48.000141936579496,306.6729057610424,0
1596209258.9439514,54.00015624169424,306.6729057610424,0
1596209259.4439538,60.000179129877836,306.6729057610424,0
1596209259.9439576,66.00022204522207,306.6729057610424,0
1596209260.4439597,72.00025637749746,306.6729057610424,0
1596209260.943956,78.00021346215323,306.6729057610424,0
1596209261.4439523,84.00016482476309,306.6729057610424,0
1596209261.9439514,90.00013335351065,306.6729057610424,0
1596209262.4439504,96.00014479760245,306.6729057610424,0
1596209262.9439578,102.00023348931387,306.6729057610424,0
1596209263.4439545,108.00019343499258,306.6729057610424,0
1596209263.9439485,114.00012763146475,306.6729057610424,0
1596209264.069366,115.50365527276114,306.6729057610424,0
1596209264.0694368,115.50365527276114,300.89772299740434,0
1596209264.443963,114.22509650204302,300.89772299740434,0
1596209264.9439516,120.2249792001021,300.89772299740434,0
1596209265.4439552,126.22502497646929,300.89772299740434,0
1596209265.9439626,132.22511080715776,300.89772299740434,0
1596209266.4439478,138.224927701689,300.89772299740434,0
1596209266.9439456,144.22490195248247,300.89772299740434,0
1596209267.443955,150.22501639340044,300.89772299740434,0
1596209267.9439492,156.2249505898726,300.89772299740434,0
1596209268.4439595,162.22507075283647,300.89772299740434,0
1596209268.943956,168.22503069851518,300.89772299740434,0
1596209269.4439538,174.2250020882857,300.89772299740434,0
1596209269.943946,180.22491339657427,300.89772299740434,0
1596209270.443952,186.224984922148,300.89772299740434,0
1596209270.9439535,192.22499922726274,300.89772299740434,0
1596209271.4439456,198.22490195248247,300.89772299740434,0
1596209271.9439461,204.22491053555132,300.89772299740434,0
1596209272.4439478,210.22493056271196,300.89772299740434,0
1596209272.9439633,216.2251136681807,300.89772299740434,0
1596209273.4439583,222.22505072567583,300.89772299740434,0
1596209273.9439447,228.22488478634477,300.89772299740434,0
1596209273.9600377,228.41595248196245,300.89772299740434,0
1596209273.9601102,228.41595248196245,307.47692537330624,0
1596209274.4439461,240.80411005043027,307.47692537330624,0
1596209274.943964,246.8043274881744,307.47692537330624,0
1596209275.4439623,252.80430746101376,307.47692537330624,0
1596209275.9439557,258.80423021339413,307.47692537330624,0
1596209276.4439616,264.80429029487607,307.47692537330624,0
1596209276.9439447,270.80409860633847,307.47692537330624,0
1596209277.4439552,276.8042273523712,307.47692537330624,0
1596209277.9439616,282.80429601692197,307.47692537330624,0
1596209278.4439487,288.80414438270566,307.47692537330624,0
1596209278.9439516,294.80416727088925,307.47692537330624,0
1596209279.4439547,300.80421304725644,307.47692537330624,0
1596209279.94396,306.80427885078427,307.47692537330624,0
1596209280.44396,312.80427885078427,307.47692537330624,0
1596209280.9439495,318.8041357996368,307.47692537330624,0
1596209281.4439456,324.8040928842926,307.47692537330624,0
1596209281.943964,330.8043217661285,307.47692537330624,0
1596209282.4439607,336.8042874338531,307.47692537330624,0
1596209282.9439456,342.80411005043027,307.47692537330624,0
1596209283.443949,348.8041472437286,307.47692537330624,0
1596209283.9439483,354.8041415216827,307.47692537330624,0
1596209284.3770473,360,307.47692537330624,1
1596209284.3770504,0,307.47692537330624,0
1596209284.8769538,6.0001969339751895,307.47692537330624,0
1596209285.3769634,12.000317096939057,307.47692537330624,0
1596209285.876964,18.000325680007904,307.47692537330624,0
1596209286.3769534,24.00019121192929,307.47692537330624,0
1596209286.8769598,30.000277042617768,307.47692537330624,0
1596209287.3769517,36.000174045791596,307.47692537330624,0
1596209287.8769615,42.00029420875546,307.47692537330624,0
1596209288.3769586,48.00025987648007,307.47692537330624,0
1596209288.8769467,54.00011682533261,307.47692537330624,0
1596209289.376946,60.00011110328671,307.47692537330624,0
1596209289.8769577,66.00025415443417,307.47692537330624,0
1596209290.3769488,72.00013685249326,307.47692537330624,0
1596209290.876956,78.00021982215878,307.47692537330624,0
1596209291.376963,84.00029134773251,307.47692537330624,0
1596209291.8769488,90.00014257453915,307.47692537330624,0
1596209292.3769608,96.00028562568662,307.47692537330624,0
1596209292.8769586,102.00026559852597,307.47692537330624,0
1596209293.376958,108.00025701545712,307.47692537330624,0
1596209293.876948,114.0001339914703,307.47692537330624,0
1596209294.0998852,116.67388296150204,307.47692537330624,0
1596209294.0999758,116.67388296150204,301.64323122523115,0
1596209294.3769503,114.16645414850996,301.64323122523115,0
1596209294.8769517,120.1664798977165,301.64323122523115,0
1596209295.3769555,126.16653139612959,301.64323122523115,0
1596209295.8769584,132.16655714533613,301.64323122523115,0
1596209296.3769584,138.16655142329023,301.64323122523115,0
1596209296.8769639,144.1666258098869,301.64323122523115,0
1596209297.3769515,150.16648275873945,301.64323122523115,0
1596209297.8769565,156.16654570124433,301.64323122523115,0
1596209298.3769457,162.16641695521162,301.64323122523115,0
1596209298.8769507,168.16646559260175,301.64323122523115,0
1596209299.3769639,174.16662294886396,301.64323122523115,0
1596209299.8769526,180.1664970638542,301.64323122523115,0
1596209300.3769622,186.16661150477216,301.64323122523115,0
1596209300.876946,192.16641409418867,301.64323122523115,0
1596209301.3769546,198.1665199520378,301.64323122523115,0
1596209301.876965,204.1666258098869,301.64323122523115,0
1596209302.3769639,210.1666258098869,301.64323122523115,0
1596209302.8769457,216.16640837214277,301.64323122523115,0
1596209303.3769476,222.1664398433952,301.64323122523115,0
1596209303.8769598,228.16658003351972,301.64323122523115,0
1596209303.9692433,229.27249701044843,301.64323122523115,0
1596209303.9693146,229.27249701044843,308.1796063747087,0
1596209304.3769479,240.70280068775804,308.1796063747087,0
1596209304.8769574,246.70292371174486,308.1796063747087,0
1596209305.3769562,252.70291798969896,308.1796063747087,0
1596209305.876956,258.70290654560716,308.1796063747087,0
1596209306.3769498,264.70283502003343,308.1796063747087,0
1596209306.8769577,270.70293515583666,308.1796063747087,0
1596209307.3769581,276.70294087788255,308.1796063747087,0
1596209307.876948,282.7028207149187,308.1796063747087,0
1596209308.3769608,288.702972349135,308.1796063747087,0
1596209308.8769617,294.70298665424974,308.1796063747087,0
1596209309.3769567,300.7029208507219,308.1796063747087,0
1596209309.876954,306.7028722133318,308.1796063747087,0
1596209310.3769653,312.7030238475481,308.1796063747087,0
1596209310.8769653,318.7030238475481,308.1796063747087,0
1596209311.3769605,324.7029666270891,308.1796063747087,0
1596209311.8769488,330.7028264369646,308.1796063747087,0
1596209312.376966,336.70302098652513,308.1796063747087,0
1596209312.8769598,342.70295232197435,308.1796063747087,0
1596209313.3769612,348.7029780711809,308.1796063747087,0
1596209313.8769617,354.7029780711809,308.1796063747087,0
1596209314.3185017,360,308.1796063747087,1
1596209314.3185048,0,308.1796063747087,0
1596209314.8184009,6.0002393092790385,308.1796063747087,0
1596209315.318418,12.00045388600023,308.1796063747087,0
1596209315.8184,18.00023930927904,308.1796063747087,0
1596209316.3184056,24.00030511280687,308.1796063747087,0
1596209316.8184018,30.000242170301988,308.1796063747087,0
1596209317.3184135,36.00040524861009,308.1796063747087,0
1596209317.818403,42.00027650257738,308.1796063747087,0
1596209318.318406,48.00031655689867,308.1796063747087,0
1596209318.8184106,54.00036805531175,308.1796063747087,0
1596209319.3184068,60.000325139967515,308.1796063747087,0
1596209319.8183992,66.00023072621019,308.1796063747087,0
1596209320.318399,72.00022500416429,308.1796063747087,0
1596209320.8184168,78.00044244190843,308.1796063747087,0
1596209321.3184152,84.00041955372484,308.1796063747087,0
1596209321.8184114,90.0003766383806,308.1796063747087,0
1596209322.318399,96.0002192821184,308.1796063747087,0
1596209322.8184175,102.00044530293138,308.1796063747087,0
1596209323.3184025,108.00027078053148,308.1796063747087,0
1596209323.8184118,114.00037949940355,308.1796063747087,0
1596209324.0440304,116.7063092555681,308.1796063747087,0
1596209324.0440984,116.7063092555681,302.34429091193033,0
1596209324.3184152,114.16509836890054,302.34429091193033,0
1596209324.8184104,120.16504973151041,302.34429091193033,0
1596209325.318407,126.16500395514322,302.34429091193033,0
1596209325.8184104,132.16505259253336,302.34429091193033,0
1596209326.318411,138.16505831457926,302.34429091193033,0
1596209326.8183992,144.1649152634318,302.34429091193033,0
1596209327.318417,150.16512984015299,302.34429091193033,0
1596209327.8184028,156.16494673468424,302.34429091193033,0
1596209328.3184037,162.16496676184488,302.34429091193033,0
1596209328.818416,168.16512125708414,302.34429091193033,0
1596209329.3184168,174.16512984015299,302.34429091193033,0
1596209329.8184042,180.16497534491373,302.34429091193033,0
1596209330.3184035,186.16496676184488,302.34429091193033,0
1596209330.81841,192.16502970434976,302.34429091193033,0
1596209331.3184159,198.16510409094644,302.34429091193033,0
1596209331.818416,204.16512125708414,302.34429091193033,0
1596209332.3184156,210.1651126740153,302.34429091193033,0
1596209332.8184102,216.1650497315104,302.34429091193033,0
1596209333.3184094,222.16504114844156,302.34429091193033,0
1596209333.8183982,228.16489523627115,302.34429091193033,0
1596209333.9708276,229.99254530646158,302.34429091193033,0
1596209333.9708977,229.99254530646158,308.8446636466073,0
1596209334.318409,240.6653967169808,308.8446636466073,0
1596209334.8184154,246.6654768256234,308.8446636466073,0
1596209335.3183985,252.6652794150399,308.8446636466073,0
1596209335.8184083,258.66539385595786,308.8446636466073,0
1596209336.3184001,264.66529944220053,308.8446636466073,0
1596209336.8184044,270.665330913453,308.8446636466073,0
1596209337.3184032,276.6653394965218,308.8446636466073,0
1596209337.8184152,282.66547968664634,308.8446636466073,0
1596209338.3184063,288.66537668982016,308.8446636466073,0
1596209338.8184042,294.6653452185677,308.8446636466073,0
1596209339.3184075,300.665385272889,308.8446636466073,0
1596209339.8184042,306.6653394965218,308.8446636466073,0
1596209340.3184018,312.6653137473153,308.8446636466073,0
1596209340.8184152,318.66547968664634,308.8446636466073,0
1596209341.318418,324.665499713807,308.8446636466073,0
1596209341.8184133,330.6654539374398,308.8446636466073,0
1596209342.3184025,336.665330913453,308.8446636466073,0
1596209342.818415,342.66546824255454,308.8446636466073,0
1596209343.3184032,348.6653394965218,308.8446636466073,0
1596209343.8184152,354.66547968664634,308.8446636466073,0
1596209344.2630675,360,308.8446636466073,1
1596209344.26307,0,308.8446636466073,0
1596209344.762981,6.000260379700535,308.8446636466073,0
1596209345.2629862,12.000334766297215,308.8446636466073,0
1596209345.7629788,18.000248935608738,308.8446636466073,0
1596209346.262986,24.000331905274265,308.8446636466073,0
1596209346.7629714,30.000154521851414,308.8446636466073,0
1596209347.2629817,36.00027182379233,308.8446636466073,0
1596209347.7629883,42.00034048834311,308.8446636466073,0
1596209348.262974,48.000183132080906,308.8446636466073,0
1596209348.7629807,54.00026610174643,308.8446636466073,0
1596209349.262969,60.00013163366782,308.8446636466073,0
1596209349.762979,66.00024607458579,308.8446636466073,0
1596209350.2629867,72.00033762732016,308.8446636466073,0
1596209350.7629673,78.00010588446128,308.8446636466073,0
1596209351.262974,84.00018599310386,308.8446636466073,0
1596209351.7629688,90.00012591162192,308.8446636466073,0
1596209352.2629852,96.00031760015952,308.8446636466073,0
1596209352.7629814,102.00027468481528,308.8446636466073,0
1596209353.2629714,108.00014593878257,308.8446636466073,0
1596209353.7629833,114.00028898993003,308.8446636466073,0
1596209354.0292943,117.19453528204428,308.8446636466073,0
1596209354.0293653,117.19453528204428,302.98493688250505,0
1596209354.2629724,114.14043347979509,302.98493688250505,0
1596209354.7629812,120.14054505969011,302.98493688250505,0
1596209355.262985,126.1405908360573,302.98493688250505,0
1596209355.7629762,132.14047067309343,302.98493688250505,0
1596209356.2629693,138.1403762593361,302.98493688250505,0
1596209356.7629814,144.14052503252947,302.98493688250505,0
1596209357.262973,150.14044206286394,302.98493688250505,0
1596209357.7629755,156.14047925616228,302.98493688250505,0
1596209358.2629762,162.14048783923113,302.98493688250505,0
1596209358.762969,168.14040200854265,302.98493688250505,0
1596209359.262977,174.14049070025408,302.98493688250505,0
1596209359.7629735,180.14044206286394,302.98493688250505,0
1596209360.2629704,186.1404163136574,302.98493688250505,0
1596209360.7629695,192.14040773058855,302.98493688250505,0
1596209361.2629762,198.14048783923113,302.98493688250505,0
1596209361.7629743,204.14046209002458,302.98493688250505,0
1596209362.2629876,210.1406137242409,302.98493688250505,0
1596209362.7629707,216.1404105916115,302.98493688250505,0
1596209363.2629716,222.1404277577492,302.98493688250505,0
1596209363.762974,228.1404563679787,302.98493688250505,0
1596209363.9535785,230.42619340563738,302.98493688250505,0
1596209363.9536498,230.42619340563738,309.4636272122232,0
1596209364.262973,240.61913239258206,309.4636272122232,0
1596209364.76298,246.61921822327054,309.4636272122232,0
1596209365.2629676,252.61906945007718,309.4636272122232,0
1596209365.7629788,258.61919533508694,309.4636272122232,0
1596209366.2629771,264.61918389099515,309.4636272122232,0
1596209366.762981,270.61922966736233,309.4636272122232,0
1596209367.2629812,276.61923538940823,309.4636272122232,0
1596209367.7629743,282.6191466976968,309.4636272122232,0
1596209368.2629826,288.6192554165689,309.4636272122232,0
1596209368.7629738,294.61914383667386,309.4636272122232,0
1596209369.2629745,300.61914955871976,309.4636272122232,0
1596209369.7629852,306.61928402679837,309.4636272122232,0
1596209370.2629688,312.6190894772378,309.4636272122232,0
1596209370.7629752,318.61916100281155,309.4636272122232,0
1596209371.2629821,324.619249694523,309.4636272122232,0
1596209371.7629838,330.6192668606607,309.4636272122232,0
1596209372.2629876,336.6193097760049,309.4636272122232,0
1596209372.7629726,342.619135253605,309.4636272122232,0
1596209373.2629862,348.6192926098672,309.4636272122232,0
1596209373.762971,354.6191123654214,309.4636272122232,0
1596209374.2114925,360,309.4636272122232,1
1596209374.2115154,0,309.4636272122232,0
1596209374.7114048,6.00030743378079,309.4636272122232,0
1596209375.2114096,12.00037895935452,309.4636272122232,0
1596209375.7113981,18.000241630252958,309.4636272122232,0
1596209376.2113938,24.000187270816923,309.4636272122232,0
1596209376.7113934,30.00015866058743,309.4636272122232,0
1596209377.2114022,36.000290267643095,309.4636272122232,0
1596209377.7113957,42.000213020023466,309.4636272122232,0
1596209378.2114048,48.00031601684964,309.4636272122232,0
1596209378.7114046,54.00031315582669,309.4636272122232,0
1596209379.2114072,60.00034462707913,309.4636272122232,0
1596209379.7114096,66.00037895935452,309.4636272122232,0
1596209380.2114046,72.00030457275784,309.4636272122232,0
1596209380.7114081,78.00035321014798,309.4636272122232,0
1596209381.2113924,84.00017296570218,309.4636272122232,0
1596209381.7113981,90.00023304718411,309.4636272122232,0
1596209382.2113934,96.00017868774808,309.4636272122232,0
1596209382.7113974,102.00022446411526,309.4636272122232,0
1596209383.211407,108.00034176605618,309.4636272122232,0
1596209383.711397,114.00022446411526,309.4636272122232,0
1596209384.0119736,117.60564839142239,309.4636272122232,0
1596209384.0120473,117.60564839142239,303.58334479265204,0
1596209384.211399,114.11996493272773,303.58334479265204,0
1596209384.7114112,120.12010798387519,303.58334479265204,0
1596209385.2114043,126.12003073625556,303.58334479265204,0
1596209385.7114,132.11997923784247,303.58334479265204,0
1596209386.2113924,138.1198876851081,303.58334479265204,0
1596209386.7114046,144.1200221531867,303.58334479265204,0
1596209387.2113936,150.1198991291999,303.58334479265204,0
1596209387.7114084,156.12007651262275,303.58334479265204,0
1596209388.211411,162.12011084489814,303.58334479265204,0
1596209388.7114027,168.12000784807196,303.58334479265204,0
1596209389.211392,174.11987910203925,303.58334479265204,0
1596209389.7114096,180.12009367876044,303.58334479265204,0
1596209390.2114117,186.12011942796698,303.58334479265204,0
1596209390.7113981,192.11995348863593,303.58334479265204,0
1596209391.211398,198.11995348863593,303.58334479265204,0
1596209391.7114067,204.12005934648505,303.58334479265204,0
1596209392.2114112,210.12011370592109,303.58334479265204,0
1596209392.711408,216.12007079057685,303.58334479265204,0
1596209393.2114093,222.1200908177375,303.58334479265204,0
1596209393.711401,228.11998495988837,303.58334479265204,0
1596209393.9362102,230.81620440416327,303.58334479265204,0
1596209393.9362833,230.81620440416327,310.04253457244386,0
1596209394.211404,240.57920907195557,310.04253457244386,0
1596209394.7113953,246.57911465819825,310.04253457244386,0
1596209395.2113955,252.5791060751294,310.04253457244386,0
1596209395.711407,258.57924340423097,310.04253457244386,0
1596209396.211396,264.5791175192212,310.04253457244386,0
1596209396.711413,270.5793149298047,310.04253457244386,0
1596209397.2114115,276.579297763667,310.04253457244386,0
1596209397.7113936,282.57909177001466,310.04253457244386,0
1596209398.2113965,288.57912610229005,310.04253457244386,0
1596209398.7114093,294.5792805975293,310.04253457244386,0
1596209399.2114022,300.5791976278638,310.04253457244386,0
1596209399.7114098,306.5792863195752,310.04253457244386,0
1596209400.2114043,312.5792119329785,310.04253457244386,0
1596209400.7114086,318.5792462652539,310.04253457244386,0
1596209401.2114074,324.57924912627686,310.04253457244386,0
1596209401.7114034,330.5792062109326,310.04253457244386,0
1596209402.211397,336.579128963313,310.04253457244386,0
1596209402.7113948,342.5791060751294,310.04253457244386,0
1596209403.2114062,348.57924340423097,310.04253457244386,0
1596209403.7114003,354.5791518514966,310.04253457244386,0
1596209404.1632414,360,310.04253457244386,1
1596209404.1632442,0,310.04253457244386,0
1596209404.6631477,6.000132304987801,310.04253457244386,0
1596209405.1631505,12.000178081354989,310.04253457244386,0
1596209405.663157,18.00024960692872,310.04253457244386,0
1596209406.1631446,24.000109416804207,310.04253457244386,0
1596209406.6631577,30.000266773066414,310.04253457244386,0
1596209407.163153,36.00020383056153,310.04253457244386,0
1596209407.6631444,42.000083667597664,310.04253457244386,0
1596209408.1631596,48.00028107818116,310.04253457244386,0
1596209408.6631527,54.00019810851563,310.04253457244386,0
1596209409.1631577,60.000261051020516,310.04253457244386,0
1596209409.6631591,66.00027535613526,310.04253457244386,0
1596209410.1631417,72.00006364043702,310.04253457244386,0
1596209410.6631513,78.00018094237794,310.04253457244386,0
1596209411.1631606,84.00028966125001,310.04253457244386,0
1596209411.6631436,90.00009797271241,310.04253457244386,0
1596209412.16316,96.00028966125001,310.04253457244386,0
1596209412.663159,102.00027821715821,310.04253457244386,0
1596209413.1631465,108.00012372191895,310.04253457244386,0
1596209413.6631405,114.00005791839112,310.04253457244386,0
1596209413.99329,117.96036313231934,310.04253457244386,0
1596209413.9933822,117.96036313231934,304.14451641582787,0
1596209414.1631606,114.10226864361107,304.14451641582787,0
1596209414.6631486,120.10210556530296,304.14451641582787,0
1596209415.163159,126.10224575542748,304.14451641582787,0
1596209415.663148,132.10211700939476,304.14451641582787,0
1596209416.1631606,138.10226864361107,304.14451641582787,0
1596209416.663149,144.1021313145095,304.14451641582787,0
1596209417.163149,150.1021313145095,304.14451641582787,0
1596209417.6631527,156.10217995189964,304.14451641582787,0
1596209418.163154,162.10220284008324,304.14451641582787,0
1596209418.66316,168.10225147747337,304.14451641582787,0
1596209419.1631548,174.10221428417503,304.14451641582787,0
1596209419.6631594,180.10226292156517,304.14451641582787,0
1596209420.1631553,186.10221714519798,304.14451641582787,0
1596209420.663158,192.10224861645042,304.14451641582787,0
1596209421.1631596,198.10226292156517,304.14451641582787,0
1596209421.663144,204.10207695507347,304.14451641582787,0
1596209422.1631618,210.10228008770287,304.14451641582787,0
1596209422.66315,216.1021484806472,304.14451641582787,0
1596209423.163143,222.10207123302757,304.14451641582787,0
1596209423.6631432,228.10207123302757,304.14451641582787,0
1596209423.9200191,231.1828836872512,304.14451641582787,0
1596209423.9200912,231.1828836872512,310.5853722314653,0
1596209424.163158,240.54309584901904,310.5853722314653,0
1596209424.6631489,246.54299285219287,310.5853722314653,0
1596209425.163154,252.54305579469775,310.5853722314653,0
1596209425.6631486,258.542984269124,310.5853722314653,0
1596209426.1631484,264.54298713014697,310.5853722314653,0
1596209426.6631596,270.54311873720263,310.5853722314653,0
1596209427.1631424,276.54291560457324,310.5853722314653,0
1596209427.663147,282.5429728250322,310.5853722314653,0
1596209428.1631572,288.54309012697314,310.5853722314653,0
1596209428.6631553,294.54306723878955,310.5853722314653,0
1596209429.1631572,300.54309012697314,310.5853722314653,0
1596209429.6631498,306.54299857423877,310.5853722314653,0
1596209430.1631541,312.54305579469775,310.5853722314653,0
1596209430.6631415,318.5429012994585,310.5853722314653,0
1596209431.1631434,324.54292704866504,310.5853722314653,0
1596209431.6631508,330.54301574037646,310.5853722314653,0
1596209432.1631544,336.54306151674365,310.5853722314653,0
1596209432.6631453,342.5429470758257,310.5853722314653,0
1596209433.1631417,348.5429012994585,310.5853722314653,0
1596209433.6631432,354.54292132661914,310.5853722314653,0
1596209434.118001,360,310.5853722314653,1
1596209434.118004,0,310.5853722314653,0
1596209434.6179218,6.00025679872607,310.5853722314653,0
1596209435.1179028,12.000042222004879,310.5853722314653,0
1596209435.6179056,18.00007369325732,310.5853722314653,0
1596209436.117909,24.00011660860156,310.5853722314653,0
1596209436.6179142,30.000176690083492,310.5853722314653,0
1596209437.1179132,36.000165245991695,310.5853722314653,0
1596209437.6179214,42.000236771565426,310.5853722314653,0
1596209438.1179056,48.00007655428027,310.5853722314653,0
1596209438.6179123,54.00015666292285,310.5853722314653,0
1596209439.1179094,60.00011946962451,310.5853722314653,0
1596209439.61792,66.00024821565722,310.5853722314653,0
1596209440.1179123,72.0001538018999,310.5853722314653,0
1596209440.61792,78.00024249361132,310.5853722314653,0
1596209441.1179178,84.00020243929004,310.5853722314653,0
1596209441.6179163,90.00018241212939,310.5853722314653,0
1596209442.1179202,96.00025107668017,310.5853722314653,0
