Time Stamp,Phase Value,Heading,Ping?
1596210902.0772102,288.8384819030762,275,0
1596210902.0773308,288.8384819030762,328.37113857269287,0
1596210902.0869377,344.0137815475464,328.37113857269287,0
1596210902.0969186,345.8101749420166,328.37113857269287,0
1596210902.1069467,347.6154947280884,328.37113857269287,0
1596210902.116947,349.4156217575073,328.37113857269287,0
1596210902.1269097,351.20849609375,328.37113857269287,0
1596210902.1369152,353.0096101760864,328.37113857269287,0
1596210902.1469462,354.81544494628906,328.37113857269287,0
1596210902.1569188,356.6102933883667,328.37113857269287,0
1596210902.166936,358.4136390686035,328.37113857269287,0
1596210902.1759224,360,328.37113857269287,1
1596210902.175928,0,328.37113857269287,0
1596210902.1857758,1.808156967163086,328.37113857269287,0
1596210902.1957667,3.6065673828125,328.37113857269287,0
1596210902.2057753,5.408110618591309,328.37113857269287,0
1596210902.215759,7.2052764892578125,328.37113857269287,0
1596210902.2257566,9.00484561920166,328.37113857269287,0
1596210902.235762,10.805659294128418,328.37113857269287,0
1596210902.2457664,12.606430053710938,328.37113857269287,0
1596210902.2557735,14.407758712768555,328.37113857269287,0
1596210902.2657604,16.205439567565918,328.37113857269287,0
1596210902.2757714,18.007326126098633,328.37113857269287,0
1596210902.2857661,19.80638027191162,328.37113857269287,0
1596210902.295763,21.605863571166992,328.37113857269287,0
1596210902.3057764,23.408265113830566,328.37113857269287,0
1596210902.3157666,25.206503868103027,328.37113857269287,0
1596210902.3257694,27.00697422027588,328.37113857269287,0
1596210902.3357608,28.80542755126953,328.37113857269287,0
1596210902.3457727,30.60770034790039,328.37113857269287,0
1596210902.3492875,31.221647262573242,328.37113857269287,0
1596210902.3493397,31.221647262573242,304.95490312576294,0
1596210902.355757,8.988673686981201,304.95490312576294,0
1596210902.3581462,9.402763843536377,304.95490312576294,0
1596210902.3581889,9.402763843536377,297.90283024311066,0
1596210902.3657603,3.7370282411575317,297.90283024311066,0
1596210902.37577,5.538871884346008,297.90283024311066,0
1596210902.3857749,7.3395997285842896,297.90283024311066,0
1596210902.3957596,9.136937260627747,297.90283024311066,0
1596210902.4057639,10.937665104866028,297.90283024311066,0
1596210902.4157662,12.738092541694641,297.90283024311066,0
1596210902.425759,14.536846280097961,297.90283024311066,0
1596210902.4357579,16.336629986763,297.90283024311066,0
1596210902.4457622,18.13740074634552,297.90283024311066,0
1596210902.455761,19.93718445301056,297.90283024311066,0
1596210902.4657605,21.737053990364075,297.90283024311066,0
1596210902.4757617,23.537309765815735,297.90283024311066,0
1596210902.485757,25.3364497423172,297.90283024311066,0
1596210902.4957602,27.137048840522766,297.90283024311066,0
1596210902.5057743,28.939622044563293,297.90283024311066,0
1596210902.5157568,30.73644459247589,297.90283024311066,0
1596210902.5257714,32.53906071186066,297.90283024311066,0
1596210902.535773,34.33927357196808,297.90283024311066,0
1596210902.5457578,36.136611104011536,297.90283024311066,0
1596210902.5557714,37.93901264667511,297.90283024311066,0
1596210902.5657582,39.73669350147247,297.90283024311066,0
1596210902.5757759,41.53995335102081,297.90283024311066,0
1596210902.5857744,43.3395653963089,297.90283024311066,0
1596210902.5957706,45.13883411884308,297.90283024311066,0
1596210902.6057644,46.93775951862335,297.90283024311066,0
1596210902.6157606,48.73715698719025,297.90283024311066,0
1596210902.6257727,50.53934395313263,297.90283024311066,0
1596210902.6357572,52.33655273914337,297.90283024311066,0
1596210902.6457736,54.13942635059357,297.90283024311066,0
1596210902.6557605,55.93706429004669,297.90283024311066,0
1596210902.665774,57.73959457874298,297.90283024311066,0
1596210902.6757584,59.53671753406525,297.90283024311066,0
1596210902.6857722,61.33916199207306,297.90283024311066,0
1596210902.6957574,63.136542439460754,297.90283024311066,0
1596210902.7057734,64.93954479694366,297.90283024311066,0
1596210902.7157676,66.73838436603546,297.90283024311066,0
1596210902.7257702,68.53881180286407,297.90283024311066,0
1596210902.7357695,70.33863842487335,297.90283024311066,0
1596210902.745763,72.13756382465363,297.90283024311066,0
1596210902.755758,73.93661797046661,297.90283024311066,0
1596210902.7657712,75.73901951313019,297.90283024311066,0
1596210902.7757645,77.53777325153351,297.90283024311066,0
1596210902.7857592,79.3368273973465,297.90283024311066,0
1596210902.795776,81.13995850086212,297.90283024311066,0
1596210902.805757,82.93643772602081,297.90283024311066,0
1596210902.815764,84.73772346973419,297.90283024311066,0
1596210902.8257632,86.53759300708771,297.90283024311066,0
1596210902.835765,88.3378916978836,297.90283024311066,0
1596210902.8457603,90.13703167438507,297.90283024311066,0
1596210902.855761,91.93720161914825,297.90283024311066,0
1596210902.865762,93.73737156391144,297.90283024311066,0
1596210902.8757734,95.53947269916534,297.90283024311066,0
1596210902.8857708,97.33899891376495,297.90283024311066,0
1596210902.8957562,99.13625061511993,297.90283024311066,0
1596210902.9057653,100.9379655122757,297.90283024311066,0
1596210902.915774,102.73968040943146,297.90283024311066,0
1596210902.9257605,104.53706085681915,297.90283024311066,0
1596210902.9357572,106.33650124073029,297.90283024311066,0
1596210902.9457622,108.13735783100128,297.90283024311066,0
1596210902.9557564,109.93636906147003,297.90283024311066,0
1596210902.9657748,111.73975765705109,297.90283024311066,0
1596210902.975762,113.53730976581573,297.90283024311066,0
1596210902.9857721,115.33923923969269,297.90283024311066,0
1596210902.9957573,117.13649094104767,297.90283024311066,0
1596210903.0057569,118.9364892244339,297.90283024311066,0
1596210903.0157695,120.73884785175323,297.90283024311066,0
1596210903.0257561,122.53627121448517,297.90283024311066,0
1596210903.0357587,124.33678448200226,297.90283024311066,0
1596210903.0457659,126.13798439502716,297.90283024311066,0
1596210903.0557716,127.93918430805206,297.90283024311066,0
1596210903.065767,129.7382813692093,297.90283024311066,0
1596210903.0757716,131.53922379016876,297.90283024311066,0
1596210903.0857625,133.33741962909698,297.90283024311066,0
1596210903.0957618,135.1372891664505,297.90283024311066,0
1596210903.1057568,136.9363433122635,297.90283024311066,0
1596210903.115764,138.7376719713211,297.90283024311066,0
1596210903.1257563,140.5362969636917,297.90283024311066,0
1596210903.135756,142.3362523317337,297.90283024311066,0
1596210903.1457698,144.13886845111847,297.90283024311066,0
1596210903.15576,145.93702137470245,297.90283024311066,0
1596210903.165759,147.7368050813675,297.90283024311066,0
1596210903.1757746,149.53972160816193,297.90283024311066,0
1596210903.1857567,151.33637249469757,297.90283024311066,0
1596210903.1957653,153.13791573047638,297.90283024311066,0
1596210903.2057707,154.9390298128128,297.90283024311066,0
1596210903.2157586,156.73679649829865,297.90283024311066,0
1596210903.225773,158.5394126176834,297.90283024311066,0
1596210903.2357602,160.3370076417923,297.90283024311066,0
1596210903.2457614,162.13722050189972,297.90283024311066,0
1596210903.2557633,163.9376050233841,297.90283024311066,0
1596210903.2657564,165.73635876178741,297.90283024311066,0
1596210903.2757697,167.53884613513947,297.90283024311066,0
1596210903.2857656,169.3380719423294,297.90283024311066,0
1596210903.2957633,171.13759815692902,297.90283024311066,0
1596210903.3057716,172.93914139270782,297.90283024311066,0
1596210903.3157659,174.73815262317657,297.90283024311066,0
1596210903.3257658,176.53810799121857,297.90283024311066,0
1596210903.3357596,178.33694756031036,297.90283024311066,0
1596210903.345771,180.1390916109085,297.90283024311066,0
1596210903.3557732,181.93947613239288,297.90283024311066,0
1596210903.3657653,183.73805820941925,297.90283024311066,0
1596210903.3757732,185.53947269916534,297.90283024311066,0
1596210903.3857574,187.33650982379913,297.90283024311066,0
1596210903.3957572,189.13650810718536,297.90283024311066,0
1596210903.4057722,190.93929588794708,297.90283024311066,0
1596210903.4157634,192.73774921894073,297.90283024311066,0
1596210903.425772,194.5392495393753,297.90283024311066,0
1596210903.4357667,196.33834660053253,297.90283024311066,0
1596210903.4457636,198.13774406909943,297.90283024311066,0
1596210903.455773,199.93950188159943,297.90283024311066,0
1596210903.4657574,201.73645317554474,297.90283024311066,0
1596210903.4757748,203.53967010974884,297.90283024311066,0
1596210903.4857557,205.33619225025177,297.90283024311066,0
1596210903.4957674,207.1384221315384,297.90283024311066,0
1596210903.5057569,208.93640339374542,297.90283024311066,0
1596210903.5157678,210.73850452899933,297.90283024311066,0
1596210903.5257552,212.53609955310822,297.90283024311066,0
1596210903.5357673,214.3384152650833,297.90283024311066,0
1596210903.545755,216.13605320453644,297.90283024311066,0
1596210903.5557568,217.93635189533234,297.90283024311066,0
1596210903.565772,219.73926842212677,297.90283024311066,0
1596210903.5757694,221.53879463672638,297.90283024311066,0
1596210903.5857613,223.3373337984085,297.90283024311066,0
1596210903.595755,225.13613045215607,297.90283024311066,0
1596210903.605775,226.9398194551468,297.90283024311066,0
1596210903.6157668,228.73827278614044,297.90283024311066,0
1596210903.6257753,230.53981602191925,297.90283024311066,0
1596210903.6357713,232.3391705751419,297.90283024311066,0
1596210903.6457584,234.13667976856232,297.90283024311066,0
1596210903.6557672,235.93843758106232,297.90283024311066,0
1596210903.6657739,237.73959457874298,297.90283024311066,0
1596210903.6757655,239.53809082508087,297.90283024311066,0
1596210903.685771,241.33916199207306,297.90283024311066,0
1596210903.6957693,243.13881695270538,297.90283024311066,0
1596210903.7057555,244.93615448474884,297.90283024311066,0
1596210903.7157729,246.73945724964142,297.90283024311066,0
1596210903.7257702,248.5389405488968,297.90283024311066,0
1596210903.7357702,250.33893883228302,297.90283024311066,0
1596210903.7457657,252.13812172412872,297.90283024311066,0
1596210903.7557645,253.93790543079376,297.90283024311066,0
1596210903.7657683,255.73863327503204,297.90283024311066,0
1596210903.7757592,257.536957859993,297.90283024311066,0
1596210903.785761,259.3372994661331,297.90283024311066,0
1596210903.7957685,261.1387139558792,297.90283024311066,0
1596210903.8057723,262.9393130540848,297.90283024311066,0
1596210903.8157647,264.73802387714386,297.90283024311066,0
1596210903.8257596,266.53707802295685,297.90283024311066,0
1596210903.8357604,268.3371192216873,297.90283024311066,0
1596210903.8457713,270.139177441597,297.90283024311066,0
1596210903.8557591,271.9369441270828,297.90283024311066,0
1596210903.865769,273.73874485492706,297.90283024311066,0
1596210903.8757703,275.5390006303787,297.90283024311066,0
1596210903.8857584,277.33685314655304,297.90283024311066,0
1596210903.8957708,279.13908302783966,297.90283024311066,0
1596210903.9057577,280.9367209672928,297.90283024311066,0
1596210903.9157617,282.73740589618683,297.90283024311066,0
1596210903.9257615,284.53740417957306,297.90283024311066,0
1596210903.9357755,286.3398486375809,297.90283024311066,0
1596210903.9457703,288.13898861408234,297.90283024311066,0
1596210903.9557724,289.9393302202225,297.90283024311066,0
1596210903.9657605,291.7371827363968,297.90283024311066,0
1596210903.975765,293.53799641132355,297.90283024311066,0
1596210903.9857574,295.33662140369415,297.90283024311066,0
1596210903.9957676,297.1384221315384,297.90283024311066,0
1596210904.0057728,298.9394074678421,297.90283024311066,0
1596210904.0157747,300.739706158638,297.90283024311066,0
1596210904.0257578,302.53670036792755,297.90283024311066,0
1596210904.035758,304.33678448200226,297.90283024311066,0
1596210904.045761,306.1372548341751,297.90283024311066,0
1596210904.055773,307.9394418001175,297.90283024311066,0
1596210904.0657694,309.7388392686844,297.90283024311066,0
1596210904.0757728,311.5393525362015,297.90283024311066,0
1596210904.085758,313.3367329835892,297.90283024311066,0
1596210904.0957632,315.1376324892044,297.90283024311066,0
1596210904.1057637,316.93775951862335,297.90283024311066,0
1596210904.115774,318.73973190784454,297.90283024311066,0
1596210904.1257567,320.53646862506866,297.90283024311066,0
1596210904.1357653,322.3380547761917,297.90283024311066,0
1596210904.14576,324.1371089220047,297.90283024311066,0
1596210904.1557655,325.93813717365265,297.90283024311066,0
1596210904.1657677,327.7384787797928,297.90283024311066,0
1596210904.175755,329.5362025499344,297.90283024311066,0
1596210904.1857626,331.3376170396805,297.90283024311066,0
1596210904.1957617,333.1373578310013,297.90283024311066,0
1596210904.2057638,334.9377852678299,297.90283024311066,0
1596210904.2157614,336.73735439777374,297.90283024311066,0
1596210904.225764,338.53786766529083,297.90283024311066,0
1596210904.235758,340.33675014972687,297.90283024311066,0
1596210904.2457714,342.1391946077347,297.90283024311066,0
1596210904.255763,343.9376050233841,297.90283024311066,0
1596210904.2657566,345.73653042316437,297.90283024311066,0
1596210904.2757542,347.53601372241974,297.90283024311066,0
1596210904.2857578,349.336741566658,297.90283024311066,0
1596210904.29577,351.13888561725616,297.90283024311066,0
1596210904.305761,352.9373389482498,297.90283024311066,0
1596210904.315757,354.73665058612823,297.90283024311066,0
1596210904.3257577,356.5366917848587,297.90283024311066,0
1596210904.335756,358.3364325761795,297.90283024311066,0
1596210904.345111,360,297.90283024311066,1
1596210904.3451223,0,297.90283024311066,0
1596210904.3550155,1.8030911684036255,297.90283024311066,0
1596210904.3620071,3.0428725481033325,297.90283024311066,0
1596210904.3620574,3.0428725481033325,295.62067583203316,0
1596210904.3650239,1.3223941624164581,295.62067583203316,0
1596210904.3750274,3.1231220066547394,295.62067583203316,0
1596210904.3850162,4.921060353517532,295.62067583203316,0
1596210904.395026,6.722775250673294,295.62067583203316,0
1596210904.4050179,8.521357327699661,295.62067583203316,0
1596210904.4150174,10.321312695741653,295.62067583203316,0
1596210904.4250288,12.123370915651321,295.62067583203316,0
1596210904.435022,13.92216756939888,295.62067583203316,0
1596210904.4450278,15.723109990358353,295.62067583203316,0
1596210904.4550302,17.523623257875443,295.62067583203316,0
1596210904.4650297,19.323492795228958,295.62067583203316,0
1596210904.4750316,21.123834401369095,295.62067583203316,0
1596210904.4850128,22.9204423725605,295.62067583203316,0
1596210904.4950316,24.723873883485794,295.62067583203316,0
1596210904.505033,26.524043828248978,295.62067583203316,0
1596210904.5150237,28.32245424389839,295.62067583203316,0
1596210904.5250175,30.121379643678665,295.62067583203316,0
1596210904.5350316,31.923824101686478,295.62067583203316,0
1596210904.5450242,33.7225778400898,295.62067583203316,0
1596210904.5550323,35.52399232983589,295.62067583203316,0
1596210904.565015,37.320900708436966,295.62067583203316,0
1596210904.575015,39.120898991823196,295.62067583203316,0
1596210904.585013,40.92051103711128,295.62067583203316,0
1596210904.5950248,42.72265508770943,295.62067583203316,0
1596210904.605015,44.52085092663765,295.62067583203316,0
1596210904.6150172,46.3213212788105,295.62067583203316,0
1596210904.6250205,48.12183454632759,295.62067583203316,0
1596210904.6350164,49.92106035351753,295.62067583203316,0
1596210904.645031,51.723719388246536,295.62067583203316,0
1596210904.655019,53.52161481976509,295.62067583203316,0
1596210904.6650286,55.323243886232376,295.62067583203316,0
1596210904.6750264,57.12298467755318,295.62067583203316,0
1596210904.6850245,58.9226396381855,295.62067583203316,0
1596210904.6950166,60.72117879986763,295.62067583203316,0
1596210904.7050197,62.52169206738472,295.62067583203316,0
1596210904.715018,64.32134702801704,295.62067583203316,0
1596210904.725025,66.1227186024189,295.62067583203316,0
1596210904.7350247,67.92254522442818,295.62067583203316,0
1596210904.7450132,69.72052648663521,295.62067583203316,0
1596210904.7550201,71.52176931500435,295.62067583203316,0
1596210904.7650247,73.32262590527534,295.62067583203316,0
1596210904.77503,75.12356832623482,295.62067583203316,0
1596210904.7850258,76.92279413342476,295.62067583203316,0
1596210904.7950222,78.72219160199165,295.62067583203316,0
1596210904.805022,80.52210405468941,295.62067583203316,0
1596210904.815024,82.3224027454853,295.62067583203316,0
1596210904.825026,84.12283018231392,295.62067583203316,0
1596210904.8350167,85.92111185193062,295.62067583203316,0
1596210904.845019,87.72162511944771,295.62067583203316,0
1596210904.8550146,89.52076509594917,295.62067583203316,0
1596210904.8650208,91.3218791782856,295.62067583203316,0
1596210904.8750193,93.12157705426216,295.62067583203316,0
1596210904.885032,94.92389276623726,295.62067583203316,0
1596210904.8950245,96.72260358929634,295.62067583203316,0
1596210904.9050236,98.52234438061714,295.62067583203316,0
1596210904.9150233,100.32238557934761,295.62067583203316,0
1596210904.9250243,102.12251260876656,295.62067583203316,0
1596210904.935019,103.92160966992378,295.62067583203316,0
1596210904.9450285,105.7232816517353,295.62067583203316,0
1596210904.9550312,107.5237949192524,295.62067583203316,0
1596210904.965024,109.32246282696724,295.62067583203316,0
1596210904.9750326,111.12400606274605,295.62067583203316,0
1596210904.9850175,112.9213435947895,295.62067583203316,0
1596210904.9950125,114.72044065594673,295.62067583203316,0
1596210905.0050244,116.52262762188911,295.62067583203316,0
1596210905.0150292,118.32344129681587,295.62067583203316,0
1596210905.0250309,120.12382581830025,295.62067583203316,0
1596210905.0350208,121.92189291119576,295.62067583203316,0
1596210905.0450244,123.72262075543404,295.62067583203316,0
1596210905.055016,125.52098825573921,295.62067583203316,0
1596210905.0650303,127.32369020581245,295.62067583203316,0
1596210905.0750136,129.1205556690693,295.62067583203316,0
1596210905.0850203,130.92184141278267,295.62067583203316,0
1596210905.0950122,132.72033765912056,295.62067583203316,0
1596210905.105028,134.52316835522652,295.62067583203316,0
1596210905.1150248,136.3226516544819,295.62067583203316,0
1596210905.1250181,138.12144830822945,295.62067583203316,0
1596210905.1350176,139.92140367627144,295.62067583203316,0
1596210905.1450233,141.7223460972309,295.62067583203316,0
1596210905.1550126,143.52041319012642,295.62067583203316,0
1596210905.1650286,145.32332971692085,295.62067583203316,0
1596210905.1750255,147.12281301617622,295.62067583203316,0
1596210905.1850274,148.92311170697212,295.62067583203316,0
1596210905.1950262,150.72285249829292,295.62067583203316,0
1596210905.2050226,152.52220705151558,295.62067583203316,0
1596210905.2150245,154.32250574231148,295.62067583203316,0
1596210905.225025,156.1227186024189,295.62067583203316,0
1596210905.2350302,157.92361810803413,295.62067583203316,0
1596210905.245017,159.7212989628315,295.62067583203316,0
1596210905.2550187,161.52146890759468,295.62067583203316,0
1596210905.2650158,163.3209951221943,295.62067583203316,0
1596210905.275024,165.12245252728462,295.62067583203316,0
1596210905.2850132,166.92056253552437,295.62067583203316,0
1596210905.2950218,168.72210577130318,295.62067583203316,0
1596210905.3050258,170.52279070019722,295.62067583203316,0
1596210905.315017,172.32124403119087,295.62067583203316,0
1596210905.325015,174.1208989918232,295.62067583203316,0
1596210905.3350208,175.92197015881538,295.62067583203316,0
1596210905.3450294,177.72338464856148,295.62067583203316,0
1596210905.3550298,179.52346876263618,295.62067583203316,0
1596210905.3650162,181.3211067020893,295.62067583203316,0
1596210905.3750305,183.1236369907856,295.62067583203316,0
1596210905.3850236,184.92239072918892,295.62067583203316,0
1596210905.395023,186.7223460972309,295.62067583203316,0
1596210905.4050193,188.52165773510933,295.62067583203316,0
1596210905.4150274,190.3231580555439,295.62067583203316,0
1596210905.4250176,192.12135389447212,295.62067583203316,0
1596210905.4350226,193.92225340008736,295.62067583203316,0
1596210905.4450123,195.7203634083271,295.62067583203316,0
1596210905.4550157,197.52096250653267,295.62067583203316,0
1596210905.4650273,199.32306364178658,295.62067583203316,0
1596210905.4750228,201.12224653363228,295.62067583203316,0
1596210905.4850166,202.9211290180683,295.62067583203316,0
1596210905.4950209,204.72189977765083,295.62067583203316,0
1596210905.5050292,206.52335718274117,295.62067583203316,0
1596210905.5150218,208.32215383648872,295.62067583203316,0
1596210905.525023,210.1223237812519,295.62067583203316,0
1596210905.5350301,211.9236095249653,295.62067583203316,0
1596210905.5450299,213.72352197766304,295.62067583203316,0
1596210905.5550277,215.52313402295113,295.62067583203316,0
1596210905.5650117,217.32029989361763,295.62067583203316,0
1596210905.575018,219.1214568912983,295.62067583203316,0
1596210905.5850306,220.92364385724068,295.62067583203316,0
1596210905.595013,222.72046640515327,295.62067583203316,0
1596210905.605021,224.5219238102436,295.62067583203316,0
1596210905.6150162,226.32102087140083,295.62067583203316,0
1596210905.625017,228.12119081616402,295.62067583203316,0
1596210905.6350138,229.92063120007515,295.62067583203316,0
1596210905.6450212,231.72195985913277,295.62067583203316,0
1596210905.6550124,233.52037027478218,295.62067583203316,0
1596210905.6650155,235.32096937298775,295.62067583203316,0
1596210905.6750193,237.12161138653755,295.62067583203316,0
1596210905.6850195,238.92160966992378,295.62067583203316,0
1596210905.695032,240.72388246655464,295.62067583203316,0
1596210905.7050245,242.52259328961372,295.62067583203316,0
1596210905.715028,244.32314947247505,295.62067583203316,0
1596210905.7250295,246.12344816327095,295.62067583203316,0
1596210905.735031,247.9237039387226,295.62067583203316,0
1596210905.7450228,249.72228601574898,295.62067583203316,0
1596210905.7550182,251.52142599225044,295.62067583203316,0
1596210905.7650168,253.32120969891548,295.62067583203316,0
1596210905.7750187,255.12155130505562,295.62067583203316,0
1596210905.7850223,256.9221933186054,295.62067583203316,0
1596210905.795024,258.7224920094013,295.62067583203316,0
1596210905.8050187,260.52146032452583,295.62067583203316,0
1596210905.8150148,262.32090070843697,295.62067583203316,0
1596210905.8250134,264.12064149975777,295.62067583203316,0
1596210905.83503,265.92351511120796,295.62067583203316,0
1596210905.8450282,267.7232129871845,295.62067583203316,0
1596210905.855026,269.5228250324726,295.62067583203316,0
1596210905.8650234,271.32239416241646,295.62067583203316,0
1596210905.875027,273.122993260622,295.62067583203316,0
1596210905.885017,274.9212320148945,295.62067583203316,0
1596210905.8950157,276.72092989087105,295.62067583203316,0
1596210905.9050224,278.5222156345844,295.62067583203316,0
1596210905.915023,280.3223855793476,295.62067583203316,0
1596210905.9250205,282.1217830479145,295.62067583203316,0
1596210905.935026,283.92281129956245,295.62067583203316,0
1596210905.945024,285.722509175539,295.62067583203316,0
1596210905.9550245,287.5225503742695,295.62067583203316,0
1596210905.9650278,289.3231923878193,295.62067583203316,0
1596210905.975026,291.1228473484516,295.62067583203316,0
1596210905.9850235,292.92241647839546,295.62067583203316,0
1596210905.9950218,294.7220714390278,295.62067583203316,0
1596210906.0050128,296.52043893933296,295.62067583203316,0
1596210906.015016,298.32108095288277,295.62067583203316,0
1596210906.0250266,300.1229675114155,295.62067583203316,0
1596210906.0350173,301.9212491810322,295.62067583203316,0
1596210906.0450165,303.7211187183857,295.62067583203316,0
1596210906.055017,305.5212886631489,295.62067583203316,0
1596210906.0650256,307.32278898358345,295.62067583203316,0
1596210906.0750198,309.12175729870796,295.62067583203316,0
1596210906.0850153,310.92094019055367,295.62067583203316,0
1596210906.0950286,312.7233846485615,295.62067583203316,0
1596210906.1050289,314.52329710125923,295.62067583203316,0
1596210906.1150172,316.32127836346626,295.62067583203316,0
1596210906.1250277,318.12312200665474,295.62067583203316,0
1596210906.1350276,319.92320612072945,295.62067583203316,0
1596210906.1450245,321.72251775860786,295.62067583203316,0
1596210906.155029,323.52337434887886,295.62067583203316,0
1596210906.1650176,325.3213556110859,295.62067583203316,0
1596210906.1750224,327.12216928601265,295.62067583203316,0
1596210906.1850154,328.92100885510445,295.62067583203316,0
1596210906.1950283,330.72323873639107,295.62067583203316,0
1596210906.2050285,332.52336576581,295.62067583203316,0
1596210906.2150133,334.320617467165,295.62067583203316,0
1596210906.2250245,336.12254694104195,295.62067583203316,0
1596210906.2350163,337.9210861027241,295.62067583203316,0
1596210906.2450302,339.7235734760761,295.62067583203316,0
1596210906.255016,341.52108266949654,295.62067583203316,0
1596210906.265023,343.32228258252144,295.62067583203316,0
1596210906.2750182,345.1214225590229,295.62067583203316,0
1596210906.2850146,346.92077711224556,295.62067583203316,0
1596210906.2950249,348.72262075543404,295.62067583203316,0
1596210906.3050227,350.52227571606636,295.62067583203316,0
1596210906.3150282,352.3233039677143,295.62067583203316,0
1596210906.325019,354.12154272198677,295.62067583203316,0
1596210906.3350265,355.92295721173286,295.62067583203316,0
1596210906.3450193,357.7217109501362,295.62067583203316,0
1596210906.3550243,359.52252462506294,295.62067583203316,0
1596210906.3580904,360,295.62067583203316,1
1596210906.358094,0,295.62067583203316,0
1596210906.367678,1.8002136051654816,295.62067583203316,0
1596210906.3683565,1.9032104313373566,295.62067583203316,0
1596210906.3684034,1.9032104313373566,294.19326800853014,0
1596210906.377696,2.1760227158665657,294.19326800853014,0
1596210906.3876922,3.9754201844334602,294.19326800853014,0
1596210906.3976948,5.7758476212620735,294.19326800853014,0
1596210906.4076815,7.57344264537096,294.19326800853014,0
1596210906.4176953,9.375930018723011,294.19326800853014,0
1596210906.427696,11.176057048141956,294.19326800853014,0
1596210906.4376948,12.975797839462757,294.19326800853014,0
1596210906.4476972,14.776268191635609,294.19326800853014,0
1596210906.4576926,16.575451083481312,294.19326800853014,0
1596210906.4676912,18.375191874802113,294.19326800853014,0
1596210906.4776928,20.17553348094225,294.19326800853014,0
1596210906.4876847,21.97402972728014,294.19326800853014,0
1596210906.4976923,23.775401301681995,294.19326800853014,0
1596210906.5076962,25.57608623057604,294.19326800853014,0
1596210906.517677,27.372608371078968,294.19326800853014,0
1596210906.5276854,29.17410869151354,294.19326800853014,0
1596210906.5376947,30.97586650401354,294.19326800853014,0
1596210906.547677,32.77260322123766,294.19326800853014,0
1596210906.557681,34.57341689616442,294.19326800853014,0
1596210906.567697,36.376247592270374,294.19326800853014,0
1596210906.577682,38.17354220896959,294.19326800853014,0
1596210906.5876958,39.976029582321644,294.19326800853014,0
1596210906.5976894,41.7748262360692,294.19326800853014,0
1596210906.607696,43.57606906443834,294.19326800853014,0
1596210906.617682,45.37349242717028,294.19326800853014,0
1596210906.6276858,47.174263186752796,294.19326800853014,0
1596210906.637695,48.97584933787584,294.19326800853014,0
1596210906.6476932,50.77550429850817,294.19326800853014,0
1596210906.657694,52.57576007395983,294.19326800853014,0
1596210906.6676898,54.37490005046129,294.19326800853014,0
1596210906.6776874,56.17446918040514,294.19326800853014,0
1596210906.6876779,57.972879596054554,294.19326800853014,0
1596210906.6976812,59.77330703288317,294.19326800853014,0
1596210906.7076771,61.57266158610582,294.19326800853014,0
1596210906.7176914,63.37523479014635,294.19326800853014,0
1596210906.7276824,65.17355937510729,294.19326800853014,0
1596210906.7376876,66.97445888072252,294.19326800853014,0
1596210906.7476919,68.77527255564928,294.19326800853014,0
1596210906.7576897,70.57488460093737,294.19326800853014,0
1596210906.7676897,72.37496871501207,294.19326800853014,0
1596210906.7776916,74.17526740580797,294.19326800853014,0
1596210906.7876937,75.97565192729235,294.19326800853014,0
1596210906.7976773,77.77268905192614,294.19326800853014,0
1596210906.8076835,79.57380313426256,294.19326800853014,0
1596210906.8176868,81.37431640177965,294.19326800853014,0
1596210906.827683,83.17371387034655,294.19326800853014,0
1596210906.83768,84.97324008494616,294.19326800853014,0
1596210906.8476944,86.7757274582982,294.19326800853014,0
1596210906.857691,88.57516784220934,294.19326800853014,0
1596210906.867687,90.37439364939928,294.19326800853014,0
1596210906.8776894,92.1748210862279,294.19326800853014,0
1596210906.8876834,93.97374648600817,294.19326800853014,0
1596210906.8976943,95.7757617905736,294.19326800853014,0
1596210906.9076805,97.57327098399401,294.19326800853014,0
1596210906.9176846,99.37399882823229,294.19326800853014,0
1596210906.9276876,101.17459792643785,294.19326800853014,0
1596210906.9376779,102.97275085002184,294.19326800853014,0
1596210906.9476871,104.77450866252184,294.19326800853014,0
1596210906.9576883,106.57467860728502,294.19326800853014,0
1596210906.9676893,108.3748485520482,294.19326800853014,0
1596210906.977695,110.17574805766344,294.19326800853014,0
1596210906.9876833,111.97381515055895,294.19326800853014,0
1596210906.997692,113.77531547099352,294.19326800853014,0
1596210907.0076785,115.5729104951024,294.19326800853014,0
1596210907.0176766,117.37260837107897,294.19326800853014,0
1596210907.0276854,119.17415160685778,294.19326800853014,0
1596210907.0376852,120.97410697489977,294.19326800853014,0
1596210907.0476892,122.77487773448229,294.19326800853014,0
1596210907.0576859,124.57423228770494,294.19326800853014,0
1596210907.0676966,126.37611884623766,294.19326800853014,0
1596210907.0776923,128.17538756877184,294.19326800853014,0
1596210907.0876782,129.9729396775365,294.19326800853014,0
1596210907.0976958,131.7759420350194,294.19326800853014,0
1596210907.1076813,133.57336539775133,294.19326800853014,0
1596210907.1176956,135.37589568644762,294.19326800853014,0
1596210907.1276865,137.1743919327855,294.19326800853014,0
1596210907.1376872,138.97451896220446,294.19326800853014,0
1596210907.147695,140.7757617905736,294.19326800853014,0
1596210907.1576872,142.57447261363268,294.19326800853014,0
1596210907.1676846,144.3739988282323,294.19326800853014,0
1596210907.1776958,146.175885386765,294.19326800853014,0
1596210907.1876955,147.975840754807,294.19326800853014,0
1596210907.1976843,149.77395076304674,294.19326800853014,0
1596210907.2076797,151.57304782420397,294.19326800853014,0
1596210907.2176905,153.37502021342516,294.19326800853014,0
1596210907.2276902,155.17497558146715,294.19326800853014,0
1596210907.2376788,156.97295684367418,294.19326800853014,0
1596210907.2476907,158.77501506358385,294.19326800853014,0
1596210907.257676,160.57239551097155,294.19326800853014,0
1596210907.2676954,162.37582702189684,294.19326800853014,0
1596210907.2776897,164.17488116770983,294.19326800853014,0
1596210907.287685,165.9740211442113,294.19326800853014,0
1596210907.297693,167.77539271861315,294.19326800853014,0
1596210907.30769,169.57466144114733,294.19326800853014,0
1596210907.3176775,171.3726856186986,294.19326800853014,0
1596210907.327685,173.1741001084447,294.19326800853014,0
1596210907.3376896,174.97478503733873,294.19326800853014,0
1596210907.3476799,176.77310962229967,294.19326800853014,0
1596210907.3576927,178.57538241893053,294.19326800853014,0
1596210907.36768,180.37314910441637,294.19326800853014,0
1596210907.377676,182.17241782695055,294.19326800853014,0
1596210907.3876846,183.97396106272936,294.19326800853014,0
1596210907.3976786,185.77288646250963,294.19326800853014,0
1596210907.4076865,187.57434386759996,294.19326800853014,0
1596210907.4176896,189.37477130442858,294.19326800853014,0
1596210907.4276862,191.1742975190282,294.19326800853014,0
1596210907.4376874,192.9745103791356,294.19326800853014,0
1596210907.4476929,194.77540988475084,294.19326800853014,0
1596210907.4576929,196.57540816813707,294.19326800853014,0
1596210907.4676876,198.3745052292943,294.19326800853014,0
1596210907.4776826,200.17364520579576,294.19326800853014,0
1596210907.48768,201.97317142039537,294.19326800853014,0
1596210907.4976816,203.7735130265355,294.19326800853014,0
1596210907.5076828,205.57364005595446,294.19326800853014,0
1596210907.517682,207.3735525086522,294.19326800853014,0
1596210907.5276797,209.17312163859606,294.19326800853014,0
1596210907.5376825,210.9735919907689,294.19326800853014,0
1596210907.547685,212.77401942759752,294.19326800853014,0
1596210907.5576878,214.5745326951146,294.19326800853014,0
1596210907.5676756,216.37242812663317,294.19326800853014,0
1596210907.5776887,218.17461509257555,294.19326800853014,0
1596210907.5876963,219.97594375163317,294.19326800853014,0
1596210907.597685,221.7740537598729,294.19326800853014,0
1596210907.6076941,223.57555408030748,294.19326800853014,0
1596210907.6176906,225.37499446421862,294.19326800853014,0
1596210907.6276915,227.17507857829332,294.19326800853014,0
1596210907.6376956,228.97584933787584,294.19326800853014,0
1596210907.6476758,230.77237147837877,294.19326800853014,0
1596210907.6576946,232.57567424327135,294.19326800853014,0
1596210907.6676857,234.37408465892076,294.19326800853014,0
1596210907.677676,236.17249507457018,294.19326800853014,0
1596210907.6876788,237.97287959605455,294.19326800853014,0
1596210907.697694,239.7755815461278,294.19326800853014,0
1596210907.707679,241.5729619935155,294.19326800853014,0
1596210907.7176855,243.37399024516344,294.19326800853014,0
1596210907.7276921,245.17519015818834,294.19326800853014,0
1596210907.737697,246.9760038331151,294.19326800853014,0
1596210907.7476888,248.77458591014147,294.19326800853014,0
1596210907.7576802,250.57316798716784,294.19326800853014,0
1596210907.7676923,252.37526912242174,294.19326800853014,0
1596210907.7776914,254.17509574443102,294.19326800853014,0
1596210907.7876837,255.9738065674901,294.19326800853014,0
1596210907.7976768,257.7725603058934,294.19326800853014,0
1596210907.807693,259.5753910019994,294.19326800853014,0
1596210907.8176768,261.3725568726659,294.19326800853014,0
1596210907.8276815,263.1734134629369,294.19326800853014,0
1596210907.8376863,264.9741842225194,294.19326800853014,0
1596210907.847695,266.77577037364244,294.19326800853014,0
1596210907.8576806,268.5733224824071,294.19326800853014,0
1596210907.8676956,270.37580985575914,294.19326800853014,0
1596210907.8776805,272.17331904917955,294.19326800853014,0
1596210907.8876834,273.97370357066393,294.19326800853014,0
1596210907.897694,275.7756759598851,294.19326800853014,0
1596210907.9076948,277.5757171586156,294.19326800853014,0
1596210907.9176824,279.37348384410143,294.19326800853014,0
1596210907.9276853,281.17404002696276,294.19326800853014,0
1596210907.9376879,282.97446746379137,294.19326800853014,0
1596210907.9476826,284.7734786942601,294.19326800853014,0
1596210907.9576838,286.5737344697118,294.19326800853014,0
1596210907.967676,288.3724882081151,294.19326800853014,0
1596210907.977685,290.17394561320543,294.19326800853014,0
1596210907.987676,291.9724418595433,294.19326800853014,0
1596210907.9976952,293.77578753978014,294.19326800853014,0
1596210908.0076938,295.5754854157567,294.19326800853014,0
1596210908.0176842,297.37381000071764,294.19326800853014,0
1596210908.0276852,299.17402286082506,294.19326800853014,0
1596210908.0376835,300.9736778214574,294.19326800853014,0
1596210908.0476892,302.77470607310534,294.19326800853014,0
1596210908.0576873,304.57436103373766,294.19326800853014,0
1596210908.0676951,306.37577552348375,294.19326800853014,0
1596210908.0776858,308.1741001084447,294.19326800853014,0
1596210908.0876758,309.9724246934056,294.19326800853014,0
1596210908.097689,311.77465457469225,294.19326800853014,0
1596210908.1076763,313.57250709086657,294.19326800853014,0
1596210908.117677,315.3725912049413,294.19326800853014,0
1596210908.127681,317.1732761338353,294.19326800853014,0
1596210908.1376896,318.9747764542699,294.19326800853014,0
1596210908.1476884,320.7745601609349,294.19326800853014,0
1596210908.1576774,322.5727130845189,294.19326800853014,0
1596210908.1676912,324.37507171183825,294.19326800853014,0
1596210908.1776757,326.1724092438817,294.19326800853014,0
1596210908.1876862,327.9741670563817,294.19326800853014,0
1596210908.1976953,329.7758390381932,294.19326800853014,0
1596210908.2076788,331.5728332474828,294.19326800853014,0
1596210908.2176836,333.3736898377538,294.19326800853014,0
1596210908.2276893,335.1746751740575,294.19326800853014,0
1596210908.2376914,336.97505969554186,294.19326800853014,0
1596210908.2476954,338.77578753978014,294.19326800853014,0
1596210908.257686,340.57419795542955,294.19326800853014,0
1596210908.2676945,342.3756553605199,294.19326800853014,0
1596210908.2776842,344.17380828410387,294.19326800853014,0
1596210908.2876823,345.9734632447362,294.19326800853014,0
1596210908.2976909,347.77504939585924,294.19326800853014,0
1596210908.3076763,349.5723869279027,294.19326800853014,0
1596210908.3176858,351.3740589097142,294.19326800853014,0
1596210908.3276818,353.17337054759264,294.19326800853014,0
1596210908.337689,354.9746133759618,294.19326800853014,0
1596210908.347682,356.77341002970934,294.19326800853014,0
1596210908.3576794,358.57293624430895,294.19326800853014,0
1596210908.365719,360,294.19326800853014,1
1596210908.365722,0,294.19326800853014,0
1596210908.375618,1.802058406174183,294.19326800853014,0
1596210908.3784583,2.29476947337389,294.19326800853014,0
1596210908.3785095,2.29476947337389,292.4721909034997,0
1596210908.3856173,1.8807650078088045,292.4721909034997,0
1596210908.3956318,3.6834669578820467,292.4721909034997,0
1596210908.405625,5.482177780941129,292.4721909034997,0
1596210908.4156177,7.280888604000211,292.4721909034997,0
1596210908.4248056,8.919181870296597,292.4721909034997,0
1596210908.4248483,8.919181870296597,285.7828045007773,0
1596210908.4256275,2.3932600137777627,285.7828045007773,0
1596210908.4356294,4.193558704573661,285.7828045007773,0
1596210908.445629,5.993471157271415,285.7828045007773,0
1596210908.4556205,7.792010318953544,285.7828045007773,0
1596210908.4656343,9.594411861617118,285.7828045007773,0
1596210908.4756203,11.391963970381767,285.7828045007773,0
1596210908.48563,13.193678867537528,285.7828045007773,0
1596210908.4956348,14.994535457808524,285.7828045007773,0
1596210908.50563,16.79367543430999,285.7828045007773,0
1596210908.5156336,18.59440327854827,285.7828045007773,0
1596210908.5256221,20.392341625411063,285.7828045007773,0
1596210908.5356271,22.19315530033782,285.7828045007773,0
1596210908.5456295,23.993625652510673,285.7828045007773,0
1596210908.555617,25.791349422652274,285.7828045007773,0
1596210908.5656302,27.593793880660087,285.7828045007773,0
1596210908.575631,29.393877994734794,285.7828045007773,0
1596210908.5856276,31.19323254795745,285.7828045007773,0
1596210908.5956206,32.99198628636077,285.7828045007773,0
1596210908.6056302,34.79378701420501,285.7828045007773,0
1596210908.6156213,36.592154514510185,285.7828045007773,0
1596210908.6256266,38.393139850813895,285.7828045007773,0
1596210908.6356313,40.19399644108489,285.7828045007773,0
1596210908.6456316,41.993951809126884,285.7828045007773,0
1596210908.6556294,43.79360676975921,285.7828045007773,0
1596210908.6656158,45.591201793868095,285.7828045007773,0
1596210908.6756258,47.392959606368095,285.7828045007773,0
1596210908.6856272,49.193215381819755,285.7828045007773,0
1596210908.6956224,50.99231244297698,285.7828045007773,0
1596210908.705627,52.79316903324798,285.7828045007773,0
1596210908.7156262,54.592995655257255,285.7828045007773,0
1596210908.725632,56.39406682224944,285.7828045007773,0
1596210908.735628,58.19333554478362,285.7828045007773,0
1596210908.745622,59.992303859908134,285.7828045007773,0
1596210908.7556334,61.7943620798178,285.7828045007773,0
1596210908.7656279,63.59333039494231,285.7828045007773,0
1596210908.7756207,65.39199830265716,285.7828045007773,0
1596210908.7856157,67.19113827915862,285.7828045007773,0
1596210908.7956207,68.99199486942962,285.7828045007773,0
1596210908.8056178,70.79152108402923,285.7828045007773,0
1596210908.8156195,72.59181977482513,285.7828045007773,0
1596210908.8256152,74.39095975132659,285.7828045007773,0
1596210908.8356283,76.19336129399016,285.7828045007773,0
1596210908.8456259,77.99297333927825,285.7828045007773,0
1596210908.855622,79.79228497715667,285.7828045007773,0
1596210908.8656225,81.59232617588714,285.7828045007773,0
1596210908.8756337,83.39429856510833,285.7828045007773,0
1596210908.8856144,85.1908636209555,285.7828045007773,0
1596210908.8956318,86.99403763981536,285.7828045007773,0
1596210908.9056182,88.79158974858001,285.7828045007773,0
1596210908.9156318,90.59399129124358,285.7828045007773,0
1596210908.9256272,92.39317418308929,285.7828045007773,0
1596210908.9356256,94.19287205906585,285.7828045007773,0
1596210908.9456155,95.99115372868255,285.7828045007773,0
1596210908.9556165,97.79119492741302,285.7828045007773,0
1596210908.9656239,99.59256650181487,285.7828045007773,0
1596210908.9756236,101.3925647852011,285.7828045007773,0
1596210908.9856164,103.19118977757171,285.7828045007773,0
1596210908.9956212,104.99208928318694,285.7828045007773,0
1596210909.0056193,106.79174424381927,285.7828045007773,0
1596210909.0156157,108.5911846277304,285.7828045007773,0
1596210909.02563,110.39371491642669,285.7828045007773,0
1596210909.0356302,112.1937990305014,285.7828045007773,0
1596210909.0456212,113.99212361546233,285.7828045007773,0
1596210909.0556273,115.79323769779876,285.7828045007773,0
1596210909.0656264,117.5930214044638,285.7828045007773,0
1596210909.075619,119.39168931217864,285.7828045007773,0
1596210909.0856159,121.19112969608977,285.7828045007773,0
1596210909.095628,122.99331666203216,285.7828045007773,0
1596210909.1056302,124.79374409886077,285.7828045007773,0
1596210909.1156244,126.59266949864104,285.7828045007773,0
1596210909.1256347,128.39451314182952,285.7828045007773,0
1596210909.1356254,130.19292355747893,285.7828045007773,0
1596210909.1456192,131.99176312657073,285.7828045007773,0
1596210909.1556256,133.79283429356292,285.7828045007773,0
1596210909.1656313,135.5939054605551,285.7828045007773,0
1596210909.1756306,137.39377499790862,285.7828045007773,0
1596210909.1856186,139.19171334477141,285.7828045007773,0
1596210909.1956155,140.9911108133383,285.7828045007773,0
1596210909.2056208,142.79205323429778,285.7828045007773,0
1596210909.2156234,144.5924806711264,285.7828045007773,0
1596210909.225621,146.39204980107024,285.7828045007773,0
1596210909.235634,148.19449425907806,285.7828045007773,0
1596210909.2456334,149.9942779657431,285.7828045007773,0
1596210909.2556279,151.79333211155608,285.7828045007773,0
1596210909.2656155,153.59105588169768,285.7828045007773,0
1596210909.275617,155.39131165714934,285.7828045007773,0
1596210909.2856221,157.19225407810882,285.7828045007773,0
1596210909.2956333,158.99431229801849,285.7828045007773,0
1596210909.3056197,160.79177857609466,285.7828045007773,0
1596210909.3156145,162.59091855259612,285.7828045007773,0
1596210909.3256216,164.39216138096526,285.7828045007773,0
1596210909.335627,166.19314671726897,285.7828045007773,0
1596210909.3456304,167.99378873081878,285.7828045007773,0
1596210909.3556194,169.7917699930258,285.7828045007773,0
1596210909.3656223,171.5922832605429,285.7828045007773,0
1596210909.3756227,173.3923673746176,285.7828045007773,0
1596210909.3856213,175.19215108128265,285.7828045007773,0
1596210909.39562,176.9918489572592,285.7828045007773,0
1596210909.405633,178.79425049992278,285.7828045007773,0
1596210909.4156272,180.59317589970306,285.7828045007773,0
1596210909.4256167,182.39132882328704,285.7828045007773,0
1596210909.435623,184.19239999027923,285.7828045007773,0
1596210909.4456189,185.99171162815765,285.7828045007773,0
1596210909.4556184,187.79158116551116,285.7828045007773,0
1596210909.4656177,189.59149361820891,285.7828045007773,0
1596210909.4756327,191.39415265293792,285.7828045007773,0
1596210909.4856236,193.1925201532431,285.7828045007773,0
1596210909.4956238,194.9926042673178,285.7828045007773,0
1596210909.5056314,196.79397584171966,285.7828045007773,0
1596210909.5156262,198.59302998753265,285.7828045007773,0
1596210909.5256317,200.3940582391806,285.7828045007773,0
1596210909.5356212,202.1921253320761,285.7828045007773,0
1596210909.545615,203.9909649011679,285.7828045007773,0
1596210909.5556254,205.7929372903891,285.7828045007773,0
1596210909.5656152,207.5910043832846,285.7828045007773,0
1596210909.575632,209.39413548680022,285.7828045007773,0
1596210909.5856326,211.1941766855307,285.7828045007773,0
1596210909.5956244,212.99271584721282,285.7828045007773,0
1596210909.6056223,214.79228497715667,285.7828045007773,0
1596210909.6156156,216.59112454624847,285.7828045007773,0
1596210909.6256294,218.39356900425628,285.7828045007773,0
1596210909.6356337,220.1943397638388,285.7828045007773,0
1596210909.6456227,221.9924068567343,285.7828045007773,0
1596210909.6556158,223.7911176797934,285.7828045007773,0
1596210909.6656218,225.59218884678558,285.7828045007773,0
1596210909.6756153,227.3910713312216,285.7828045007773,0
1596210909.685634,229.19441701145843,285.7828045007773,0
1596210909.6956275,230.99325658055022,285.7828045007773,0
1596210909.7056231,232.79248238774016,285.7828045007773,0
1596210909.7156181,234.59153653355315,285.7828045007773,0
1596210909.725628,236.3933372613974,285.7828045007773,0
1596210909.7356136,238.19080353947356,285.7828045007773,0
1596210909.745624,239.99264718266204,285.7828045007773,0
1596210909.755615,241.79097176762298,285.7828045007773,0
1596210909.7656233,243.5925150034018,285.7828045007773,0
1596210909.7756338,245.3944015619345,285.7828045007773,0
1596210909.785634,247.19439984532073,285.7828045007773,0
1596210909.7956138,248.99079323979095,285.7828045007773,0
1596210909.8056192,250.79177857609466,285.7828045007773,0
1596210909.8156173,252.59143353672698,285.7828045007773,0
1596210909.825621,254.3920755502768,285.7828045007773,0
1596210909.8356256,256.1929321405478,285.7828045007773,0
1596210909.8456268,257.99310208531097,285.7828045007773,0
1596210909.8556285,259.7934436914511,285.7828045007773,0
1596210909.8656256,261.59288407536224,285.7828045007773,0
1596210909.8756282,263.3933973428793,285.7828045007773,0
1596210909.8856242,265.1926660654135,285.7828045007773,0
1596210909.8956158,266.99111939640716,285.7828045007773,0
1596210909.9056203,268.79197598667815,285.7828045007773,0
1596210909.9156244,270.5927467462607,285.7828045007773,0
1596210909.9256258,272.39300252171233,285.7828045007773,0
1596210909.9356208,274.1920566675253,285.7828045007773,0
1596210909.9456303,275.99372864933684,285.7828045007773,0
1596210909.955622,277.792267811019,285.7828045007773,0
1596210909.9656293,279.59363938542083,285.7828045007773,0
1596210909.975614,281.39084817143157,285.7828045007773,0
1596210909.985631,283.1938505289145,285.7828045007773,0
1596210909.9956286,284.99341965885833,285.7828045007773,0
1596210910.0056329,286.79419041844085,285.7828045007773,0
1596210910.0156295,288.5936737176962,285.7828045007773,0
1596210910.0256164,290.39122582646087,285.7828045007773,0
1596210910.0356293,292.1935844537802,285.7828045007773,0
1596210910.0456204,293.9919948694296,285.7828045007773,0
1596210910.0556173,295.79143525334075,285.7828045007773,0
1596210910.0656161,297.59117604466155,285.7828045007773,0
1596210910.0756216,299.3922042963095,285.7828045007773,0
1596210910.085616,301.1912584421225,285.7828045007773,0
1596210910.095631,302.99387456150725,285.7828045007773,0
1596210910.1056328,304.7942161676474,285.7828045007773,0
1596210910.1156137,306.59078122349456,285.7828045007773,0
1596210910.1256135,308.3907795068808,285.7828045007773,0
1596210910.1356244,310.19270898075774,285.7828045007773,0
1596210910.1456172,311.9914198038168,285.7828045007773,0
1596210910.1556332,313.7942504999228,285.7828045007773,0
1596210910.165615,315.5909872171469,285.7828045007773,0
1596210910.1756272,317.3932170984335,285.7828045007773,0
1596210910.1856139,319.19072629185393,285.7828045007773,0
1596210910.1956258,320.99295617314056,285.7828045007773,0
1596210910.205624,322.7926540491171,285.7828045007773,0
1596210910.2156308,324.59389687748626,285.7828045007773,0
1596210910.2256167,326.3913202402182,285.7828045007773,0
1596210910.2356198,328.19191933842376,285.7828045007773,0
1596210910.2456264,329.9930334207602,285.7828045007773,0
1596210910.2556145,331.79092885227874,285.7828045007773,0
1596210910.2656126,333.59058381291106,285.7828045007773,0
1596210910.2756197,335.3918266412802,285.7828045007773,0
1596210910.2856145,337.19096661778167,285.7828045007773,0
1596210910.2956154,338.9910936472006,285.7828045007773,0
1596210910.3056152,340.79100609989837,285.7828045007773,0
1596210910.315627,342.5931501504965,285.7828045007773,0
1596210910.3256223,344.392290126998,285.7828045007773,0
1596210910.3356173,346.19143010349944,285.7828045007773,0
1596210910.3456237,347.99263001652434,285.7828045007773,0
1596210910.3556242,349.7926712152548,285.7828045007773,0
1596210910.3656292,351.5935278055258,285.7828045007773,0
1596210910.3756225,353.39232445927337,285.7828045007773,0
1596210910.3856146,355.1909923669882,285.7828045007773,0
1596210910.395631,356.9939518091269,285.7828045007773,0
1596210910.4056172,358.79141808720306,285.7828045007773,0
1596210910.4124289,360,285.7828045007773,1
1596210910.4124317,0,285.7828045007773,0
1596210910.4136596,0.22208691807463765,285.7828045007773,0
1596210910.413698,0.22208691807463765,285.6162393122213,0
1596210910.4187522,0.9763991861836985,285.6162393122213,0
1596210910.4187865,0.9763991861836985,284.8839399225835,0
1596210910.4223397,0.9025499231938738,284.8839399225835,0
1596210910.432338,2.7022477991704363,284.8839399225835,0
1596210910.4423397,4.502546489966335,284.8839399225835,0
1596210910.4523358,6.301943958533229,284.8839399225835,0
1596210910.4623497,8.104345501196804,284.8839399225835,0
1596210910.4723444,9.90344256235403,284.8839399225835,0
1596210910.4823463,11.703741253149929,284.8839399225835,0
1596210910.4923437,13.503267467749538,284.8839399225835,0
1596210910.5023475,15.30399531198782,284.8839399225835,0
1596210910.512337,17.102062404883327,284.8839399225835,0
1596210910.5223458,18.903691471350612,284.8839399225835,0
1596210910.5323446,20.703389347327175,284.8839399225835,0
1596210910.5423527,22.504889667761745,284.8839399225835,0
1596210910.5523345,24.301712215674343,284.8839399225835,0
1596210910.5623376,26.102139652502956,284.8839399225835,0
1596210910.5723484,27.904197872412624,284.8839399225835,0
1596210910.5823367,29.70205038858694,284.8839399225835,0
1596210910.592334,31.501619518530788,284.8839399225835,0
1596210910.6023524,33.30483645273489,284.8839399225835,0
1596210910.6123445,35.10350436044973,284.8839399225835,0
1596210910.6223354,36.90187186075491,284.8839399225835,0
1596210910.6323426,38.70302885843557,284.8839399225835,0
1596210910.6423495,40.50435751749319,284.8839399225835,0
1596210910.6523514,42.30469912363333,284.8839399225835,0
1596210910.6623352,44.10182207895559,284.8839399225835,0
1596210910.6723433,45.903279484045925,284.8839399225835,0
1596210910.6823409,47.702762783301296,284.8839399225835,0
1596210910.6923497,49.50447768045706,284.8839399225835,0
1596210910.7023365,51.30198687387747,284.8839399225835,0
1596210910.7123373,53.10211390329641,284.8839399225835,0
1596210910.7223377,54.90224093271536,284.8839399225835,0
1596210910.7323341,56.701595485938014,284.8839399225835,0
1596210910.7423472,58.50391119791311,284.8839399225835,0
1596210910.7523417,60.30292242838186,284.8839399225835,0
1596210910.7623453,62.10356444193167,284.8839399225835,0
1596210910.772341,63.90279024912161,284.8839399225835,0
1596210910.782341,65.70283144785208,284.8839399225835,0
1596210910.7923448,67.50355929209036,284.8839399225835,0
1596210910.8023403,69.30269926859182,284.8839399225835,0
1596210910.8123417,71.10295504404348,284.8839399225835,0
1596210910.8223512,72.90466994119924,284.8839399225835,0
1596210910.832338,74.70226496530813,284.8839399225835,0
1596210910.8423386,76.50239199472708,284.8839399225835,0
1596210910.8523376,78.30221861673635,284.8839399225835,0
1596210910.8623412,80.10277479959768,284.8839399225835,0
1596210910.8723402,81.9026443369512,284.8839399225835,0
1596210910.8823402,83.70264262033743,284.8839399225835,0
1596210910.8923373,85.50216883493704,284.8839399225835,0
1596210910.9023323,87.30126589609426,284.8839399225835,0
1596210910.912338,89.10225123239798,284.8839399225835,0
1596210910.9223366,90.90203493906301,284.8839399225835,0
1596210910.9323401,92.70263403726858,284.8839399225835,0
1596210910.942352,94.50482100321096,284.8839399225835,0
1596210910.9523506,96.30456179453176,284.8839399225835,0
1596210910.962337,98.10207098795217,284.8839399225835,0
1596210910.9723327,99.90133971048635,284.8839399225835,0
1596210910.9823482,101.70417040659231,284.8839399225835,0
1596210910.9923382,103.50228041483206,284.8839399225835,0
1596210911.0023391,105.30253619028372,284.8839399225835,0
1596210911.012334,107.10154742075247,284.8839399225835,0
1596210911.022349,108.90424937082571,284.8839399225835,0
1596210911.0323489,110.70429056955618,284.8839399225835,0
1596210911.0423524,112.5048467524175,284.8839399225835,0
1596210911.0523453,114.30364340616507,284.8839399225835,0
1596210911.0623515,116.10467165781301,284.8839399225835,0
1596210911.072347,117.9039403803472,284.8839399225835,0
1596210911.0823452,119.70355242563528,284.8839399225835,0
1596210911.092352,121.50479525400442,284.8839399225835,0
1596210911.102343,123.30320566965383,284.8839399225835,0
1596210911.1123462,125.10376185251516,284.8839399225835,0
1596210911.1223376,126.90212935282034,284.8839399225835,0
1596210911.1323447,128.7035009272222,284.8839399225835,0
1596210911.1423337,130.50148218942923,284.8839399225835,0
1596210911.1523383,132.30233877970022,284.8839399225835,0
1596210911.1623366,134.10199374033255,284.8839399225835,0
1596210911.1723385,135.90237826181692,284.8839399225835,0
1596210911.1823354,137.70181864572805,284.8839399225835,0
1596210911.1923482,139.5040914423589,284.8839399225835,0
1596210911.2023346,141.30172938181204,284.8839399225835,0
1596210911.2123363,143.10202807260794,284.8839399225835,0
1596210911.2223365,144.90198344064993,284.8839399225835,0
1596210911.2323496,146.7043849833135,284.8839399225835,0
1596210911.2423325,148.50129336191458,284.8839399225835,0
1596210911.2523518,150.30472487283987,284.8839399225835,0
1596210911.2623317,152.10116118265432,284.8839399225835,0
1596210911.2723498,153.90442103220266,284.8839399225835,0
1596210911.282351,155.70467680765432,284.8839399225835,0
1596210911.292349,157.50433176828665,284.8839399225835,0
1596210911.3023407,159.3027850992803,284.8839399225835,0
1596210911.3123407,161.10278338266653,284.8839399225835,0
1596210911.322348,162.90411204172415,284.8839399225835,0
1596210911.3323438,164.7033378489141,284.8839399225835,0
1596210911.3423486,166.50415152384085,284.8839399225835,0
1596210911.352346,168.3037206537847,284.8839399225835,0
1596210911.3623493,170.1043626673345,284.8839399225835,0
1596210911.3723495,171.90436095072073,284.8839399225835,0
1596210911.3823438,173.70332926584524,284.8839399225835,0
1596210911.3923385,175.502340496314,284.8839399225835,0
1596210911.4023323,177.3013088114385,284.8839399225835,0
1596210911.4123318,179.10117834879202,284.8839399225835,0
1596210911.4223514,180.90465277506155,284.8839399225835,0
1596210911.4323416,182.702891529334,284.8839399225835,0
1596210911.4423335,184.50151652170462,284.8839399225835,0
1596210911.4523327,186.3013431437139,284.8839399225835,0
1596210911.4623494,188.10430258585257,284.8839399225835,0
1596210911.4723377,189.90219801737112,284.8839399225835,0
1596210911.4823413,191.7029258616094,284.8839399225835,0
1596210911.4923348,193.50167960001272,284.8839399225835,0
1596210911.5023475,195.30395239664358,284.8839399225835,0
1596210911.512332,197.1012470133428,284.8839399225835,0
1596210911.5223498,198.90442103220266,284.8839399225835,0
1596210911.5323346,200.70167273355764,284.8839399225835,0
1596210911.5423405,202.50274390054983,284.8839399225835,0
1596210911.552337,204.3020984537725,284.8839399225835,0
1596210911.5623515,206.10467165781301,284.8839399225835,0
1596210911.5723498,207.90441244913382,284.8839399225835,0
1596210911.5823507,209.70462530924124,284.8839399225835,0
1596210911.5923452,211.50359362436575,284.8839399225835,0
1596210911.6023378,213.30221861673635,284.8839399225835,0
1596210911.6123376,215.10221690012258,284.8839399225835,0
1596210911.6223366,216.90204352213186,284.8839399225835,0
1596210911.6323414,218.70290011240286,284.8839399225835,0
1596210911.6423473,220.5039283640508,284.8839399225835,0
1596210911.6523366,222.3020812876348,284.8839399225835,0
1596210911.662351,224.10461157633108,284.8839399225835,0
1596210911.672346,225.90375155283255,284.8839399225835,0
1596210911.6823325,227.70126074625296,284.8839399225835,0
1596210911.692352,229.50477808786673,284.8839399225835,0
1596210911.7023337,231.3014718897466,284.8839399225835,0
1596210911.71234,233.10271471811575,284.8839399225835,0
1596210911.7223396,234.90254134012503,284.8839399225835,0
1596210911.7323518,236.70477122141165,284.8839399225835,0
1596210911.7423446,238.50348204447073,284.8839399225835,0
1596210911.752337,240.30202120615286,284.8839399225835,0
1596210911.7623389,242.10244864298147,284.8839399225835,0
1596210911.7723348,243.90171736551565,284.8839399225835,0
1596210911.7823336,245.7015010721807,284.8839399225835,0
1596210911.7923512,247.50463217569632,284.8839399225835,0
1596210911.8023393,249.30248469187063,284.8839399225835,0
1596210911.812351,251.10462874246878,284.8839399225835,0
1596210911.8223403,252.90269583536428,284.8839399225835,0
1596210911.8323333,254.7014495737676,284.8839399225835,0
1596210911.8423412,256.50282114816946,284.8839399225835,0
1596210911.8523502,258.30445021463674,284.8839399225835,0
1596210911.8623486,260.10419100595755,284.8839399225835,0
1596210911.8723392,261.90247267557424,284.8839399225835,0
1596210911.8823354,263.7018272287969,284.8839399225835,0
1596210911.8923426,265.50307005716604,284.8839399225835,0
1596210911.902335,267.3017379648809,284.8839399225835,0
1596210911.9123454,269.10358160806936,284.8839399225835,0
1596210911.9223382,270.9023782618169,284.8839399225835,0
1596210911.9323392,272.7025482065801,284.8839399225835,0
1596210911.942349,274.50426310373587,284.8839399225835,0
1596210911.9523444,276.3033601648931,284.8839399225835,0
1596210911.9623516,278.1046888239507,284.8839399225835,0
1596210911.9723332,279.90146845651907,284.8839399225835,0
1596210911.9823358,281.7018958933477,284.8839399225835,0
1596210911.9923382,283.50228041483206,284.8839399225835,0
1596210912.0023494,285.3042957193975,284.8839399225835,0
1596210912.0123394,287.10253447366995,284.8839399225835,0
1596210912.022347,288.9039060480718,284.8839399225835,0
1596210912.0323443,290.7033893473272,284.8839399225835,0
1596210912.0423462,292.50377386881155,284.8839399225835,0
1596210912.0523467,294.303815067542,284.8839399225835,0
1596210912.0623453,296.1035558588628,284.8839399225835,0
1596210912.0723433,297.9032537348394,284.8839399225835,0
1596210912.0823443,299.7033807642583,284.8839399225835,0
1596210912.0923347,301.50170534921926,284.8839399225835,0
1596210912.1023414,303.30290526224417,284.8839399225835,0
1596210912.112343,305.1031610376958,284.8839399225835,0
1596210912.12235,306.9044467814092,284.8839399225835,0
1596210912.1323476,308.70401591135305,284.8839399225835,0
1596210912.142351,310.5046150095586,284.8839399225835,0
1596210912.1523461,312.3037549860601,284.8839399225835,0
1596210912.162331,314.1010496027593,284.8839399225835,0
1596210912.1723433,315.9032365687017,284.8839399225835,0
1596210912.1823514,317.7046510584478,284.8839399225835,0
1596210912.1923318,319.5011731989507,284.8839399225835,0
1596210912.2023463,321.30374640299124,284.8839399225835,0
1596210912.2123408,323.10284346414846,284.8839399225835,0
1596210912.2223423,324.9030563242559,284.8839399225835,0
1596210912.2323327,326.7013379938726,284.8839399225835,0
1596210912.242341,328.50283831430716,284.8839399225835,0
1596210912.2523324,330.3012916453008,284.8839399225835,0
1596210912.262347,332.1039077646856,284.8839399225835,0
1596210912.2723472,333.90386313272757,284.8839399225835,0
1596210912.2823493,335.70424765421194,284.8839399225835,0
1596210912.2923386,337.50244349314016,284.8839399225835,0
1596210912.302344,339.30338591409964,284.8839399225835,0
1596210912.31235,341.1044141657476,284.8839399225835,0
1596210912.3223457,342.90368288828176,284.8839399225835,0
1596210912.3323488,344.70428198648733,284.8839399225835,0
1596210912.3423436,346.50325030161184,284.8839399225835,0
1596210912.352347,348.3038493998174,284.8839399225835,0
1596210912.362344,350.1033326990728,284.8839399225835,0
1596210912.3723361,351.9019576914434,284.8839399225835,0
1596210912.3823485,353.70418757273,284.8839399225835,0
1596210912.392334,355.5015680201177,284.8839399225835,0
1596210912.4023435,357.30328291727346,284.8839399225835,0
1596210912.4123366,359.10199374033255,284.8839399225835,0
1596210912.4174263,360,284.8839399225835,1
1596210912.4174292,0,284.8839399225835,0
1596210912.4273403,1.8026563532475848,284.8839399225835,0
1596210912.437345,3.603555858862819,284.8839399225835,0
1596210912.4473457,5.403639972937526,284.8839399225835,0
1596210912.4573488,7.204281986487331,284.8839399225835,0
1596210912.467344,9.00333613230032,284.8839399225835,0
1596210912.4773395,10.802519024146022,284.8839399225835,0
1596210912.4873407,12.60281771494192,284.8839399225835,0
1596210912.4973457,14.403760135901393,284.8839399225835,0
1596210912.507348,16.20410174204153,284.8839399225835,0
1596210912.5173538,18.00512999368948,284.8839399225835,0
1596210912.527344,19.803325832617702,284.8839399225835,0
1596210912.5373378,21.602294147742214,284.8839399225835,0
1596210912.54734,23.40267866922659,284.8839399225835,0
1596210912.5573456,25.203578174841823,284.8839399225835,0
1596210912.5673394,27.002546489966335,284.8839399225835,0
1596210912.577353,28.80494803262991,284.8839399225835,0
1596210912.587338,30.602242649329128,284.8839399225835,0
1596210912.5973363,32.40198344064993,284.8839399225835,0
1596210912.6073375,34.20215338541311,284.8839399225835,0
1596210912.6173453,36.003610790503444,284.8839399225835,0
1596210912.6273532,37.80493944956106,284.8839399225835,0
1596210912.6373527,39.60493773294729,284.8839399225835,0
1596210912.6473508,41.40454977823538,284.8839399225835,0
1596210912.6573524,43.20480555368704,284.8839399225835,0
1596210912.6673427,45.0030443079595,284.8839399225835,0
1596210912.6773367,46.80201262308401,284.8839399225835,0
1596210912.6873538,48.605143726599636,284.8839399225835,0
1596210912.6973474,50.403940380347194,284.8839399225835,0
1596210912.7073536,52.20505446268362,284.8839399225835,0
1596210912.7173555,54.005438984167995,284.8839399225835,0
1596210912.7273512,55.804664791357936,284.8839399225835,0
1596210912.7373478,57.60406225992483,284.8839399225835,0
1596210912.7473502,59.404489696753444,284.8839399225835,0
1596210912.7573526,61.204960048926296,284.8839399225835,0
1596210912.7673357,63.00186842752737,284.8839399225835,0
1596210912.7773447,64.80349749399466,284.8839399225835,0
1596210912.787342,66.60298079325003,284.8839399225835,0
1596210912.7973542,68.40512484384817,284.8839399225835,0
1596210912.8073401,70.20263403726858,284.8839399225835,0
1596210912.8173363,72.001945675147,284.8839399225835,0
1596210912.8273387,73.80237311197561,284.8839399225835,0
1596210912.83735,75.60438841654104,284.8839399225835,0
1596210912.8473482,77.40417212320608,284.8839399225835,0
1596210912.8573472,79.20395582987112,284.8839399225835,0
1596210912.8673358,81.00185126138967,284.8839399225835,0
1596210912.8773396,82.8026220209722,284.8839399225835,0
1596210912.887343,84.60322111917776,284.8839399225835,0
1596210912.8973463,86.40382021738333,284.8839399225835,0
1596210912.9073465,88.20377558542532,284.8839399225835,0
1596210912.9173517,90.00476092172903,284.8839399225835,0
1596210912.9273355,91.80179804636282,284.8839399225835,0
1596210912.9373477,93.6039850123052,284.8839399225835,0
1596210912.9473395,95.40252417398733,284.8839399225835,0
1596210912.9573498,97.20436781717581,284.8839399225835,0
1596210912.9673471,99.00393694711966,284.8839399225835,0
1596210912.97734,100.8026048548345,284.8839399225835,0
1596210912.9873536,102.60509222818655,284.8839399225835,0
1596210912.9973462,104.40371722055716,284.8839399225835,0
1596210913.0073493,106.20427340341848,284.8839399225835,0
1596210913.0173514,108.0047008402471,284.8839399225835,0
1596210913.0273416,109.80293959451956,284.8839399225835,0
1596210913.0373356,111.60186499429983,284.8839399225835,0
1596210913.047338,113.4022495157842,284.8839399225835,0
1596210913.0573463,115.20374983621878,284.8839399225835,0
1596210913.06735,117.00443476511282,284.8839399225835,0
1596210913.0773425,118.80310267282766,284.8839399225835,0
1596210913.0873458,120.60365885568899,284.8839399225835,0
1596210913.0973353,122.40176886392874,284.8839399225835,0
1596210913.1073482,124.20408457590383,284.8839399225835,0
1596210913.1173487,126.0041257746343,284.8839399225835,0
1596210913.1273463,127.80373781992239,284.8839399225835,0
1596210913.137349,129.604165256751,284.8839399225835,0
1596210913.1473374,131.4022323496465,284.8839399225835,0
1596210913.157336,133.20193022562307,284.8839399225835,0
1596210913.1673527,135.00493258310598,284.8839399225835,0
1596210913.1773407,136.80274218393606,284.8839399225835,0
1596210913.1873431,138.60316962076467,284.8839399225835,0
1596210913.1973379,140.40222376657766,284.8839399225835,0
1596210913.2073524,142.20483988596243,284.8839399225835,0
1596210913.2173471,144.00389403177542,284.8839399225835,0
1596210913.2273428,145.80311983896536,284.8839399225835,0
1596210913.2373543,147.60517805887503,284.8839399225835,0
1596210913.2473402,149.40268725229544,284.8839399225835,0
1596210913.2573376,151.20221346689505,284.8839399225835,0
1596210913.267347,153.0039283640508,284.8839399225835,0
1596210913.2773519,154.8047849543218,284.8839399225835,0
1596210913.2873452,156.60353869272512,284.8839399225835,0
1596210913.297338,158.40233534647268,284.8839399225835,0
1596210913.3073413,160.20284861398977,284.8839399225835,0
1596210913.3173442,162.00336188150686,284.8839399225835,0
1596210913.3273368,163.80198687387747,284.8839399225835,0
1596210913.3373365,165.6021139032964,284.8839399225835,0
1596210913.3473449,167.40348547769827,284.8839399225835,0
1596210913.35735,169.20451372934622,284.8839399225835,0
1596210913.3673375,171.00219458414358,284.8839399225835,0
1596210913.3773417,172.80292242838186,284.8839399225835,0
1596210913.3873417,174.60300654245657,284.8839399225835,0
1596210913.3973398,176.4026615030889,284.8839399225835,0
1596210913.4073484,178.20416182352346,284.8839399225835,0
1596210913.4173393,180.00252932382864,284.8839399225835,0
1596210913.4273472,181.80398672891897,284.8839399225835,0
1596210913.437339,183.60248297525686,284.8839399225835,0
1596210913.4473548,185.40531367136282,284.8839399225835,0
1596210913.4573386,187.20243662668508,284.8839399225835,0
1596210913.4673455,189.00363653971,284.8839399225835,0
1596210913.4773407,190.8027336008672,284.8839399225835,0
1596210913.4873524,192.60487765146536,284.8839399225835,0
1596210913.4973347,194.40170019937796,284.8839399225835,0
1596210913.5073469,196.20393008066458,284.8839399225835,0
1596210913.5173461,198.00375670267385,284.8839399225835,0
1596210913.5273552,199.8052141077642,284.8839399225835,0
1596210913.5373366,201.6019508249883,284.8839399225835,0
1596210913.5473428,203.4031507380132,284.8839399225835,0
1596210913.5573406,205.2027627833013,284.8839399225835,0
1596210913.5673509,207.00456351114553,284.8839399225835,0
1596210913.5773463,208.80374640299124,284.8839399225835,0
1596210913.5873423,210.60305804086966,284.8839399225835,0
1596210913.5973437,212.40327090097708,284.8839399225835,0
1596210913.6073446,214.20339793039602,284.8839399225835,0
1596210913.6173406,216.00275248361868,284.8839399225835,0
1596210913.6273415,217.8029653437261,284.8839399225835,0
1596210913.637342,219.60296362711233,284.8839399225835,0
1596210913.6473424,221.40304774118704,284.8839399225835,0
1596210913.6573443,223.20338934732717,284.8839399225835,0
1596210913.6673465,225.00377386881155,284.8839399225835,0
1596210913.6773343,226.80158346964163,284.8839399225835,0
1596210913.6873467,228.603770435584,284.8839399225835,0
1596210913.6973374,230.4021379358892,284.8839399225835,0
1596210913.7073443,232.20342367960257,284.8839399225835,0
1596210913.7173383,234.0023061640386,284.8839399225835,0
1596210913.7273479,235.8040639765386,284.8839399225835,0
1596210913.7373405,237.6026889689092,284.8839399225835,0
1596210913.7473502,239.40448969675344,284.8839399225835,0
1596210913.7573385,241.202385128272,284.8839399225835,0
1596210913.7673342,243.0015680201177,284.8839399225835,0
1596210913.7773476,244.80396956278128,284.8839399225835,0
1596210913.7873523,246.6047403223638,284.8839399225835,0
1596210913.7973347,248.4016916163091,284.8839399225835,0
1596210913.807346,250.20379275156301,284.8839399225835,0
1596210913.8173516,252.00460642648977,284.8839399225835,0
1596210913.8273456,253.80366057230276,284.8839399225835,0
1596210913.8373518,255.60464590860647,284.8839399225835,0
1596210913.847345,257.40357130838674,284.8839399225835,0
1596210913.857337,259.20206755472464,284.8839399225835,0
1596210913.867335,261.0017654307012,284.8839399225835,0
1596210913.8773472,262.8039523966436,284.8839399225835,0
1596210913.887344,264.60330694986624,284.8839399225835,0
1596210913.8973384,266.40227526499075,284.8839399225835,0
1596210913.9073508,268.20446223093313,284.8839399225835,0
1596210913.91735,270.0043746836309,284.8839399225835,0
1596210913.9273472,271.8039008982305,284.8839399225835,0
1596210913.937351,273.60449999643606,284.8839399225835,0
1596210913.9473462,275.403725803626,284.8839399225835,0
1596210913.9573433,277.2032520182256,284.8839399225835,0
1596210913.9673533,279.00492400003714,284.8839399225835,0
1596210913.9773374,280.8021757013921,284.8839399225835,0
1596210913.9873476,282.6040193445806,284.8839399225835,0
1596210913.9973352,284.40182894541067,284.8839399225835,0
1596210914.007338,286.20221346689505,284.8839399225835,0
1596210914.017349,288.00418585611624,284.8839399225835,0
1596210914.0273552,289.8052141077642,284.8839399225835,0
1596210914.0373352,291.60177916361135,284.8839399225835,0
1596210914.0473506,293.40443819834036,284.8839399225835,0
1596210914.057354,295.2049943812017,284.8839399225835,0
1596210914.0673532,297.00490683389944,284.8839399225835,0
1596210914.0773392,298.8024589426641,284.8839399225835,0
1596210914.0873413,300.6028005488042,284.8839399225835,0
1596210914.0973504,302.4043866999273,284.8839399225835,0
1596210914.1073408,304.2027971155767,284.8839399225835,0
1596210914.1173532,306.00485533548635,284.8839399225835,0
1596210914.1273403,307.8026220209722,284.8839399225835,0
1596210914.1373537,309.60489481760305,284.8839399225835,0
1596210914.1473546,311.4051505930547,284.8839399225835,0
1596210914.1573377,313.2021877176885,284.8839399225835,0
1596210914.167355,315.0052759058599,284.8839399225835,0
1596210914.1773393,316.80252760721487,284.8839399225835,0
1596210914.1873398,318.6026117212896,284.8839399225835,0
1596210914.1973424,320.40308207346243,284.8839399225835,0
1596210914.20734,322.2025653727178,284.8839399225835,0
1596210914.2173407,324.0027782328252,284.8839399225835,0
1596210914.2273455,325.8035060770635,284.8839399225835,0
1596210914.2373466,327.60376185251516,284.8839399225835,0
1596210914.2473383,329.4023010141973,284.8839399225835,0
1596210914.25735,331.2042734034185,284.8839399225835,0
1596210914.2673397,333.00264090372366,284.8839399225835,0
1596210914.277346,334.80358332468313,284.8839399225835,0
1596210914.2873409,336.60276621652883,284.8839399225835,0
1596210914.2973363,338.40194910837454,284.8839399225835,0
1596210914.307342,340.20306319071096,284.8839399225835,0
1596210914.3173385,342.0023748285894,284.8839399225835,0
1596210914.327337,343.8020297892217,284.8839399225835,0
1596210914.337355,345.60516089273733,284.8839399225835,0
1596210914.3473423,347.4030563242559,284.8839399225835,0
1596210914.357352,349.20468539072317,284.8839399225835,0
1596210914.3673363,351.0018941767339,284.8839399225835,0
1596210914.3773532,352.8048536188726,284.8839399225835,0
1596210914.3873413,354.60287779642385,284.8839399225835,0
1596210914.397346,356.4035627253179,284.8839399225835,0
1596210914.407344,358.20326060129446,284.8839399225835,0
1596210914.4174347,360,284.8839399225835,1
1596210914.4174376,0,284.8839399225835,0
1596210914.427347,1.8036863215093035,284.8839399225835,0
1596210914.4327443,2.7564498789433856,284.8839399225835,0
1596210914.4327953,2.7564498789433856,282.816602513376,0
1596210914.4365854,1.386229321542487,282.816602513376,0
1596210914.4366226,1.386229321542487,281.7769305222191,0
1596210914.4373393,0.4954735748924577,281.7769305222191,0
1596210914.4473517,2.297574710146364,281.7769305222191,0
1596210914.4573562,4.098388385073122,281.7769305222191,0
1596210914.4673383,5.895253848329958,281.7769305222191,0
1596210914.4773488,7.697054576174196,281.7769305222191,0
1596210914.487344,9.496280383364137,281.7769305222191,0
1596210914.497348,11.29696531225818,281.7769305222191,0
1596210914.5073538,13.097950648561891,281.7769305222191,0
1596210914.5173392,14.895416926638063,281.7769305222191,0
1596210914.527348,16.69696016241687,281.7769305222191,0
1596210914.5373502,18.49730176855701,281.7769305222191,0
1596210914.5473473,20.296870898500856,281.7769305222191,0
1596210914.5573502,22.09725541998523,281.7769305222191,0
1596210914.567353,23.897854518190798,281.7769305222191,0
1596210914.5773466,25.696694087282594,281.7769305222191,0
1596210914.5873544,27.49806566168445,281.7769305222191,0
1596210914.597344,29.296218585268434,281.7769305222191,0
1596210914.607357,31.098534297243532,281.7769305222191,0
1596210914.6173415,32.895700167910036,281.7769305222191,0
1596210914.627351,34.697457980410036,281.7769305222191,0
1596210914.6373482,36.49694127966541,281.7769305222191,0
1596210914.6473534,38.29788370062488,281.7769305222191,0
1596210914.6573396,40.095478724733766,281.7769305222191,0
1596210914.667347,41.896764468447145,281.7769305222191,0
1596210914.6773522,43.69766397406238,281.7769305222191,0
1596210914.6873465,45.49667520453113,281.7769305222191,0
1596210914.6973517,47.2976176254906,281.7769305222191,0
1596210914.7073402,49.09547014166492,281.7769305222191,0
1596210914.7173393,50.89546842505115,281.7769305222191,0
1596210914.727339,52.695295047060426,281.7769305222191,0
1596210914.737346,54.496580790773805,281.7769305222191,0
1596210914.7473562,56.29842443396228,281.7769305222191,0
1596210914.757343,58.09601945807117,281.7769305222191,0
1596210914.7673388,59.89528818060535,281.7769305222191,0
1596210914.7773442,61.69627351690906,281.7769305222191,0
1596210914.7873423,63.49592847754138,281.7769305222191,0
1596210914.7973356,65.29485387732166,281.7769305222191,0
1596210914.8073523,67.09768457342761,281.7769305222191,0
1596210914.817343,68.89605207373279,281.7769305222191,0
1596210914.8273444,70.69626493384021,281.7769305222191,0
1596210914.837347,72.49669237066882,281.7769305222191,0
1596210914.8473427,74.29604692389148,281.7769305222191,0
1596210914.8573458,76.09651727606433,281.7769305222191,0
1596210914.8673475,77.89681596686023,281.7769305222191,0
1596210914.8773363,79.6948401444115,281.7769305222191,0
1596210914.88734,81.49552507330554,281.7769305222191,0
1596210914.8973448,83.29638166357654,281.7769305222191,0
1596210914.9073405,85.09556455542224,281.7769305222191,0
1596210914.9173384,86.89521951605457,281.7769305222191,0
1596210914.927352,88.69770688940662,281.7769305222191,0
1596210914.9373522,90.49766225744861,281.7769305222191,0
1596210914.9473505,92.29736013342517,281.7769305222191,0
1596210914.9573429,94.09607095648425,281.7769305222191,0
1596210914.96734,95.89551134039539,281.7769305222191,0
1596210914.977344,97.69619626928943,281.7769305222191,0
1596210914.9873395,99.49537916113513,281.7769305222191,0
1596210914.9973435,101.29614992071765,281.7769305222191,0
1596210915.007348,103.09692068030017,281.7769305222191,0
1596210915.0173512,104.8974768631615,281.7769305222191,0
1596210915.0273435,106.69614477087634,281.7769305222191,0
1596210915.0373409,108.49562807013172,281.7769305222191,0
1596210915.0473387,110.29528303076404,281.7769305222191,0
1596210915.0573564,112.09854288031238,281.7769305222191,0
1596210915.0673559,113.8984124176659,281.7769305222191,0
1596210915.077344,115.69617910315174,281.7769305222191,0
1596210915.0873382,117.49514741827625,281.7769305222191,0
1596210915.0973537,119.29810686041492,281.7769305222191,0
1596210915.1073484,121.09698934485095,281.7769305222191,0
1596210915.1173382,122.89518518377918,281.7769305222191,0
1596210915.1273391,124.69531221319812,281.7769305222191,0
1596210915.1373367,126.49492425848621,281.7769305222191,0
1596210915.14735,128.29728288580554,281.7769305222191,0
1596210915.15735,130.09736699988025,281.7769305222191,0
1596210915.1673539,131.8980519287743,281.7769305222191,0
1596210915.1773503,133.69740648199695,281.7769305222191,0
1596210915.1873386,135.4951731674828,281.7769305222191,0
1596210915.1973372,137.29499978949207,281.7769305222191,0
1596210915.207336,139.0947834961571,281.7769305222191,0
1596210915.2173421,140.8958546631493,281.7769305222191,0
1596210915.227346,142.69658250738757,281.7769305222191,0
1596210915.237354,144.49812574316638,281.7769305222191,0
1596210915.247343,146.29606409002918,281.7769305222191,0
1596210915.2573524,148.09782190252918,281.7769305222191,0
1596210915.2673397,149.89550275732654,281.7769305222191,0
1596210915.2773507,151.69734640051502,281.7769305222191,0
1596210915.2873518,153.49768800665515,281.7769305222191,0
1596210915.2973394,155.29536886145252,281.7769305222191,0
1596210915.3073554,157.0983283035912,281.7769305222191,0
1596210915.31735,158.89725370337146,281.7769305222191,0
1596210915.327347,160.69673700262683,281.7769305222191,0
1596210915.3373523,162.49776525427478,281.7769305222191,0
1596210915.3473375,164.295059870974,281.7769305222191,0
1596210915.3573544,166.09819097448963,281.7769305222191,0
1596210915.3673427,167.89595765997547,281.7769305222191,0
1596210915.37734,169.6955267899193,281.7769305222191,0
1596210915.3873372,171.49496717383045,281.7769305222191,0
1596210915.3973563,173.29852743078845,281.7769305222191,0
1596210915.4073439,175.09616537024158,281.7769305222191,0
1596210915.417343,176.89607782293933,281.7769305222191,0
1596210915.4273472,178.69676275183338,281.7769305222191,0
1596210915.437344,180.4962031357445,281.7769305222191,0
1596210915.4473474,182.29680223395007,281.7769305222191,0
1596210915.4573538,184.09804506231922,281.7769305222191,0
1596210915.4673543,185.89817209173816,281.7769305222191,0
1596210915.4773438,187.6961533539452,281.7769305222191,0
1596210915.4873464,189.4965807907738,281.7769305222191,0
1596210915.497352,191.29773778845447,281.7769305222191,0
1596210915.5073438,193.09614820410388,281.7769305222191,0
1596210915.5173466,194.89666147162097,281.7769305222191,0
1596210915.5273554,196.69837636877674,281.7769305222191,0
1596210915.5373414,198.49579973150867,281.7769305222191,0
1596210915.5473459,200.2965704910912,281.7769305222191,0
1596210915.557354,202.09811372687,281.7769305222191,0
1596210915.5673518,203.89772577215808,281.7769305222191,0
1596210915.5773556,205.6983677857079,281.7769305222191,0
1596210915.587337,207.49488992621082,281.7769305222191,0
1596210915.5973513,209.29767770697254,281.7769305222191,0
1596210915.607345,211.09643144537586,281.7769305222191,0
1596210915.617336,212.8947560303368,281.7769305222191,0
1596210915.6273477,214.69694299627918,281.7769305222191,0
1596210915.6373417,216.4958254807152,281.7769305222191,0
1596210915.6473498,218.29732580114978,281.7769305222191,0
1596210915.6573431,220.0960795395531,281.7769305222191,0
1596210915.667352,221.89779443670886,281.7769305222191,0
1596210915.6773455,223.69637651373523,281.7769305222191,0
1596210915.6873517,225.4977480881371,281.7769305222191,0
1596210915.6973484,227.29710264135974,281.7769305222191,0
1596210915.707346,229.09662885595935,281.7769305222191,0
1596210915.7173386,230.89516801764148,281.7769305222191,0
1596210915.7273355,232.69465131689685,281.7769305222191,0
1596210915.7373378,234.49507875372547,281.7769305222191,0
1596210915.7473388,236.29524869848865,281.7769305222191,0
1596210915.7573514,238.0977360718407,281.7769305222191,0
1596210915.7673376,239.89507360388416,281.7769305222191,0
1596210915.7773354,241.69468564917224,281.7769305222191,0
1596210915.787353,243.49798841406482,281.7769305222191,0
1596210915.7973554,245.29841585089343,281.7769305222191,0
1596210915.8073509,247.0975558273949,281.7769305222191,0
1596210915.817336,248.89476461340564,281.7769305222191,0
1596210915.8273454,250.69660825659412,281.7769305222191,0
1596210915.8373423,252.4958769791283,281.7769305222191,0
1596210915.84734,254.29548902441638,281.7769305222191,0
1596210915.8573365,256.09484357763904,281.7769305222191,0
1596210915.8673396,257.8954426758446,281.7769305222191,0
1596210915.8773544,259.6982304566063,281.7769305222191,0
1596210915.887345,261.49655504156726,281.7769305222191,0
1596210915.897336,263.29470796515125,281.7769305222191,0
1596210915.9073486,265.09715242315906,281.7769305222191,0
1596210915.9173353,266.89466161657947,281.7769305222191,0
1596210915.9273438,268.6962477677025,281.7769305222191,0
1596210915.9373407,270.4956023209252,281.7769305222191,0
1596210915.9473374,272.2951285355248,281.7769305222191,0
1596210915.9573412,274.0958134644188,281.7769305222191,0
1596210915.9673514,275.89770002295154,281.7769305222191,0
1596210915.9773512,277.69756956030506,281.7769305222191,0
1596210915.9873497,279.49743909765857,281.7769305222191,0
1596210915.997336,281.294776629702,281.7769305222191,0
1596210916.0073419,283.09597654272693,281.7769305222191,0
1596210916.0173476,284.8970477097191,281.7769305222191,0
1596210916.027348,286.69704599310535,281.7769305222191,0
1596210916.0373554,288.4984175675072,281.7769305222191,0
1596210916.0473406,290.2956692688622,281.7769305222191,0
1596210916.0573394,292.095410060183,281.7769305222191,0
1596210916.0673375,293.89502210547107,281.7769305222191,0
1596210916.0773406,295.69574994970935,281.7769305222191,0
1596210916.0873532,297.497979830996,281.7769305222191,0
1596210916.0973375,299.29501695562976,281.7769305222191,0
1596210916.1073356,301.0945860855736,281.7769305222191,0
1596210916.11734,302.8956572525658,281.7769305222191,0
1596210916.1273487,304.6972004883446,281.7769305222191,0
1596210916.1373436,306.49629754950183,281.7769305222191,0
1596210916.147343,308.2961241715111,281.7769305222191,0
1596210916.157339,310.0953928940453,281.7769305222191,0
1596210916.1673553,311.89843816687244,281.7769305222191,0
1596210916.1773407,313.69573278357166,281.7769305222191,0
1596210916.187355,315.4983489029564,281.7769305222191,0
1596210916.1973495,317.2974030487694,281.7769305222191,0
1596210916.2073474,319.09697217871326,281.7769305222191,0
1596210916.2173538,320.8980862610497,281.7769305222191,0
1596210916.2273374,322.695037554995,281.7769305222191,0
1596210916.237352,324.4977824204125,281.7769305222191,0
1596210916.2473428,326.2961070053734,281.7769305222191,0
1596210916.2573383,328.0953757279076,281.7769305222191,0
1596210916.2673528,329.8979060166039,281.7769305222191,0
1596210916.2773464,331.6967455856957,281.7769305222191,0
1596210916.2873397,333.4956280701317,281.7769305222191,0
1596210916.297348,335.29708547522205,281.7769305222191,0
1596210916.3073363,337.0948521607079,281.7769305222191,0
1596210916.3173373,338.89510793615955,281.7769305222191,0
1596210916.3273492,340.69733781744617,281.7769305222191,0
1596210916.3373392,342.4954478256859,281.7769305222191,0
1596210916.3473577,344.2984501831688,281.7769305222191,0
1596210916.3573394,346.0954443924584,281.7769305222191,0
1596210916.3673453,347.89660139013904,281.7769305222191,0
1596210916.3773537,349.6980587952294,281.7769305222191,0
1596210916.387341,351.4956967346825,281.7769305222191,0
1596210916.3973505,353.297540377871,281.7769305222191,0
1596210916.40734,355.09556455542224,281.7769305222191,0
1596210916.417344,356.8962923996605,281.7769305222191,0
1596210916.4273558,358.69839353491443,281.7769305222191,0
1596210916.4347165,360,281.7769305222191,1
1596210916.434719,0,281.7769305222191,0
1596210916.4392133,0.8150641434349382,281.7769305222191,0
1596210916.4392533,0.8150641434349382,281.1656324146429,0
1596210916.4405584,0.4504005191961369,281.1656324146429,0
1596210916.4405942,0.4504005191961369,280.8278320252458,0
1596210916.4446137,0.8557222306291123,280.8278320252458,0
1596210916.454613,2.655591767982628,280.8278320252458,0
1596210916.464614,4.455847543434288,280.8278320252458,0
1596210916.4746132,6.255759996132042,280.8278320252458,0
1596210916.4846175,8.056444925026085,280.8278320252458,0
1596210916.4946206,9.857044023231651,280.8278320252458,0
1596210916.5046196,11.656784814552452,280.8278320252458,0
1596210916.5146196,13.456826013282921,280.8278320252458,0
1596210916.5246086,15.25485019083419,280.8278320252458,0
1596210916.5346014,17.05364684458175,280.8278320252458,0
1596210916.5446098,18.855061334327843,280.8278320252458,0
1596210916.5546103,20.655188363746788,280.8278320252458,0
1596210916.564609,22.45488623972335,280.8278320252458,0
1596210916.5746202,24.256987374977257,280.8278320252458,0
1596210916.5846188,26.05668525095382,280.8278320252458,0
1596210916.594618,27.856597703651573,280.8278320252458,0
1596210916.604612,29.65548018808761,280.8278320252458,0
1596210916.6146054,31.45419101114669,280.8278320252458,0
1596210916.6246026,33.253803056434776,280.8278320252458,0
1596210916.634611,35.05530337686935,280.8278320252458,0
1596210916.6446042,36.85405711527267,280.8278320252458,0
1596210916.6546054,38.65426997538009,280.8278320252458,0
1596210916.6646173,40.45641402597823,280.8278320252458,0
1596210916.67462,42.256884378151085,280.8278320252458,0
1596210916.6846218,44.05722598429122,280.8278320252458,0
1596210916.6946015,45.8535764634172,280.8278320252458,0
1596210916.704605,47.65426139231124,280.8278320252458,0
1596210916.7146063,49.4545171677629,280.8278320252458,0
1596210916.7246184,51.256704133705284,280.8278320252458,0
1596210916.7346075,53.05464248056808,280.8278320252458,0
1596210916.7446134,54.855713647560265,280.8278320252458,0
1596210916.7546215,56.657213967994835,280.8278320252458,0
1596210916.7646134,58.455710214332726,280.8278320252458,0
1596210916.774612,60.25540809030929,280.8278320252458,0
1596210916.7846096,62.055020135597374,280.8278320252458,0
1596210916.7946174,63.85643462534347,280.8278320252458,0
1596210916.80461,65.65501670236984,280.8278320252458,0
1596210916.8146112,67.45531539316573,280.8278320252458,0
1596210916.824609,69.25492743845382,280.8278320252458,0
1596210916.834618,71.0565565049211,280.8278320252458,0
1596210916.8446033,72.8539369523088,280.8278320252458,0
1596210916.8546195,74.65685347910323,280.8278320252458,0
1596210916.8646064,76.4545343339006,280.8278320252458,0
1596210916.8746068,78.25457553263107,280.8278320252458,0
1596210916.8846061,80.05448798532882,280.8278320252458,0
1596210916.8946157,81.85615996714034,280.8278320252458,0
1596210916.904615,83.65602950449386,280.8278320252458,0
1596210916.9146073,85.45465449686446,280.8278320252458,0
1596210916.9246016,87.25366572733321,280.8278320252458,0
1596210916.9346218,89.05722598429122,280.8278320252458,0
1596210916.944612,90.85555056925216,280.8278320252458,0
1596210916.9546068,92.65451888437667,280.8278320252458,0
1596210916.9646034,94.45391635294357,280.8278320252458,0
1596210916.9746132,96.2557170807878,280.8278320252458,0
1596210916.9846103,98.05515746469894,280.8278320252458,0
1596210916.9946165,99.85627154703536,280.8278320252458,0
1596210917.0046058,101.65438155527511,280.8278320252458,0
1596210917.0146198,103.4569118439714,280.8278320252458,0
1596210917.0246084,105.25476436014571,280.8278320252458,0
1596210917.0346136,107.05574969644942,280.8278320252458,0
1596210917.044604,108.8541171967546,280.8278320252458,0
1596210917.0546064,110.65450171823898,280.8278320252458,0
1596210917.0646095,112.45501498575607,280.8278320252458,0
1596210917.0746021,114.25372580881515,280.8278320252458,0
1596210917.0846155,116.05612735147872,280.8278320252458,0
1596210917.094606,117.85436610575118,280.8278320252458,0
1596210917.1046169,119.65638141031661,280.8278320252458,0
1596210917.1146123,121.45552138681808,280.8278320252458,0
1596210917.1246035,123.25397471781173,280.8278320252458,0
1596210917.1346047,125.05418757791915,280.8278320252458,0
1596210917.1446142,126.85590247507491,280.8278320252458,0
1596210917.1546044,128.65414122934737,280.8278320252458,0
1596210917.1646137,130.45577029581466,280.8278320252458,0
1596210917.1746154,132.2561119019548,280.8278320252458,0
1596210917.1846201,134.05688266153732,280.8278320252458,0
1596210917.1946197,135.85688094492355,280.8278320252458,0
1596210917.2046206,137.65705088968673,280.8278320252458,0
1596210917.2146037,139.45400218363204,280.8278320252458,0
1596210917.2246046,141.25417212839523,280.8278320252458,0
1596210917.234616,143.05627326364913,280.8278320252458,0
1596210917.2446144,144.85584239359298,280.8278320252458,0
1596210917.254608,146.65468196268478,280.8278320252458,0
1596210917.2646177,148.45652560587325,280.8278320252458,0
1596210917.2746105,150.25515059824386,280.8278320252458,0
1596210917.2846086,152.05484847422042,280.8278320252458,0
1596210917.2946105,153.85519008036056,280.8278320252458,0
1596210917.3046136,155.65570334787765,280.8278320252458,0
1596210917.314615,157.45604495401778,280.8278320252458,0
1596210917.3246102,159.25518493051925,280.8278320252458,0
1596210917.3346016,161.0536382615129,280.8278320252458,0
1596210917.3446112,162.8552673279802,280.8278320252458,0
1596210917.3546145,164.65599517221847,280.8278320252458,0
1596210917.3646157,166.4561222016374,280.8278320252458,0
1596210917.374618,168.25659255381026,280.8278320252458,0
1596210917.3846202,170.05701999063888,280.8278320252458,0
1596210917.3946037,171.85401419992843,280.8278320252458,0
1596210917.4046116,173.65538577433028,280.8278320252458,0
1596210917.4146147,175.4560277878801,280.8278320252458,0
1596210917.4246042,177.2540948807756,280.8278320252458,0
1596210917.4346032,179.05392150278487,280.8278320252458,0
1596210917.4446077,180.8546922623674,280.8278320252458,0
1596210917.454603,182.6538751542131,280.8278320252458,0
1596210917.4646049,184.454173845009,280.8278320252458,0
1596210917.4746196,186.256832879738,280.8278320252458,0
1596210917.4846087,188.0548999726335,280.8278320252458,0
1596210917.4946144,189.85588530893722,280.8278320252458,0
1596210917.5046153,191.65609816904464,280.8278320252458,0
1596210917.5146132,193.45575312967696,280.8278320252458,0
1596210917.5246096,195.25502185221114,280.8278320252458,0
1596210917.5346055,197.05433349008956,280.8278320252458,0
1596210917.544611,198.8553617417375,280.8278320252458,0
1596210917.5546055,200.65433005686202,280.8278320252458,0
1596210917.564606,202.4543712555925,280.8278320252458,0
1596210917.574609,204.25497035379806,280.8278320252458,0
1596210917.5846102,206.05522612924972,280.8278320252458,0
1596210917.5946095,207.855052751259,280.8278320252458,0
1596210917.6046078,209.65475062723556,280.8278320252458,0
1596210917.6146207,211.45702342386642,280.8278320252458,0
1596210917.6246178,213.25654963846603,280.8278320252458,0
1596210917.634601,215.05354384775558,280.8278320252458,0
1596210917.6446128,216.85568789835372,280.8278320252458,0
1596210917.6546059,218.65435580606857,280.8278320252458,0
1596210917.6646004,220.45336703653732,280.8278320252458,0
1596210917.6746066,222.25452403421798,280.8278320252458,0
1596210917.6846132,224.05568103189864,280.8278320252458,0
1596210917.6946032,225.85387687082687,280.8278320252458,0
1596210917.7046185,227.65666465158859,280.8278320252458,0
1596210917.714602,229.45365886087814,280.8278320252458,0
1596210917.724603,231.25382880564132,280.8278320252458,0
1596210917.7346168,233.05640200968185,280.8278320252458,0
1596210917.7446032,234.85391120310226,280.8278320252458,0
1596210917.7546132,236.65575484629073,280.8278320252458,0
1596210917.7646198,238.45682601328292,280.8278320252458,0
1596210917.7746072,240.25459269876876,280.8278320252458,0
1596210917.7846024,242.05373267527023,280.8278320252458,0
1596210917.794615,243.85600547190109,280.8278320252458,0
1596210917.804603,245.65390090341964,280.8278320252458,0
1596210917.8146071,247.45458583231368,280.8278320252458,0
1596210917.8246188,249.2566869675676,280.8278320252458,0
1596210917.834608,251.05483989115157,280.8278320252458,0
1596210917.8446171,252.85642604227462,280.8278320252458,0
1596210917.854606,254.6544502198259,280.8278320252458,0
1596210917.8646183,256.4566371857683,280.8278320252458,0
1596210917.8746173,258.2564208924333,280.8278320252458,0
1596210917.8846161,260.0562475144426,280.8278320252458,0
1596210917.894601,261.8535421311418,280.8278320252458,0
1596210917.9046197,263.65693072672286,280.8278320252458,0
1596210917.9146059,265.4543540894548,280.8278320252458,0
1596210917.9246156,267.2561977326433,280.8278320252458,0
1596210917.934605,269.05422191019454,280.8278320252458,0
1596210917.9446106,270.8552501618425,280.8278320252458,0
1596210917.954619,272.65675048227706,280.8278320252458,0
1596210917.9646187,274.45670585031905,280.8278320252458,0
1596210917.9746041,276.2540004670183,280.8278320252458,0
1596210917.9846003,278.0533121048967,280.8278320252458,0
1596210917.9946046,279.85412577982345,280.8278320252458,0
1596210918.0046098,281.65511111612716,280.8278320252458,0
1596210918.0146084,283.45485190744796,280.8278320252458,0
1596210918.0246198,285.2568672120134,280.8278320252458,0
1596210918.0346115,287.05532054300704,280.8278320252458,0
1596210918.0446138,288.85583381052413,280.8278320252458,0
1596210918.0546203,290.65694789286056,280.8278320252458,0
1596210918.064602,292.45364169474044,280.8278320252458,0
1596210918.0746067,294.25449828501144,280.8278320252458,0
1596210918.0846174,296.05651358957687,280.8278320252458,0
1596210918.0946188,297.8567264496843,280.8278320252458,0
1596210918.1046169,299.6563384949724,280.8278320252458,0
1596210918.1146166,301.4562509476701,280.8278320252458,0
1596210918.124605,303.2541892945329,280.8278320252458,0
1596210918.1346056,305.05431632395187,280.8278320252458,0
1596210918.144613,306.8556449830095,280.8278320252458,0
1596210918.1546144,308.65590075846114,280.8278320252458,0
1596210918.1646068,310.4544828354875,280.8278320252458,0
1596210918.174612,312.2554681717912,280.8278320252458,0
1596210918.1846027,314.0537498414079,280.8278320252458,0
1596210918.1946034,315.85396270151534,280.8278320252458,0
1596210918.2046099,317.655119699196,280.8278320252458,0
1596210918.2146022,319.4537017762224,280.8278320252458,0
1596210918.2246156,321.2561462342302,280.8278320252458,0
1596210918.2346075,323.0546424805681,280.8278320252458,0
1596210918.2446046,324.8541686951677,280.8278320252458,0
1596210918.2546065,326.65455321665206,280.8278320252458,0
1596210918.2646055,328.45429400797286,280.8278320252458,0
1596210918.2746196,330.2568672120134,280.8278320252458,0
1596210918.2846124,332.0555780350725,280.8278320252458,0
1596210918.294608,333.8547609269182,280.8278320252458,0
1596210918.3046064,335.654501718239,280.8278320252458,0
1596210918.3146098,337.4550579011003,280.8278320252458,0
1596210918.3246071,339.25462703104415,280.8278320252458,0
1596210918.3346088,341.0549686371843,280.8278320252458,0
1596210918.3446136,342.85578231211105,280.8278320252458,0
1596210918.3546045,344.6541498124162,280.8278320252458,0
1596210918.3646042,346.4541051804582,280.8278320252458,0
1596210918.374616,348.2561634003679,280.8278320252458,0
1596210918.3846004,350.05341510172286,280.8278320252458,0
1596210918.3946154,351.8561170517961,280.8278320252458,0
1596210918.4046023,353.65375499124923,280.8278320252458,0
1596210918.4146032,355.4539249360124,280.8278320252458,0
1596210918.4246,357.2533224045793,280.8278320252458,0
1596210918.4346151,359.05602435465255,280.8278320252458,0
1596210918.4399693,360,280.8278320252458,1
1596210918.439972,0,280.8278320252458,0
1596210918.4498658,1.80110434885421,280.8278320252458,0
1596210918.4598653,3.601059716896202,280.8278320252458,0
1596210918.4698796,5.4036329209367295,280.8278320252458,0
1596210918.479862,7.2004983841935655,280.8278320252458,0
1596210918.4898705,9.002041619972374,280.8278320252458,0
1596210918.499871,10.802125734047081,280.8278320252458,0
1596210918.5098677,12.601523202613976,280.8278320252458,0
1596210918.5198731,14.402465623573448,280.8278320252458,0
1596210918.5298722,16.202292245582726,280.8278320252458,0
1596210918.539867,18.001389306739952,280.8278320252458,0
1596210918.5498722,19.802288812355187,280.8278320252458,0
1596210918.5598776,21.603274148658898,280.8278320252458,0
1596210918.5698733,23.402542871193077,280.8278320252458,0
1596210918.579872,25.202326577858116,280.8278320252458,0
1596210918.5898774,27.00322608347335,280.8278320252458,0
1596210918.599879,28.80352477426925,280.8278320252458,0
1596210918.6098642,30.600862306312706,280.8278320252458,0
1596210918.6198704,32.40201930399337,280.8278320252458,0
1596210918.6298678,34.20150260324874,280.8278320252458,0
1596210918.6398733,36.00248793955245,280.8278320252458,0
1596210918.6498663,37.80128459330001,280.8278320252458,0
1596210918.6598613,39.600338739113,280.8278320252458,0
1596210918.6698618,41.400465768531944,280.8278320252458,0
1596210918.679861,43.20029239054122,280.8278320252458,0
1596210918.689879,45.0035951554338,280.8278320252458,0
1596210918.6998742,46.80264930124679,280.8278320252458,0
1596210918.7098608,48.60033015604415,280.8278320252458,0
1596210918.7198741,50.40264586801925,280.8278320252458,0
1596210918.729868,52.20157126779952,280.8278320252458,0
1596210918.7398646,54.00092582102218,280.8278320252458,0
1596210918.7498736,55.8025978028337,280.8278320252458,0
1596210918.7598739,57.602553170875694,280.8278320252458,0
1596210918.769863,59.4006202637712,280.8278320252458,0
1596210918.779879,61.203536790565636,280.8278320252458,0
1596210918.78987,63.00194720621505,280.8278320252458,0
1596210918.7998745,64.80271796579757,280.8278320252458,0
