Time Stamp,Phase Value,Heading,Ping?
1596208832.6243489,221.49200057983398,190,0
1596208833.1243448,227.4919548034668,190,0
1596208833.6243422,233.4919319152832,190,0
1596208834.1243389,239.49188899993896,190,0
1596208834.624339,245.4918918609619,190,0
1596208835.1243494,251.49200916290283,190,0
1596208835.624344,257.49195194244385,190,0
1596208836.1243448,263.49195766448975,190,0
1596208836.6243505,269.4920234680176,190,0
1596208837.093169,275.11571311950684,190,0
1596208837.0932548,275.11571311950684,194.24421434402467,0
1596208837.124342,279.73612051010133,194.24421434402467,0
1596208837.6243458,285.7361720085144,194.24421434402467,0
1596208838.124353,291.7362578392029,194.24421434402467,0
1596208838.6243415,297.73602323532106,194.24421434402467,0
1596208839.124347,303.73608045578004,194.24421434402467,0
1596208839.62436,309.7363465309143,194.24421434402467,0
1596208840.1243563,315.73620347976686,194.24421434402467,0
1596208840.6243317,321.7360203742981,194.24421434402467,0
1596208841.124338,327.7360947608948,194.24421434402467,0
1596208841.6243556,333.73620347976686,194.24421434402467,0
1596208842.1243422,339.736140537262,194.24421434402467,0
1596208842.62435,345.7362349510193,194.24421434402467,0
1596208843.1243398,351.7361176490784,194.24421434402467,0
1596208843.6243432,357.73615198135377,194.24421434402467,0
1596208843.81313,360,194.24421434402467,1
1596208843.8131359,0,194.24421434402467,0
1596208844.3130243,6.000311183929455,194.24421434402467,0
1596208844.8130252,12.0003254890442,194.24421434402467,0
1596208845.3130183,18.00014810562135,194.24421434402467,0
1596208845.8130167,24.000128078460705,194.24421434402467,0
1596208846.3130221,30.000191020965588,194.24421434402467,0
1596208846.813025,36.00022535324098,194.24421434402467,0
1596208847.3130224,42.000199604034435,194.24421434402467,0
1596208847.8130271,48.00025110244752,194.24421434402467,0
1596208848.3130188,54.00026540756227,194.24421434402467,0
1596208848.8130052,60.00010232925416,194.24421434402467,0
1596208849.3130188,66.00026826858522,194.24421434402467,0
1596208849.8130035,72.00007944107057,194.24421434402467,0
1596208850.313007,78.0001223564148,194.24421434402467,0
1596208850.8130152,84.00022535324098,194.24421434402467,0
1596208851.3130233,90.00031690597535,194.24421434402467,0
1596208851.8130105,96.00015954971315,194.24421434402467,0
1596208852.3130066,102.00011091232301,194.24421434402467,0
1596208852.8071089,107.92732934951783,194.24421434402467,0
1596208852.807181,107.92732934951783,188.84784787654877,0
1596208852.8130112,102.60380452632904,188.84784787654877,0
1596208853.313011,108.60379880428314,188.84784787654877,0
1596208853.8130128,114.60382741451264,188.84784787654877,0
1596208854.3130183,120.60389035701752,188.84784787654877,0
1596208854.8130171,126.60387605190277,188.84784787654877,0
1596208855.3130105,132.6037902212143,188.84784787654877,0
1596208855.813014,138.60383313655853,188.84784787654877,0
1596208856.313004,144.60371869564057,188.84784787654877,0
1596208856.81302,150.60391038417816,188.84784787654877,0
1596208857.3130026,156.60369866847992,188.84784787654877,0
1596208857.8130028,162.60370439052582,188.84784787654877,0
1596208858.3130028,168.60370725154877,188.84784787654877,0
1596208858.8130198,174.60391038417816,188.84784787654877,0
1596208859.3130026,180.60370152950287,188.84784787654877,0
1596208859.8130097,186.60378736019135,188.84784787654877,0
1596208860.313018,192.60388749599457,188.84784787654877,0
1596208860.8130116,198.6038131093979,188.84784787654877,0
1596208861.3130164,204.60385030269623,188.84784787654877,0
1596208861.8130252,210.60396760463715,188.84784787654877,0
1596208862.3130076,216.60374158382416,188.84784787654877,0
1596208862.8130236,222.6039532995224,188.84784787654877,0
1596208863.3130076,228.60374730587006,188.84784787654877,0
1596208863.8130186,234.60387605190277,188.84784787654877,0
1596208864.3130093,240.60378736019135,188.84784787654877,0
1596208864.813012,246.6038188314438,188.84784787654877,0
1596208865.3130124,252.6038245534897,188.84784787654877,0
1596208865.8130186,258.6038960790634,188.84784787654877,0
1596208866.3130155,264.60385602474213,188.84784787654877,0
1596208866.699847,269.24424928188324,188.84784787654877,0
1596208866.6999187,269.24424928188324,193.3856354124546,0
1596208866.8130114,275.14159206223485,193.3856354124546,0
1596208867.3130188,281.1416864759922,193.3856354124546,0
1596208867.8130162,287.14164928269383,193.3856354124546,0
1596208868.3130183,293.1416778929233,193.3856354124546,0
1596208868.8130095,299.1415720350742,193.3856354124546,0
1596208869.3130045,305.14151195359227,193.3856354124546,0
1596208869.8130105,311.141583479166,193.3856354124546,0
1596208870.3130033,317.1415005095005,193.3856354124546,0
1596208870.8130167,323.1416578657627,193.3856354124546,0
1596208871.3130217,329.1417122251987,193.3856354124546,0
1596208871.8130138,335.14162639451024,193.3856354124546,0
1596208872.3130076,341.1415491468906,193.3856354124546,0
1596208872.8130026,347.1414919264316,193.3856354124546,0
1596208873.3130171,353.14166072678563,193.3856354124546,0
1596208873.813018,359.1416635878086,193.3856354124546,0
1596208873.8846643,360,193.3856354124546,1
1596208873.8846672,0,193.3856354124546,0
1596208874.384563,6.000196493387222,193.3856354124546,0
1596208874.8845656,12.00023940873146,193.3856354124546,0
1596208875.384563,18.00020507645607,193.3856354124546,0
1596208875.8845782,24.00038818192482,193.3856354124546,0
1596208876.3845625,30.000210798501968,193.3856354124546,0
1596208876.8845644,36.00023368668556,193.3856354124546,0
1596208877.3845642,42.00023368668556,193.3856354124546,0
1596208877.8845656,48.00024226975441,193.3856354124546,0
1596208878.3845675,54.000253713846206,193.3856354124546,0
1596208878.8845708,60.00030521225929,193.3856354124546,0
1596208879.3845696,66.0002937681675,193.3856354124546,0
1596208879.8845623,72.00019363236427,193.3856354124546,0
1596208880.384573,78.00032237839699,193.3856354124546,0
1596208880.8845775,84.00038532090187,193.3856354124546,0
1596208881.3845809,90.00043109726906,193.3856354124546,0
1596208881.8845627,96.00021079850197,193.3856354124546,0
1596208882.3845713,102.00030807328224,193.3856354124546,0
1596208882.8845809,108.00042251420021,193.3856354124546,0
1596208883.020088,109.62491420578957,193.3856354124546,0
1596208883.020158,109.62491420578957,187.90438970216513,0
1596208883.3845809,108.51917680391074,187.90438970216513,0
1596208883.884577,114.51913674958945,187.90438970216513,0
1596208884.3845663,120.51900514253379,187.90438970216513,0
1596208884.88458,126.51917394288779,187.90438970216513,0
1596208885.384568,132.51902230867148,187.90438970216513,0
1596208885.8845766,138.51903089174033,187.90438970216513,0
1596208886.3845735,144.51909669526816,187.90438970216513,0
1596208886.8845797,150.51917108186484,187.90438970216513,0
1596208887.3845718,156.51907380708457,187.90438970216513,0
1596208887.8845828,162.51920541414023,187.90438970216513,0
1596208888.3845775,168.51914247163535,187.90438970216513,0
1596208888.884581,174.5191853869796,187.90438970216513,0
1596208889.3845809,180.5191796649337,187.90438970216513,0
1596208889.884577,186.5191224444747,187.90438970216513,0
1596208890.3845665,192.5189994204879,187.90438970216513,0
1596208890.8845723,198.51906236299277,187.90438970216513,0
1596208891.3845687,204.51903947480918,187.90438970216513,0
1596208891.8845694,210.51904805787802,187.90438970216513,0
1596208892.3845756,216.5191224444747,187.90438970216513,0
1596208892.8845723,222.51907952913047,187.90438970216513,0
1596208893.3845742,228.51910241731406,187.90438970216513,0
1596208893.884576,234.5191281665206,187.90438970216513,0
1596208894.384568,240.51902803071738,187.90438970216513,0
1596208894.884561,246.5189479220748,187.90438970216513,0
1596208895.3845713,252.51907380708457,187.90438970216513,0
1596208895.8845782,258.51915391572714,187.90438970216513,0
1596208896.3590376,264.21064695008994,187.90438970216513,0
1596208896.3591108,264.21064695008994,192.69385735466062,0
1596208896.3845627,269.3084270186621,192.69385735466062,0
1596208896.8845758,275.30858723594724,192.69385735466062,0
1596208897.384566,281.3084756560522,192.69385735466062,0
1596208897.8845658,287.3084699340063,192.69385735466062,0
1596208898.3845694,293.30851284935056,192.69385735466062,0
1596208898.8845809,299.3086501784521,192.69385735466062,0
1596208899.3845758,305.3085900969702,192.69385735466062,0
1596208899.8845744,311.3085786528784,192.69385735466062,0
1596208900.384578,317.3086244292456,192.69385735466062,0
1596208900.884563,323.308432740708,192.69385735466062,0
1596208901.3845756,329.30858723594724,192.69385735466062,0
1596208901.884577,335.30860440208494,192.69385735466062,0
1596208902.3845623,341.3084270186621,192.69385735466062,0
1596208902.8845794,347.3086358733374,192.69385735466062,0
1596208903.3845716,353.3085385985571,192.69385735466062,0
1596208903.8845606,359.30840699150144,192.69385735466062,0
1596208903.9423394,360,192.69385735466062,1
1596208903.942342,0,192.69385735466062,0
1596208904.4422193,6.000302476425759,192.69385735466062,0
1596208904.9422112,12.000213784714333,192.69385735466062,0
1596208905.4422135,18.000245255966774,192.69385735466062,0
1596208905.9422195,24.000313920517556,192.69385735466062,0
1596208906.4422226,30.000351113815896,192.69385735466062,0
1596208906.9422183,36.00030247642576,192.69385735466062,0
1596208907.4422207,42.0003339476782,192.69385735466062,0
1596208907.9422193,48.000313920517556,192.69385735466062,0
1596208908.4422176,54.000285310288064,192.69385735466062,0
1596208908.9422095,60.00019375755369,192.69385735466062,0
1596208909.4422193,66.0003110594946,192.69385735466062,0
1596208909.942217,72.00028531028806,192.69385735466062,0
1596208910.4422274,78.00040833427488,192.69385735466062,0
1596208910.9422092,84.000176591416,192.69385735466062,0
1596208911.4422188,90.00028817131101,192.69385735466062,0
1596208911.9422188,96.00029103233396,192.69385735466062,0
1596208912.4422252,102.00036827995359,192.69385735466062,0
1596208912.9422162,108.00026528312742,192.69385735466062,0
1596208913.2005322,111.0984784789282,192.69385735466062,0
1596208913.2006052,111.0984784789282,187.13893343071422,0
1596208913.4422061,108.44522691826305,187.13893343071422,0
1596208913.9422143,114.44532133202037,187.13893343071422,0
1596208914.4422076,120.44524408440074,187.13893343071422,0
1596208914.9422069,126.44524122337779,187.13893343071422,0
1596208915.4422202,132.44540144066295,187.13893343071422,0
1596208915.9422257,138.44546438316783,187.13893343071422,0
1596208916.4422188,144.44537283043346,187.13893343071422,0
1596208916.9422202,150.44539571861705,187.13893343071422,0
1596208917.4422212,156.4454043016859,187.13893343071422,0
1596208917.9422162,162.44534135918101,187.13893343071422,0
1596208918.4422178,168.44536710838756,187.13893343071422,0
1596208918.9422252,174.44545580009898,187.13893343071422,0
1596208919.4422135,180.44531847099742,187.13893343071422,0
1596208919.9422061,186.44523264030894,187.13893343071422,0
1596208920.4422162,192.44534994224986,187.13893343071422,0
1596208920.9422197,198.44539571861705,187.13893343071422,0
1596208921.4422224,204.4454100237318,187.13893343071422,0
1596208921.9422219,210.4454100237318,187.13893343071422,0
1596208922.4422255,216.44546438316783,187.13893343071422,0
1596208922.9422088,222.4452641115614,187.13893343071422,0
1596208923.4422252,228.44545866112193,187.13893343071422,0
1596208923.9422145,234.44533563713512,187.13893343071422,0
1596208924.4422154,240.44534135918101,187.13893343071422,0
1596208924.9422128,246.44530988792857,187.13893343071422,0
1596208925.4422095,252.44527555565318,187.13893343071422,0
1596208925.9422257,258.4454672441908,187.13893343071422,0
1596208926.0632486,259.89544511894667,187.13893343071422,0
1596208926.063322,259.89544511894667,192.14416117476688,0
1596208926.4422228,269.4506520728992,192.14416117476688,0
1596208926.9422085,275.4504861335681,192.14416117476688,0
1596208927.44221,281.45050616072876,192.14416117476688,0
1596208927.9422219,287.4506463508533,192.14416117476688,0
1596208928.4422224,293.4506463508533,192.14416117476688,0
1596208928.942218,299.4506005744861,192.14416117476688,0
1596208929.4422164,305.4505776863025,192.14416117476688,0
1596208929.9422264,311.4507007102893,192.14416117476688,0
1596208930.4422255,317.4506892661975,192.14416117476688,0
1596208930.9422204,323.45061487960083,192.14416117476688,0
1596208931.4422238,329.4506549339221,192.14416117476688,0
1596208931.9422147,335.450549076073,192.14416117476688,0
1596208932.4422195,341.45059771346314,192.14416117476688,0
1596208932.9422116,347.45052332686646,192.14416117476688,0
1596208933.4422147,353.45056338118775,192.14416117476688,0
1596208933.9422238,359.4506463508533,192.14416117476688,0
1596208933.9881458,360,192.14416117476688,1
1596208933.9881501,0,192.14416117476688,0
1596208934.4880228,6.0002374153064295,192.14416117476688,0
1596208934.9880211,12.000225971214633,192.14416117476688,0
1596208935.4880116,18.000108669273715,192.14416117476688,0
1596208935.9880211,24.00023741530643,192.14416117476688,0
1596208936.4880126,30.000034282677035,192.14416117476688,0
1596208936.988016,36.0001658897327,192.14416117476688,0
1596208937.488028,42.00031752394901,192.14416117476688,0
1596208937.988028,48.00030321883426,192.14416117476688,0
1596208938.4880226,54.000143001549105,192.14416117476688,0
1596208938.9880123,60.00006003188358,192.14416117476688,0
1596208939.4880035,66.00002856063114,192.14416117476688,0
1596208939.9880123,72.00007147597537,192.14416117476688,0
1596208940.4880292,78.00023455428348,192.14416117476688,0
1596208940.9880235,84.00020308303104,192.14416117476688,0
1596208941.4880137,90.00015158461795,192.14416117476688,0
1596208941.9880033,96.00001997756229,192.14416117476688,0
1596208942.488013,102.00014014052616,192.14416117476688,0
1596208942.988006,108.00006003188358,192.14416117476688,0
1596208943.35223,112.36843867110477,192.14416117476688,0
1596208943.3523014,112.36843867110477,186.52573924121165,0
1596208943.4880104,108.38168673571849,186.52573924121165,0
1596208943.9880173,114.38177256640697,186.52573924121165,0
1596208944.4880092,120.38167243060374,186.52573924121165,0
1596208944.9880168,126.38176398333812,186.52573924121165,0
1596208945.4880111,132.3816981798103,186.52573924121165,0
1596208945.9880047,138.3816180711677,186.52573924121165,0
1596208946.4880059,144.38163237628245,186.52573924121165,0
1596208946.9880147,150.38174109515452,186.52573924121165,0
1596208947.488023,156.3818383699348,186.52573924121165,0
1596208947.9880064,162.38163809832835,186.52573924121165,0
1596208948.4880126,168.38171248492503,186.52573924121165,0
1596208948.988006,174.38163809832835,186.52573924121165,0
1596208949.4880047,180.3816180711677,186.52573924121165,0
1596208949.9880054,186.38162665423656,186.52573924121165,0
1596208950.48802,192.3818040376594,186.52573924121165,0
1596208950.988006,198.3816352373054,186.52573924121165,0
1596208951.488017,204.38177256640697,186.52573924121165,0
1596208951.988019,210.38178973254466,186.52573924121165,0
1596208952.4880228,216.3818326478889,186.52573924121165,0
1596208952.9880114,222.38170104083324,186.52573924121165,0
1596208953.4880242,228.38185839709544,186.52573924121165,0
1596208953.9880118,234.38170676287913,186.52573924121165,0
1596208954.4880202,240.38180117663646,186.52573924121165,0
1596208954.9880137,246.38173251208568,186.52573924121165,0
1596208955.488013,252.38171534594798,186.52573924121165,0
1596208955.8049178,256.1829905992439,186.52573924121165,0
1596208955.80499,256.1829905992439,191.71658971124947,0
1596208955.988007,263.57248856836617,191.71658971124947,0
1596208956.4880104,269.57252862268746,191.71658971124947,0
1596208956.9880114,275.5725429278022,191.71658971124947,0
1596208957.4880297,281.57276608759224,191.71658971124947,0
1596208957.9880097,287.57251145654976,191.71658971124947,0
1596208958.4880254,293.5727117281562,191.71658971124947,0
1596208958.988008,299.57248856836617,191.71658971124947,0
1596208959.4880292,305.5727517824775,191.71658971124947,0
1596208959.9880092,311.57251145654976,191.71658971124947,0
1596208960.4880238,317.5726058703071,191.71658971124947,0
1596208960.9880164,323.57259156519234,191.71658971124947,0
1596208961.488008,329.5725085955268,191.71658971124947,0
1596208961.9880176,335.572611592353,191.71658971124947,0
1596208962.4880295,341.57268025690377,191.71658971124947,0
1596208962.9880238,347.57268025690377,191.71658971124947,0
1596208963.4880078,353.5725085955268,191.71658971124947,0
1596208963.9880168,359.57261445337593,191.71658971124947,0
1596208964.0237548,360,191.71658971124947,1
1596208964.0237575,0,191.71658971124947,0
1596208964.5236762,6.00040032678902,191.71658971124947,0
1596208965.0236726,12.000374577582477,191.71658971124947,0
1596208965.5236518,18.000237248480914,191.71658971124947,0
1596208966.023677,24.00043179804146,191.71658971124947,0
1596208966.5236783,30.000446103156207,191.71658971124947,0
1596208967.0236666,36.000414631903766,191.71658971124947,0
1596208967.5236647,42.000386021674274,191.71658971124947,0
1596208968.0236561,48.0002830248481,191.71658971124947,0
1596208968.523658,54.000311635077594,191.71658971124947,0
1596208969.0236619,60.00035168939888,191.71658971124947,0
1596208969.5236518,66.00023438745797,191.71658971124947,0
1596208970.0236597,72.00032307916939,191.71658971124947,0
1596208970.5236595,78.00032594019234,191.71658971124947,0
1596208971.0236547,84.00026871973336,191.71658971124947,0
1596208971.523649,90.00019719415963,191.71658971124947,0
1596208972.0236547,96.00026871973336,191.71658971124947,0
1596208972.5236607,102.00034310633004,191.71658971124947,0
1596208973.023668,108.00043179804146,191.71658971124947,0
1596208973.4801543,113.4760377627021,191.71658971124947,0
1596208973.480237,113.4760377627021,186.04278782311437,0
1596208973.5236497,108.32640388909337,186.04278782311437,0
1596208974.0236528,114.32644680443761,186.04278782311437,0
1596208974.5236506,120.32641819420812,186.04278782311437,0
1596208975.0236628,126.32656696740148,186.04278782311437,0
1596208975.523658,132.32650116387364,186.04278782311437,0
1596208976.0236504,138.32641533318517,186.04278782311437,0
1596208976.5236683,144.32662990990636,186.04278782311437,0
1596208977.0236654,150.32659271660802,186.04278782311437,0
1596208977.5236523,156.3264353603458,186.04278782311437,0
1596208978.0236511,162.32642391625402,186.04278782311437,0
1596208978.523668,168.32662418786046,186.04278782311437,0
1596208979.0236545,174.32646110955235,186.04278782311437,0
1596208979.5236611,180.32654407921788,186.04278782311437,0
1596208980.0236697,186.32664707604405,186.04278782311437,0
1596208980.5236642,192.32657841149327,186.04278782311437,0
1596208981.0236588,198.32648971978185,186.04278782311437,0
1596208981.523669,204.32662418786046,186.04278782311437,0
1596208982.0236697,210.3266442150211,186.04278782311437,0
1596208982.523658,216.32643822136876,186.04278782311437,0
1596208983.0236585,222.32644966546056,186.04278782311437,0
1596208983.5236757,228.3267014354801,186.04278782311437,0
1596208984.0236616,234.3264754146671,186.04278782311437,0
1596208984.523659,240.3264468044376,186.04278782311437,0
1596208985.0236583,246.32643822136876,186.04278782311437,0
1596208985.5236697,252.32658127251622,186.04278782311437,0
1596208985.58034,253.00466087761876,186.04278782311437,0
1596208985.5804129,253.00466087761876,191.39255477923342,0
1596208986.0236511,263.67618515032717,191.39255477923342,0
1596208986.5236647,269.67633392352053,191.39255477923342,0
1596208987.0236645,275.67633392352053,191.39255477923342,0
1596208987.52365,281.6761737062354,191.39255477923342,0
1596208988.0236518,287.676193733396,191.39255477923342,0
1596208988.5236514,293.676193733396,191.39255477923342,0
1596208989.0236685,299.67639972704836,191.39255477923342,0
1596208989.5236657,305.67636253375,191.39255477923342,0
1596208990.023661,311.67631103533694,191.39255477923342,0
1596208990.523652,317.6762051774878,191.39255477923342,0
1596208991.0236616,323.67631675738284,191.39255477923342,0
1596208991.5236542,329.6762280656714,191.39255477923342,0
1596208992.0236573,335.67626525896975,191.39255477923342,0
1596208992.523652,341.67620231646487,191.39255477923342,0
1596208993.0236552,347.6762395097632,191.39255477923342,0
1596208993.5236688,353.67639400500246,191.39255477923342,0
1596208994.0236626,359.67632820147463,191.39255477923342,0
1596208994.050757,360,191.39255477923342,1
1596208994.0507593,0,191.39255477923342,0
1596208994.5506537,6.0002045823950425,191.39255477923342,0
1596208995.0506706,12.000419159116234,191.39255477923342,0
1596208995.5506585,18.00028183001467,191.39255477923342,0
1596208996.0506577,24.000276107968773,191.39255477923342,0
1596208996.5506635,30.000333328427757,191.39255477923342,0
1596208997.050653,36.00021030444094,191.39255477923342,0
1596208997.5506582,42.00027896899172,191.39255477923342,0
1596208998.0506597,48.00029041308352,191.39255477923342,0
1596208998.550672,54.00042488116213,191.39255477923342,0
1596208999.0506654,60.000344772519554,191.39255477923342,0
1596208999.5506701,66.00041629809328,191.39255477923342,0
1596209000.050662,72.00031902331301,191.39255477923342,0
1596209000.5506651,78.00036193865725,191.39255477923342,0
1596209001.0506723,84.00044776934573,191.39255477923342,0
1596209001.5506701,90.00041915911623,191.39255477923342,0
1596209002.0506568,96.00025894183108,191.39255477923342,0
1596209002.5506635,102.00033905047366,191.39255477923342,0
1596209003.0506568,108.00025894183108,191.39255477923342,0
1596209003.550663,114.00033332842776,191.39255477923342,0
1596209003.5843081,114.40260173815676,191.39255477923342,0
1596209003.5843785,114.40260173815676,185.6724246923256,0
1596209004.0506613,114.28018035333633,185.6724246923256,0
1596209004.5506551,120.28011168878555,185.6724246923256,0
1596209005.050655,126.28011168878555,185.6724246923256,0
1596209005.5506692,132.2802833501625,185.6724246923256,0
1596209006.0506592,138.2801603261757,185.6724246923256,0
1596209006.5506701,144.28029193323135,185.6724246923256,0
1596209007.0506546,150.28010596673965,185.6724246923256,0
1596209007.5506673,156.28025760095596,185.6724246923256,0
1596209008.0506568,162.2801317159462,185.6724246923256,0
1596209008.550654,168.2800916616249,185.6724246923256,0
1596209009.0506632,174.28020610254288,185.6724246923256,0
1596209009.550654,180.2800973836708,185.6724246923256,0
1596209010.0506656,186.28023471277237,185.6724246923256,0
1596209010.5506594,192.28016318719864,185.6724246923256,0
1596209011.050665,198.28023185174942,185.6724246923256,0
1596209011.550663,204.28020324151993,185.6724246923256,0
1596209012.050671,210.28030337732315,185.6724246923256,0
1596209012.5506682,216.2802661840248,185.6724246923256,0
1596209013.050654,222.28009452264786,185.6724246923256,0
1596209013.55066,228.2801660482216,185.6724246923256,0
1596209014.05066,234.2801717702675,185.6724246923256,0
1596209014.5506675,240.28025760095596,185.6724246923256,0
1596209015.0506537,246.2800916616249,185.6724246923256,0
1596209015.3844926,250.28469981592178,185.6724246923256,0
1596209015.3845625,250.28469981592178,191.1581897015295,0
1596209015.5506604,257.7659310574255,191.1581897015295,0
1596209016.0506682,263.76603119322874,191.1581897015295,0
1596209016.550662,269.765959667655,191.1581897015295,0
1596209017.0506656,275.76600258299925,191.1581897015295,0
1596209017.5506566,281.76589100310423,191.1581897015295,0
1596209018.0506516,287.7658366436682,191.1581897015295,0
1596209018.5506713,293.76607124755003,191.1581897015295,0
1596209019.050665,299.7659997219763,191.1581897015295,0
1596209019.550665,305.76599686095335,191.1581897015295,0
1596209020.0506644,311.76598541686155,191.1581897015295,0
1596209020.5506563,317.7658881420813,191.1581897015295,0
1596209021.050668,323.7660283322058,191.1581897015295,0
1596209021.5506577,329.765905308219,191.1581897015295,0
1596209022.0506642,335.7659825558386,191.1581897015295,0
1596209022.5506616,341.7659539456091,191.1581897015295,0
1596209023.0506601,347.76593391844847,191.1581897015295,0
1596209023.5506525,353.7658423657141,191.1581897015295,0
1596209024.0506518,359.7658366436682,191.1581897015295,0
1596209024.0702732,360,191.1581897015295,1
1596209024.070276,0,191.1581897015295,0
1596209024.570173,6.000068592520705,191.1581897015295,0
1596209025.0701902,12.000294613333693,191.1581897015295,0
1596209025.5701764,18.000131535025588,191.1581897015295,0
1596209026.0701778,24.000142979117385,191.1581897015295,0
1596209026.5701764,30.00012581297969,191.1581897015295,0
1596209027.0701854,36.00023739287471,191.1581897015295,0
1596209027.5701733,42.0000914807043,191.1581897015295,0
1596209028.070187,48.000254559012404,191.1581897015295,0
1596209028.5701754,54.00012295195674,191.1581897015295,0
1596209029.0701838,60.000220226737014,191.1581897015295,0
1596209029.5701828,66.00019733855342,191.1581897015295,0
1596209030.0701807,72.00017445036983,191.1581897015295,0
1596209030.5701737,78.0000972027502,191.1581897015295,0
1596209031.0701857,84.00024597594356,191.1581897015295,0
1596209031.57018,90.00017158934688,191.1581897015295,0
1596209032.0701854,96.00023453185176,191.1581897015295,0
1596209032.5701804,102.00018017241572,191.1581897015295,0
1596209033.0701907,108.00030319640254,191.1581897015295,0
1596209033.5701838,114.00022022673701,191.1581897015295,0
1596209033.6725602,115.2234162564001,191.1581897015295,0
1596209033.6726313,115.2234162564001,185.39701888870948,0
1596209034.0701888,114.23909805130714,185.39701888870948,0
1596209034.5701873,120.23908374619239,185.39701888870948,0
1596209035.070191,126.23912952255958,185.39701888870948,0
1596209035.5701814,132.23901222061866,185.39701888870948,0
1596209036.0701802,138.2390036375498,185.39701888870948,0
1596209036.5701785,144.23898361038917,185.39701888870948,0
1596209037.070178,150.23898074936622,185.39701888870948,0
1596209037.570179,156.23899505448097,185.39701888870948,0
1596209038.070191,162.23913238358253,185.39701888870948,0
1596209038.5701773,168.23897216629737,185.39701888870948,0
1596209039.0701883,174.2391009123301,185.39701888870948,0
1596209039.5701911,180.23913524460548,185.39701888870948,0
1596209040.0701847,186.2390608580088,185.39701888870948,0
1596209040.5701923,192.23914954972022,185.39701888870948,0
1596209041.0701778,198.23896644425147,185.39701888870948,0
1596209041.5701861,204.23907516312354,185.39701888870948,0
1596209042.0701835,210.23904083084815,185.39701888870948,0
1596209042.5701866,216.2390780241465,185.39701888870948,0
1596209043.0701764,222.23896072220558,185.39701888870948,0
1596209043.5701857,228.2390723021006,185.39701888870948,0
1596209044.0701811,234.23901794266456,185.39701888870948,0
1596209044.5701911,240.23913810562843,185.39701888870948,0
1596209045.0701752,246.23894641709083,185.39701888870948,0
1596209045.2136776,247.9594797880625,185.39701888870948,0
1596209045.2137492,247.9594797880625,190.99904489930637,0
1596209045.570187,257.8411068957663,190.99904489930637,0
1596209046.0701883,263.8411297839499,190.99904489930637,0
1596209046.570175,269.8409724276877,190.99904489930637,0
1596209047.0701919,275.84117269929413,190.99904489930637,0
1596209047.5701852,281.84109259065156,190.99904489930637,0
1596209048.0701885,287.84113264497284,190.99904489930637,0
1596209048.5701768,293.8409895938254,190.99904489930637,0
1596209049.0701766,299.8409895938254,190.99904489930637,0
1596209049.5701776,305.8410010379172,190.99904489930637,0
1596209050.0701733,311.8409495395041,190.99904489930637,0
1596209050.5701857,317.8411011737204,190.99904489930637,0
1596209051.070184,323.84107542451386,190.99904489930637,0
1596209051.5701756,329.8409781497336,190.99904489930637,0
1596209052.0701923,335.8411755603171,190.99904489930637,0
1596209052.5701818,341.84105253633027,190.99904489930637,0
1596209053.0701723,347.8409380954123,190.99904489930637,0
1596209053.5701933,353.84117269929413,190.99904489930637,0
1596209054.070178,359.84100389894013,190.99904489930637,0
1596209054.0835447,360,190.99904489930637,1
1596209054.0835476,0,190.99904489930637,0
1596209054.5834517,6.000277046523166,190.99904489930637,0
1596209055.083452,12.000288490614963,190.99904489930637,0
1596209055.5834625,18.00041437562473,190.99904489930637,0
1596209056.0834458,24.000219826064182,190.99904489930637,0
1596209056.583443,30.00018549378879,190.99904489930637,0
1596209057.0834525,36.00029707368381,190.99904489930637,0
1596209057.5834608,42.00039720948703,190.99904489930637,0
1596209058.083453,48.00029135163791,190.99904489930637,0
1596209058.5834594,54.00037718232639,190.99904489930637,0
1596209059.083461,60.00040293153293,190.99904489930637,0
1596209059.5834467,66.00022554811008,190.99904489930637,0
1596209060.0834575,72.0003600161887,190.99904489930637,0
1596209060.5834558,78.0003371280051,190.99904489930637,0
1596209061.0834467,84.00022840913303,190.99904489930637,0
1596209061.5834484,90.00024557527072,190.99904489930637,0
1596209062.0834546,96.00032854493625,190.99904489930637,0
1596209062.5834541,102.00032282289035,190.99904489930637,0
1596209063.0834482,108.00024843629367,190.99904489930637,0
1596209063.5834608,114.00039720948703,190.99904489930637,0
1596209063.7451446,115.93912649568088,190.99904489930637,0
1596209063.7452154,115.93912649568088,185.20208857452232,0
1596209064.083455,114.2033664981063,185.20208857452232,0
1596209064.5834553,120.20337508117515,185.20208857452232,0
1596209065.0834482,126.20329211150963,185.20208857452232,0
1596209065.5834432,132.20322916900474,185.20208857452232,0
1596209066.0834484,138.20329211150963,185.20208857452232,0
1596209066.5834422,144.2032205859359,185.20208857452232,0
1596209067.0834467,150.20327780639488,185.20208857452232,0
1596209067.5834553,156.2033779421981,185.20208857452232,0
1596209068.0834463,162.20326922332603,185.20208857452232,0
1596209068.5834436,168.2032377520736,185.20208857452232,0
1596209069.083449,174.20330069457847,185.20208857452232,0
1596209069.583456,180.203383664244,185.20208857452232,0
1596209070.0834486,186.20329497253258,185.20208857452232,0
1596209070.5834506,192.20332072173912,185.20208857452232,0
1596209071.0834546,198.2033722201522,185.20208857452232,0
1596209071.5834558,204.20338080322105,185.20208857452232,0
1596209072.0834484,210.20329211150963,185.20208857452232,0
1596209072.5834544,216.2033664981063,185.20208857452232,0
1596209073.0834534,222.20335219299156,185.20208857452232,0
1596209073.5834553,228.20337508117515,185.20208857452232,0
1596209074.0834565,234.20339224731285,185.20208857452232,0
1596209074.5834572,240.2033951083358,185.20208857452232,0
1596209075.0615897,245.93950579559166,185.20208857452232,0
1596209075.0616598,245.93950579559166,190.90511328474273,0
1596209075.0834575,251.9064198185562,190.90511328474273,0
1596209075.5834506,257.9063454319595,190.90511328474273,0
1596209076.0834625,263.906485622084,190.90511328474273,0
1596209076.5834448,269.9062767674087,190.90511328474273,0
1596209077.0834417,275.9062367130874,190.90511328474273,0
1596209077.583449,281.9063225437759,190.90511328474273,0
1596209078.0834434,287.90625674024807,190.90511328474273,0
1596209078.5834541,293.90638834730373,190.90511328474273,0
1596209079.0834498,299.9063339878677,190.90511328474273,0
1596209079.5834575,305.906428401625,190.90511328474273,0
1596209080.0834453,311.90627962843166,190.90511328474273,0
1596209080.5834503,317.9063454319595,190.90511328474273,0
1596209081.0834537,323.9063797642349,190.90511328474273,0
1596209081.5834537,329.9063797642349,190.90511328474273,0
1596209082.0834491,335.9063282658218,190.90511328474273,0
1596209082.583451,341.90634829298244,190.90511328474273,0
1596209083.083459,347.90644270673977,190.90511328474273,0
1596209083.5834541,353.90638262525783,190.90511328474273,0
1596209084.0834594,359.90644842878567,190.90511328474273,0
1596209084.0913517,360,190.90511328474273,1
1596209084.0913546,0,190.90511328474273,0
1596209084.5912573,6.000015323316944,190.90511328474273,0
1596209085.091263,12.000098292982472,190.90511328474273,0
1596209085.5912638,18.00010115400542,190.90511328474273,0
1596209086.0912619,24.000081126844776,190.90511328474273,0
1596209086.59127,30.00017840162505,190.90511328474273,0
1596209087.091276,36.00024992719878,190.90511328474273,0
1596209087.59126,42.00005537763823,190.90511328474273,0
1596209088.0912654,48.000124042189015,190.90511328474273,0
1596209088.5912578,54.00003535047759,190.90511328474273,0
1596209089.0912552,60.00000387922515,190.90511328474273,0
1596209089.5912576,66.00002676740874,190.90511328474273,0
1596209090.0912657,72.00012404218901,190.90511328474273,0
1596209090.5912583,78.00004393354644,190.90511328474273,0
1596209091.0912695,84.00017267957915,190.90511328474273,0
1596209091.5912616,90.00007826582183,190.90511328474273,0
1596209092.0912561,96.00000960127105,190.90511328474273,0
1596209092.5912745,102.00022703901519,190.90511328474273,0
1596209093.0912695,108.00017267957915,190.90511328474273,0
1596209093.5912685,114.00015551344146,190.90511328474273,0
1596209093.8043103,116.55520350233306,190.90511328474273,0
1596209093.8043795,116.55520350233306,185.07735310962607,0
1596209094.0912604,114.17229520252158,185.07735310962607,0
1596209094.5912704,120.17242108753135,185.07735310962607,0
1596209095.0912704,126.1724182265084,185.07735310962607,0
1596209095.5912745,132.17246972492148,185.07735310962607,0
1596209096.091267,138.17238103321006,185.07735310962607,0
1596209096.5912564,144.17225228717734,185.07735310962607,0
1596209097.091274,150.17246686389853,185.07735310962607,0
1596209097.5912564,156.1722494261544,185.07735310962607,0
1596209098.0912733,162.1724525587838,185.07735310962607,0
1596209098.5912683,168.1723896162789,185.07735310962607,0
1596209099.0912616,174.17232095172812,185.07735310962607,0
1596209099.5912566,180.1722551482003,185.07735310962607,0
1596209100.0912607,186.17230378559043,185.07735310962607,0
1596209100.591272,192.17244397571494,185.07735310962607,0
1596209101.0912585,198.1722665922921,185.07735310962607,0
1596209101.591271,204.17241536548545,185.07735310962607,0
1596209102.0912766,210.17249261310508,185.07735310962607,0
1596209102.59126,216.17229234149863,185.07735310962607,0
1596209103.0912678,222.17239247730186,185.07735310962607,0
1596209103.5912576,228.1722665922921,185.07735310962607,0
1596209104.091272,234.17244397571494,185.07735310962607,0
1596209104.591269,240.1724067824166,185.07735310962607,0
1596209104.9294932,244.2292858259957,185.07735310962607,0
1596209104.9295864,244.2292858259957,190.86588881832628,0
1596209105.0912707,251.96095107418566,190.86588881832628,0
1596209105.5912683,257.96093676907094,190.86588881832628,0
1596209106.091263,263.96086810452016,190.86588881832628,0
1596209106.5912585,269.9608166061071,190.86588881832628,0
1596209107.091272,275.9609825454381,190.86588881832628,0
1596209107.59127,281.96094821316274,190.86588881832628,0
1596209108.0912664,287.9609052978185,190.86588881832628,0
1596209108.5912573,293.9607994399694,190.86588881832628,0
1596209109.0912757,299.96101973873647,190.86588881832628,0
1596209109.5912743,305.9610025725988,190.86588881832628,0
1596209110.0912762,311.9610111556676,190.86588881832628,0
1596209110.5912747,317.9609968505529,190.86588881832628,0
1596209111.0912647,323.96087954861196,190.86588881832628,0
1596209111.5912716,329.96096537930043,190.86588881832628,0
1596209112.0912607,335.96083377224477,190.86588881832628,0
1596209112.591268,341.9609281860021,190.86588881832628,0
1596209113.0912583,347.9608108840612,190.86588881832628,0
1596209113.5912757,353.9610054336217,190.86588881832628,0
1596209114.0912647,359.9608824096349,190.86588881832628,0
1596209114.0946665,360,190.86588881832628,1
1596209114.0946696,0,190.86588881832628,0
1596209114.5945501,6.000293000760365,190.86588881832628,0
1596209115.0945415,12.000207170071889,190.86588881832628,0
1596209115.5945537,18.000355943265248,190.86588881832628,0
1596209116.0945446,24.00024436337023,190.86588881832628,0
1596209116.5945616,30.000447495999623,190.86588881832628,0
1596209117.0945492,36.000298722806264,190.86588881832628,0
1596209117.5945618,42.00045035702257,190.86588881832628,0
1596209118.0945563,48.00037597042589,190.86588881832628,0
1596209118.5945625,54.00045607906847,190.86588881832628,0
1596209119.094548,60.00028441769152,190.86588881832628,0
1596209119.5945606,66.00043605190783,190.86588881832628,0
1596209120.0945513,72.00031874996691,190.86588881832628,0
1596209120.5945432,78.00021289211779,190.86588881832628,0
1596209121.0945501,84.00030444485216,190.86588881832628,0
1596209121.594549,90.00029013973742,190.86588881832628,0
1596209122.0945513,96.00031588894396,190.86588881832628,0
1596209122.5945637,102.00047038418322,190.86588881832628,0
1596209123.0945547,108.00035022121935,190.86588881832628,0
1596209123.5945687,114.00053046566515,190.86588881832628,0
1596209123.8522227,117.09078715664415,190.86588881832628,0
1596209123.8522947,117.09078715664415,185.01134946049407,0
1596209124.0945606,114.14588238896087,185.01134946049407,0
1596209124.594558,120.1457507819052,185.01134946049407,0
1596209125.0945587,126.1457679480429,185.01134946049407,0
1596209125.5945616,132.1458022803183,185.01134946049407,0
1596209126.0945578,138.14573647679046,185.01134946049407,0
1596209126.5945406,144.14566209019378,185.01134946049407,0
1596209127.0945532,150.14571072758392,185.01134946049407,0
1596209127.59457,156.14590527714446,185.01134946049407,0
1596209128.0945706,162.14591099919036,185.01134946049407,0
1596209128.594548,168.14574792088226,185.01134946049407,0
1596209129.0945663,174.14586808384612,185.01134946049407,0
1596209129.5945523,180.1458022803183,185.01134946049407,0
1596209130.0945554,186.14583947361663,185.01134946049407,0
1596209130.5945477,192.1457450598593,185.01134946049407,0
1596209131.0945523,198.14579941929534,185.01134946049407,0
1596209131.5945547,204.14583089054778,185.01134946049407,0
1596209132.0945458,210.1457278937216,185.01134946049407,0
1596209132.5945508,216.1457851141806,185.01134946049407,0
1596209133.0945592,222.14588524998382,185.01134946049407,0
1596209133.594559,228.14588238896087,185.01134946049407,0
1596209134.0945613,234.1459081381674,185.01134946049407,0
1596209134.5945518,240.1457965582724,185.01134946049407,0
1596209134.8124046,242.75842549503997,185.01134946049407,0
1596209134.8124757,242.75842549503997,190.87342818574209,0
1596209135.0945592,252.00795825318593,190.87342818574209,0
1596209135.5945601,258.0079782803466,190.87342818574209,0
1596209136.0945554,264.0079153378417,190.87342818574209,0
1596209136.5945454,270.00779517487786,190.87342818574209,0
1596209137.0945525,276.00788100556633,190.87342818574209,0
1596209137.5945473,282.0078209240844,190.87342818574209,0
1596209138.0945513,288.0078667004516,190.87342818574209,0
1596209138.5945437,294.00777228669426,190.87342818574209,0
1596209139.0945446,300.00778945283196,190.87342818574209,0
1596209139.5945477,306.0078266461303,190.87342818574209,0
1596209140.0945559,312.0079267819335,190.87342818574209,0
1596209140.5945582,318.00795253114006,190.87342818574209,0
1596209141.0945435,324.00777228669426,190.87342818574209,0
1596209141.594554,330.007898171704,190.87342818574209,0
1596209142.0945594,336.00796397523186,190.87342818574209,0
1596209142.5945494,342.00784667329094,190.87342818574209,0
1596209143.0945601,348.00797541932366,190.87342818574209,0
1596209143.5945601,354.00797541932366,190.87342818574209,0
1596209144.094041,360,190.87342818574209,1
1596209144.0940456,0,190.87342818574209,0
1596209144.593922,6.000290711682027,190.87342818574209,0
1596209145.0939214,12.000302155773824,190.87342818574209,0
1596209145.5939174,18.000253518383687,190.87342818574209,0
1596209146.093926,24.000362237255757,190.87342818574209,0
1596209146.5939095,30.000150521557515,190.87342818574209,0
1596209147.093921,36.00030501679677,190.87342818574209,0
1596209147.5939183,42.00025351838369,190.87342818574209,0
1596209148.0939198,48.00026782349843,190.87342818574209,0
1596209148.5939128,54.000190575878804,190.87342818574209,0
1596209149.0939236,60.00031359986562,190.87342818574209,0
1596209149.5939195,66.00026782349843,190.87342818574209,0
1596209150.093911,72.0001848538329,190.87342818574209,0
1596209150.5939271,78.00035937623281,190.87342818574209,0
1596209151.0939162,84.00024779633779,190.87342818574209,0
1596209151.5939226,90.00030787781972,190.87342818574209,0
1596209152.0939271,96.00036223725576,190.87342818574209,0
1596209152.5939202,102.00030215577382,190.87342818574209,0
1596209153.093912,108.00019343690175,190.87342818574209,0
1596209153.593917,114.00025351838369,190.87342818574209,0
1596209153.8888736,117.53812583283681,190.87342818574209,0
1596209153.8889458,117.53812583283681,184.99652189410025,0
1596209154.0939145,114.12331575548941,184.99652189410025,0
1596209154.593921,120.1233901420861,184.99652189410025,0
1596209155.0939114,126.12328142321402,184.99652189410025,0
1596209155.593916,132.12333578265006,184.99652189410025,0
1596209156.093928,138.12348455584342,184.99652189410025,0
1596209156.5939257,144.12345308459098,184.99652189410025,0
1596209157.0939186,150.1233672539025,184.99652189410025,0
1596209157.5939105,156.12327570116813,184.99652189410025,0
1596209158.0939145,162.1233214775353,184.99652189410025,0
1596209158.5939262,168.12346166765983,184.99652189410025,0
1596209159.093928,174.12348455584342,184.99652189410025,0
1596209159.5939202,180.1233901420861,184.99652189410025,0
1596209160.0939293,186.12349313891227,184.99652189410025,0
1596209160.5939248,192.12344450152213,184.99652189410025,0
1596209161.093923,198.1234073082238,184.99652189410025,0
1596209161.5939088,204.12324422991568,184.99652189410025,0
1596209162.0939233,210.12342447436149,184.99652189410025,0
1596209162.5939164,216.1233443657189,184.99652189410025,0
1596209163.0939121,222.12328714525992,184.99652189410025,0
1596209163.5939116,228.12328428423697,184.99652189410025,0
1596209164.093914,234.12331289446647,184.99652189410025,0
1596209164.593912,240.12328714525992,184.99652189410025,0
1596209164.7077954,241.48791212237174,184.99652189410025,0
1596209164.7078688,241.48791212237174,190.92212628798165,0
1596209165.093929,252.04908894972482,190.92212628798165,0
1596209165.5939245,258.04904317335763,190.92212628798165,0
1596209166.093924,264.04903172926583,190.92212628798165,0
1596209166.5939252,270.04904889540353,190.92212628798165,0
1596209167.0939271,276.0490717835871,190.92212628798165,0
1596209167.5939126,282.0488944001643,190.92212628798165,0
1596209168.0939102,288.0488600678889,190.92212628798165,0
1596209168.5939252,294.04904317335763,190.92212628798165,0
1596209169.0939276,300.049077505633,190.92212628798165,0
1596209169.593924,306.0490288682429,190.92212628798165,0
1596209170.0939229,312.04901456312814,190.92212628798165,0
1596209170.5939279,318.0490717835871,190.92212628798165,0
1596209171.0939367,324.04918336348214,190.92212628798165,0
1596209171.5939188,330.04886292891183,190.92212628798165,0
1596209172.0939248,336.0489373155085,190.92212628798165,0
1596209172.5939329,342.04913186506906,190.92212628798165,0
1596209173.0939214,348.04890012221017,190.92212628798165,0
1596209173.5939338,354.0490288682429,190.92212628798165,0
1596209174.0899656,360,190.92212628798165,1
1596209174.089969,0,190.92212628798165,0
1596209174.5898721,6.000397200152065,190.92212628798165,0
1596209175.0898657,12.000331396624233,190.92212628798165,0
1596209175.5898607,18.000277037188198,190.92212628798165,0
1596209176.0898728,24.00042008833566,190.92212628798165,0
1596209176.5898643,30.000317091509487,190.92212628798165,0
1596209177.0898776,36.00048303084054,190.92212628798165,0
1596209177.5898755,42.0004515595881,190.92212628798165,0
1596209178.0898678,48.00035142378488,190.92212628798165,0
1596209178.5898786,54.00049161390939,190.92212628798165,0
1596209179.0898733,60.000431532427456,190.92212628798165,0
1596209179.5898697,66.00038003401437,190.92212628798165,0
1596209180.0898793,72.00049733595529,190.92212628798165,0
1596209180.5898614,78.00028562025705,190.92212628798165,0
1596209181.089872,84.00041150526681,190.92212628798165,0
1596209181.5898619,90.00029134230294,190.92212628798165,0
1596209182.0898774,96.00047158674874,190.92212628798165,0
1596209182.589866,102.00033711867013,190.92212628798165,0
1596209183.0898755,108.0004401154963,190.92212628798165,0
1596209183.5898666,114.00033139662423,190.92212628798165,0
1596209183.9192662,117.95116090254464,190.92212628798165,0
1596209183.9193375,117.95116090254464,185.02456824285443,0
1596209184.089875,114.10288493139203,185.02456824285443,0
1596209184.5898652,120.10277049047406,185.02456824285443,0
1596209185.0898786,126.10293642980511,185.02456824285443,0
1596209185.5898638,132.10275904638226,185.02456824285443,0
1596209186.089869,138.10281054479535,185.02456824285443,0
1596209186.5898592,144.10270182592328,185.02456824285443,0
1596209187.0898635,150.10273329717572,185.02456824285443,0
1596209187.5898788,156.1029364298051,185.02456824285443,0
1596209188.0898712,162.1028420160478,185.02456824285443,0
1596209188.5898752,168.10289065343792,185.02456824285443,0
1596209189.0898767,174.10290495855267,185.02456824285443,0
1596209189.5898647,180.10276476842816,185.02456824285443,0
1596209190.0898802,186.1029364298051,185.02456824285443,0
1596209190.589866,192.10276476842816,185.02456824285443,0
1596209191.08988,198.10295645696576,185.02456824285443,0
1596209191.589866,204.1027790735429,185.02456824285443,0
1596209192.089878,210.10292498571332,185.02456824285443,0
1596209192.589873,216.10287348730023,185.02456824285443,0
1596209193.089863,222.10275332433636,185.02456824285443,0
1596209193.5898657,228.1027790735429,185.02456824285443,0
1596209194.0898685,234.10275332433636,185.02456824285443,0
1596209194.5898848,240.10300223333294,185.02456824285443,0
1596209194.614024,240.39108149511273,185.02456824285443,0
1596209194.6140962,240.39108149511273,191.0050141680988,0
1596209195.0898795,252.08337663300358,191.0050141680988,0
1596209195.5898604,258.08315347321354,191.0050141680988,0
1596209196.0898788,264.08337949402653,191.0050141680988,0
1596209196.5898623,270.08318208344303,191.0050141680988,0
1596209197.0898597,276.0831506121906,191.0050141680988,0
1596209197.5898852,282.08338521607243,191.0050141680988,0
1596209198.0898778,288.0833594668659,191.0050141680988,0
1596209198.5898628,294.0831792224201,191.0050141680988,0
1596209199.089872,300.08329938538395,191.0050141680988,0
1596209199.589862,306.08318208344303,191.0050141680988,0
1596209200.089863,312.0831963885578,191.0050141680988,0
1596209200.5898588,318.08314202912175,191.0050141680988,0
1596209201.0898604,324.0831620562824,191.0050141680988,0
1596209201.58987,330.08317636139714,191.0050141680988,0
1596209202.089874,336.0832049716266,191.0050141680988,0
1596209202.5898643,342.0832021106037,191.0050141680988,0
1596209203.0898678,348.0832450259479,191.0050141680988,0
1596209203.589869,354.08325933106266,191.0050141680988,0
1596209204.0830312,360,191.0050141680988,1
1596209204.083069,0,191.0050141680988,0
1596209204.5829327,6.000015007332195,191.0050141680988,0
1596209205.0829453,12.000175224617351,191.0050141680988,0
1596209205.5829318,18.000012146309246,191.0050141680988,0
1596209206.0829325,24.000023590401042,191.0050141680988,0
1596209206.5829372,30.000083671882976,191.0050141680988,0
1596209207.0829313,36.000012146309246,191.0050141680988,0
1596209207.5829482,42.00021527893864,191.0050141680988,0
1596209208.0829494,48.00022672303044,191.0050141680988,0
1596209208.5829399,54.00011514313542,191.0050141680988,0
1596209209.0829468,60.000195251777996,191.0050141680988,0
1596209209.5829322,66.0000207293781,191.0050141680988,0
1596209210.0829518,72.00025247223698,191.0050141680988,0
1596209210.5829403,78.00012372620427,191.0050141680988,0
1596209211.0829422,84.00012944825016,191.0050141680988,0
1596209211.5829353,90.00004361756169,191.0050141680988,0
1596209212.0829437,96.00016378052555,191.0050141680988,0
1596209212.5829508,102.00024961121403,191.0050141680988,0
1596209213.0829468,108.000195251778,191.0050141680988,0
1596209213.5829434,114.0001551974567,191.0050141680988,0
1596209213.9385273,118.26554559357487,191.0050141680988,0
1596209213.9386008,118.26554559357487,185.09173688842006,0
1596209214.0829453,114.08690366698451,185.09173688842006,0
1596209214.5829432,120.08687505675502,185.09173688842006,0
1596209215.082938,126.08679780913539,185.09173688842006,0
1596209215.5829356,132.0867691989059,185.09173688842006,0
1596209216.0829384,138.08682069731898,185.09173688842006,0
1596209216.58294,144.08684072447963,185.09173688842006,0
1596209217.0829422,150.08686933470912,185.09173688842006,0
1596209217.5829394,156.08683500243373,185.09173688842006,0
1596209218.0829403,162.08683500243373,185.09173688842006,0
1596209218.5829358,168.0867863650436,185.09173688842006,0
1596209219.082935,174.08676633788295,185.09173688842006,0
1596209219.5829434,180.08688077880092,185.09173688842006,0
1596209220.082933,186.08675489379115,185.09173688842006,0
1596209220.5829468,192.0869208331222,185.09173688842006,0
1596209221.0829492,198.0869379992599,185.09173688842006,0
1596209221.5829318,204.08673200560756,185.09173688842006,0
1596209222.0829382,210.0868092532272,185.09173688842006,0
1596209222.5829473,216.086932277214,185.09173688842006,0
1596209223.0829494,222.08688936186977,185.09173688842006,0
1596209223.5829492,228.08693513823695,185.09173688842006,0
1596209224.0829365,234.08678922606654,185.09173688842006,0
1596209224.5283267,239.42950067473598,185.09173688842006,0
1596209224.5284002,239.42950067473598,191.12026185468326,0
1596209224.58294,246.11536282971988,191.12026185468326,0
1596209225.0829363,252.11531991437565,191.12026185468326,0
1596209225.582939,258.115354246651,191.12026185468326,0
1596209226.0829403,264.1153714127887,191.12026185468326,0
1596209226.5829418,270.1153828568805,191.12026185468326,0
1596209227.0829484,276.1154057450641,191.12026185468326,0
1596209227.5829568,282.11556024030335,191.12026185468326,0
1596209228.0829432,288.1153943009723,191.12026185468326,0
1596209228.5829377,294.1153370805133,191.12026185468326,0
1596209229.0829384,300.1153428025592,191.12026185468326,0
1596209229.5829356,306.1153141923297,191.12026185468326,0
1596209230.0829334,312.1152913041461,191.12026185468326,0
1596209230.5829449,318.1154229112018,191.12026185468326,0
1596209231.082947,324.11545438245423,191.12026185468326,0
1596209231.5829575,330.1154629655231,191.12026185468326,0
1596209232.082947,336.11533421949036,191.12026185468326,0
1596209232.5829532,342.1155173249591,191.12026185468326,0
1596209233.0829368,348.1153199143756,191.12026185468326,0
1596209233.5829327,354.11526269391663,191.12026185468326,0
1596209234.073441,360,191.12026185468326,1
1596209234.0734444,0,191.12026185468326,0
1596209234.5733495,6.0002610154498655,191.12026185468326,0
1596209235.0733433,12.000183767830237,191.12026185468326,0
1596209235.5733604,18.000409788643225,191.12026185468326,0
1596209236.0733452,24.000229544197424,191.12026185468326,0
1596209236.5733593,30.000401205574377,191.12026185468326,0
1596209237.0733557,36.00035256818424,191.12026185468326,0
1596209237.5733604,42.000409788643225,191.12026185468326,0
1596209238.073353,48.00030965284,191.12026185468326,0
1596209238.5733442,54.00020951703678,191.12026185468326,0
1596209239.0733566,60.00034398511539,191.12026185468326,0
1596209239.57335,66.00026673749576,191.12026185468326,0
1596209240.0733552,72.00034112409244,191.12026185468326,0
1596209240.5733523,78.00031823590885,191.12026185468326,0
1596209241.07335,84.00028676465641,191.12026185468326,0
1596209241.573359,90.00039548352848,191.12026185468326,0
1596209242.0733426,96.00019807294498,191.12026185468326,0
1596209242.5733523,102.0003153748859,191.12026185468326,0
1596209243.0733447,108.00022382215153,191.12026185468326,0
1596209243.5733624,114.00041837171207,191.12026185468326,0
1596209243.9503925,118.52277154401432,191.12026185468326,0
1596209243.9504635,118.52277154401432,185.19412327748256,0
1596209244.0733597,114.07425976735072,185.19412327748256,0
1596209244.5733533,120.07418538075405,185.19412327748256,0
1596209245.0733519,126.0741710756393,185.19412327748256,0
1596209245.5733557,132.07422257405238,185.19412327748256,0
1596209246.0733564,138.07422543507533,185.19412327748256,0
1596209246.5733523,144.0741767976852,185.19412327748256,0
1596209247.0733423,150.07405091267543,185.19412327748256,0
1596209247.5733514,156.0741653535934,185.19412327748256,0
1596209248.0733454,162.07409096699672,185.19412327748256,0
1596209248.573355,168.07419110279994,185.19412327748256,0
1596209249.0733552,174.0742111299606,185.19412327748256,0
1596209249.5733466,180.07410527211147,185.19412327748256,0
1596209250.0733495,186.07414532643276,185.19412327748256,0
1596209250.5733418,192.07405091267543,185.19412327748256,0
1596209251.0733485,198.074131021318,185.19412327748256,0
1596209251.5733547,204.0741996858688,185.19412327748256,0
1596209252.0733411,210.07403946858363,185.19412327748256,0
1596209252.5733488,216.0741367433639,185.19412327748256,0
1596209253.0733566,222.0742054079147,185.19412327748256,0
1596209253.5733488,228.074131021318,185.19412327748256,0
1596209254.0733523,234.07417965870815,185.19412327748256,0
1596209254.4515116,238.61033154469447,185.19412327748256,0
1596209254.4515846,238.61033154469447,191.26360670024783,0
1596209254.5733593,246.1437374680701,191.26360670024783,0
1596209255.0733585,252.1437317460242,191.26360670024783,0
1596209255.57336,258.14374891216187,191.26360670024783,0
1596209256.0733473,264.1435944169226,191.26360670024783,0
1596209256.5733554,270.1436974137488,191.26360670024783,0
1596209257.073355,276.14369455272583,191.26360670024783,0
1596209257.5733507,282.14362588817505,191.26360670024783,0
1596209258.0733476,288.14358583385376,191.26360670024783,0
1596209258.5733466,294.14358583385376,191.26360670024783,0
1596209259.0733511,300.14364305431275,191.26360670024783,0
1596209259.5733416,306.1435314744177,191.26360670024783,0
1596209260.0733607,312.14376035625367,191.26360670024783,0
1596209260.5733588,318.14373746807007,191.26360670024783,0
1596209261.0733616,324.1437689393225,191.26360670024783,0
1596209261.5733426,330.1435457795325,191.26360670024783,0
1596209262.0733414,336.1435286133948,191.26360670024783,0
1596209262.5733497,342.1436058610144,191.26360670024783,0
1596209263.0733602,348.14374891216187,191.26360670024783,0
1596209263.573352,354.1436573594275,191.26360670024783,0
1596209264.0614893,360,191.26360670024783,1
1596209264.061492,0,191.26360670024783,0
1596209264.561405,6.000271472281526,191.26360670024783,0
1596209265.0613906,12.000116977042268,191.26360670024783,0
1596209265.5613978,18.000188502616,191.26360670024783,0
1596209266.061394,24.00014272624881,191.26360670024783,0
1596209266.5614061,30.000308665579865,191.26360670024783,0
1596209267.0613897,36.00010553295047,191.26360670024783,0
1596209267.561398,42.00020852977664,191.26360670024783,0
1596209268.0614042,48.000277194327424,191.26360670024783,0
1596209268.561399,54.00021711284549,191.26360670024783,0
1596209269.061388,60.00008264476688,191.26360670024783,0
1596209269.5613906,66.00011697704227,191.26360670024783,0
1596209270.0613892,72.00010267192752,191.26360670024783,0
1596209270.5613897,78.00009122783572,191.26360670024783,0
1596209271.0613952,84.00015417034061,191.26360670024783,0
1596209271.5614064,90.00030580455692,191.26360670024783,0
1596209272.0613914,96.00012269908817,191.26360670024783,0
1596209272.5613906,102.00011411601932,191.26360670024783,0
1596209273.0613923,108.00013986522586,191.26360670024783,0
1596209273.5613945,114.0001656144324,191.26360670024783,0
1596209273.9598656,118.78017679149539,191.26360670024783,0
1596209273.9599395,118.78017679149539,185.32459786067307,0
1596209274.061394,114.06114246974289,185.32459786067307,0
1596209274.561407,120.06130268702805,185.32459786067307,0
1596209275.061401,126.06123116145432,185.32459786067307,0
1596209275.561391,132.0611024154216,185.32459786067307,0
1596209276.0613937,138.0611310256511,185.32459786067307,0
1596209276.561392,144.0611253036052,185.32459786067307,0
1596209277.0614066,150.06130268702805,185.32459786067307,0
1596209277.5614038,156.06126835475266,185.32459786067307,0
1596209278.0614016,162.0612426055461,185.32459786067307,0
1596209278.561402,168.061248327592,185.32459786067307,0
1596209279.0613947,174.0611539138347,185.32459786067307,0
1596209279.5613987,180.06120827327072,185.32459786067307,0
1596209280.0614054,186.06128552089035,185.32459786067307,0
1596209280.5614097,192.06131985316574,185.32459786067307,0
1596209281.0613968,198.0611481917888,185.32459786067307,0
1596209281.5614002,204.06121399531662,185.32459786067307,0
1596209282.0613947,210.0611539138347,185.32459786067307,0
1596209282.5613976,216.06118824611008,185.32459786067307,0
1596209283.061394,222.0611481917888,185.32459786067307,0
1596209283.5614066,228.061305548051,185.32459786067307,0
1596209284.0613935,234.0611424697429,185.32459786067307,0
1596209284.382232,237.9092469466716,185.32459786067307,0
1596209284.3823135,237.9092469466716,191.42913551333947,0
1596209284.5613897,246.1656286239962,191.42913551333947,0
1596209285.0614085,252.16586322787805,191.42913551333947,0
1596209285.5614061,258.16581745151086,191.42913551333947,0
1596209286.0613997,264.16574020389123,191.42913551333947,0
1596209286.5614042,270.1658145904879,191.42913551333947,0
1596209287.0613902,276.165640068088,191.42913551333947,0
1596209287.561404,282.16580600741906,191.42913551333947,0
1596209288.0613918,288.1656457901339,191.42913551333947,0
1596209288.5614014,294.1657688141207,191.42913551333947,0
1596209289.0614011,300.1657659530978,191.42913551333947,0
1596209289.5614026,306.16579456332727,191.42913551333947,0
1596209290.0613995,312.165754509006,191.42913551333947,0
1596209290.5613961,318.1657030105929,191.42913551333947,0
1596209291.0613904,324.16564292911096,191.42913551333947,0
1596209291.5614045,330.16578311923547,191.42913551333947,0
1596209292.0614092,336.165866088901,191.42913551333947,0
1596209292.561394,342.1656858444552,191.42913551333947,0
1596209293.0614007,348.1657659530978,191.42913551333947,0
1596209293.5613954,354.16568870547815,191.42913551333947,0
1596209294.047705,360,191.42913551333947,1
1596209294.0477417,0,191.42913551333947,0
1596209294.547613,6.00029582980676,191.42913551333947,0
1596209295.0476217,12.000418853793576,191.42913551333947,0
1596209295.5476174,18.00036735538049,191.42913551333947,0
1596209296.0476122,24.00029869082971,191.42913551333947,0
1596209296.5476234,30.00043888095422,191.42913551333947,0
1596209297.0476065,36.000235748324826,191.42913551333947,0
1596209297.5476172,42.00036449435754,191.42913551333947,0
1596209298.0476184,48.00036449435754,191.42913551333947,0
1596209298.5476158,54.000315856967404,191.42913551333947,0
1596209299.047622,60.00041599277063,191.42913551333947,0
1596209299.547615,66.00033588412805,191.42913551333947,0
1596209300.047625,72.00045318606897,191.42913551333947,0
1596209300.5476136,78.00032444003625,191.42913551333947,0
1596209301.0476112,84.00029296878381,191.42913551333947,0
1596209301.54761,90.00028152469201,191.42913551333947,0
1596209302.0476084,96.00026149753137,191.42913551333947,0
1596209302.5476062,102.00023288730188,191.42913551333947,0
1596209303.0476222,108.00042743686242,191.42913551333947,0
1596209303.5476172,114.0003559112887,191.42913551333947,0
1596209303.9656796,119.01501388553186,191.42913551333947,0
1596209303.9657514,119.01501388553186,185.47838481906288,0
1596209304.0476239,114.04967674258583,185.47838481906288,0
1596209304.547615,120.04957374575966,185.47838481906288,0
1596209305.0476115,126.04954513553017,185.47838481906288,0
1596209305.5476089,132.04951080325478,185.47838481906288,0
1596209306.0476103,138.04953369143837,185.47838481906288,0
1596209306.547611,144.04953941348427,185.47838481906288,0
1596209307.0476131,150.0495651626908,185.47838481906288,0
1596209307.5476146,156.0495823288285,185.47838481906288,0
1596209308.04761,162.04952510836952,185.47838481906288,0
1596209308.5476165,168.04960235598915,185.47838481906288,0
1596209309.047628,174.04972824099892,185.47838481906288,0
1596209309.5476081,180.04950508120888,185.47838481906288,0
1596209310.0476234,186.04967102053993,185.47838481906288,0
1596209310.547627,192.04972824099892,185.47838481906288,0
1596209311.0476124,198.0495594406449,185.47838481906288,0
1596209311.5476172,204.04961952212685,185.47838481906288,0
1596209312.047619,210.0496395492875,185.47838481906288,0
1596209312.5476174,216.0496223831498,185.47838481906288,0
1596209313.047617,222.04961380008095,185.47838481906288,0
1596209313.547607,228.04949649814003,185.47838481906288,0
1596209314.0476117,234.04955085757607,185.47838481906288,0
1596209314.321828,237.3385456466996,185.47838481906288,0
1596209314.3219004,237.3385456466996,191.6114575367279,0
1596209314.5476158,246.18266935160827,191.6114575367279,0
1596209315.0476103,252.18260927012633,191.6114575367279,0
1596209315.5476117,258.1826235752411,191.6114575367279,0
1596209316.0476208,264.1827151279755,191.6114575367279,0
1596209316.5476081,270.1825634937592,191.6114575367279,0
1596209317.047627,276.1828038196869,191.6114575367279,0
1596209317.5476139,282.1826521854706,191.6114575367279,0
1596209318.047613,288.18263215830996,191.6114575367279,0
1596209318.5476146,294.18265504649355,191.6114575367279,0
1596209319.047623,300.1827580433197,191.6114575367279,0
1596209319.5476255,306.18278951457216,191.6114575367279,0
1596209320.047625,312.18278379252627,191.6114575367279,0
1596209320.5476189,318.18270654490664,191.6114575367279,0
1596209321.047619,324.18271226695254,191.6114575367279,0
1596209321.5476124,330.18262643626406,191.6114575367279,0
1596209322.047628,336.1827465992279,191.6114575367279,0
1596209322.547623,342.1827465992279,191.6114575367279,0
1596209323.0476227,348.1827494602509,191.6114575367279,0
1596209323.5476255,354.18278951457216,191.6114575367279,0
1596209324.0324953,360,191.6114575367279,1
1596209324.0324981,0,191.6114575367279,0
1596209324.5324113,6.0002047519988935,191.6114575367279,0
1596209325.0324001,12.000081728012077,191.6114575367279,0
1596209325.5324066,18.000161836654655,191.6114575367279,0
1596209326.0323997,24.00007314494323,191.6114575367279,0
1596209326.5324032,30.00010461619567,191.6114575367279,0
1596209327.032416,36.000273416549675,191.6114575367279,0
1596209327.5324135,42.00024480632018,191.6114575367279,0
1596209328.032411,48.00021047404479,191.6114575367279,0
1596209328.532408,54.00017900279235,191.6114575367279,0
1596209329.0323966,60.00003881266784,191.6114575367279,0
1596209329.5324106,66.0002047519989,191.6114575367279,0
1596209330.0323963,72.00003595164489,191.6114575367279,0
1596209330.5324101,78.000199029953,191.6114575367279,0
1596209331.0323994,84.00007314494323,191.6114575367279,0
1596209331.532399,90.00006742289733,191.6114575367279,0
1596209332.032397,96.00004453471374,191.6114575367279,0
1596209332.532406,102.00009031108092,191.6114575367279,0
1596209333.0324016,108.00003595164489,191.6114575367279,0
1596209333.5324051,114.00013322642516,191.6114575367279,0
1596209333.9652967,119.19290418437194,191.6114575367279,0
1596209333.9653673,119.19290418437194,185.6518123275093,0
1596209334.0324051,114.04049946129837,185.6518123275093,0
1596209334.532415,120.04061104119339,185.6518123275093,0
1596209335.0323997,126.04042793572464,185.6518123275093,0
1596209335.5324082,132.04053379357376,185.6518123275093,0
1596209336.0324032,138.04047085106887,185.6518123275093,0
1596209336.5324037,144.04048229516067,185.6518123275093,0
1596209337.0324023,150.04046226800003,185.6518123275093,0
1596209337.5324113,156.04056812584915,185.6518123275093,0
1596209338.0324097,162.0405480986885,185.6518123275093,0
1596209338.532396,168.04038788140335,185.6518123275093,0
1596209339.0324163,174.0405652648262,185.6518123275093,0
1596209339.5324132,180.04052807152786,185.6518123275093,0
1596209340.0324109,186.0405595427803,185.6518123275093,0
1596209340.5323997,192.0404250747017,185.6518123275093,0
1596209341.0323975,198.04038215935745,185.6518123275093,0
1596209341.532403,204.04045940697708,185.6518123275093,0
1596209342.0324051,210.04049946129837,185.6518123275093,0
1596209342.5324087,216.04054523766555,185.6518123275093,0
1596209343.0324025,222.04046799004593,185.6518123275093,0
1596209343.532414,228.04060818017044,185.6518123275093,0
1596209344.0323992,234.0404250747017,185.6518123275093,0
1596209344.263988,236.81786609948196,185.6518123275093,0
1596209344.2640624,236.81786609948196,191.81091902253522,0
1596209344.5324068,246.19962332246197,191.81091902253522,0
1596209345.0324092,252.19964907166852,191.81091902253522,0
1596209345.5324197,258.19971201417343,191.81091902253522,0
1596209346.03241,264.19958612916366,191.81091902253522,0
1596209346.5324101,270.19965479371444,191.81091902253522,0
1596209347.0324194,276.19977209565536,191.81091902253522,0
1596209347.5324013,282.1995517968883,191.81091902253522,0
1596209348.0324037,288.19958040711776,191.81091902253522,0
1596209348.5324063,294.1996176004161,191.81091902253522,0
1596209349.0324063,300.19962046143905,191.81091902253522,0
1596209349.532405,306.19960329530136,191.81091902253522,0
1596209350.0324059,312.1996118783702,191.81091902253522,0
1596209350.5324,318.1995403527965,191.81091902253522,0
1596209351.0323951,324.19948027131454,191.81091902253522,0
1596209351.5323946,330.19948027131454,191.81091902253522,0
1596209352.032398,336.1995231866588,191.81091902253522,0
1596209352.5324216,342.1996919870128,191.81091902253522,0
1596209353.0324185,348.1996519326915,191.81091902253522,0
1596209353.5324223,354.199792122816,191.81091902253522,0
1596209354.0161018,360,191.81091902253522,1
1596209354.0161057,0,191.81091902253522,0
1596209354.5157843,6.000138497327697,191.81091902253522,0
1596209355.0157976,12.00031015870465,191.81091902253522,0
1596209355.5157924,18.000250077222717,191.81091902253522,0
1596209356.0158024,24.000367379163634,191.81091902253522,0
1596209356.515782,30.00012991425885,191.81091902253522,0
1596209357.0157874,36.00019285676373,191.81091902253522,0
1596209357.5157993,42.000333046888244,191.81091902253522,0
1596209358.0157998,48.00033876893414,191.81091902253522,0
1596209358.5158052,54.000370240186584,191.81091902253522,0
1596209359.0158,60.000324463819396,191.81091902253522,0
1596209359.5157866,66.00016710755719,191.81091902253522,0
1596209360.015791,72.00022432801617,191.81091902253522,0
1596209360.5157957,78.000290131544,191.81091902253522,0
1596209361.0157847,84.00015566346539,191.81091902253522,0
1596209361.5157893,90.00021574494733,191.81091902253522,0
1596209362.015798,96.0003187417735,191.81091902253522,0
1596209362.5158002,102.00034449098004,191.81091902253522,0
1596209363.015783,108.00014135835065,191.81091902253522,0
1596209363.5157936,114.00026724336041,191.81091902253522,0
1596209363.9475088,119.17884466645611,191.81091902253522,0
1596209363.947582,119.17884466645611,185.85197678921242,0
1596209364.0157945,114.04133073208351,185.85197678921242,0
1596209364.5158024,120.04142800686378,185.85197678921242,0
1596209365.0157878,126.04125348446388,185.85197678921242,0
1596209365.5157852,132.0412248742344,185.85197678921242,0
1596209366.0158045,138.04143945095558,185.85197678921242,0
1596209366.5157878,144.04123917934913,185.85197678921242,0
1596209367.0158,150.04139653561134,185.85197678921242,0
1596209367.5158007,156.04140797970314,185.85197678921242,0
1596209368.0157838,162.0412019860508,185.85197678921242,0
1596209368.5157945,168.04133359310646,185.85197678921242,0
1596209369.0157952,174.0413421761753,185.85197678921242,0
1596209369.5157828,180.0411962640049,185.85197678921242,0
1596209370.0158012,186.04141656277199,185.85197678921242,0
1596209370.5158007,192.0414108407261,185.85197678921242,0
1596209371.0157983,198.04137936947365,185.85197678921242,0
1596209371.5157976,204.0413707864048,185.85197678921242,0
1596209372.0157866,210.04124490139503,185.85197678921242,0
1596209372.5157838,216.0412077080967,185.85197678921242,0
1596209373.015793,222.04132214901466,185.85197678921242,0
1596209373.5158005,228.04134503719825,185.85197678921242,0
1596209374.0157998,234.04133359310646,185.85197678921242,0
1596209374.2112148,236.38478604671974,185.85197678921242,0
1596209374.2112875,236.38478604671974,192.03273748687644,0
1596209374.515796,246.22210001281638,192.03273748687644,0
1596209375.0157886,252.2220141821279,192.03273748687644,0
1596209375.5157967,258.2221171789541,192.03273748687644,0
1596209376.0157843,264.2219684057607,192.03273748687644,0
1596209376.515796,270.22210859588523,192.03273748687644,0
1596209377.0157897,276.2220427923574,192.03273748687644,0
1596209377.515782,282.2219455175771,192.03273748687644,0
1596209378.0157957,288.2221057348623,192.03273748687644,0
1596209378.5157895,294.22202848724265,192.03273748687644,0
1596209379.015803,300.22219728759666,192.03273748687644,0
1596209379.5157852,306.22198271087547,192.03273748687644,0
1596209380.0158017,312.222177260436,192.03273748687644,0
1596209380.5157883,318.2220199041738,192.03273748687644,0
1596209381.0158086,324.2221944265737,192.03273748687644,0
1596209381.515799,330.22207998565574,192.03273748687644,0
1596209382.015808,336.2222459249868,192.03273748687644,0
1596209382.5157933,342.22201132110496,192.03273748687644,0
1596209383.0158,348.22215151122947,192.03273748687644,0
1596209383.5157962,354.22211431793113,192.03273748687644,0
1596209383.9974234,360,192.03273748687644,1
1596209383.9974265,0,192.03273748687644,0
1596209384.4972956,6.000096076048806,192.03273748687644,0
1596209384.9973085,12.000256293333962,192.03273748687644,0
1596209385.497298,18.000138991393044,192.03273748687644,0
1596209385.997293,24.00008177093406,192.03273748687644,0
1596209386.4972966,30.00012182525535,192.03273748687644,0
1596209386.9972959,36.00011038116355,192.03273748687644,0
1596209387.4973085,42.00025915435691,192.03273748687644,0
1596209387.9972994,48.00015043548484,192.03273748687644,0
1596209388.497301,54.00015329650779,192.03273748687644,0
1596209388.9973059,60.00021337798972,192.03273748687644,0
1596209389.4973068,66.00023626617332,192.03273748687644,0
1596209389.997299,72.00014471343894,192.03273748687644,0
1596209390.497298,78.00013326934715,192.03273748687644,0
1596209390.99729,84.00003313354392,192.03273748687644,0
1596209391.4973032,90.00019621185203,192.03273748687644,0
1596209391.9973042,96.00021337798972,192.03273748687644,0
1596209392.4972975,102.0001304083242,192.03273748687644,0
1596209392.9973006,108.00016760162254,192.03273748687644,0
1596209393.4973083,114.00026201537986,192.03273748687644,0
1596209393.928539,119.17291425994773,192.03273748687644,0
1596209393.9286108,119.17291425994773,186.07409177387905,0
1596209393.9972956,114.04145894612026,186.07409177387905,0
1596209394.4973013,120.04153047169399,186.07409177387905,0
1596209394.9973035,126.04155335987758,186.07409177387905,0
1596209395.4973047,132.04156480396938,186.07409177387905,0
1596209395.9973018,138.04153333271694,186.07409177387905,0
1596209396.497302,144.04153333271694,186.07409177387905,0
1596209396.9972918,150.04141030873012,186.07409177387905,0
1596209397.4972987,156.0414789732809,186.07409177387905,0
1596209397.9972963,162.0414503630514,186.07409177387905,0
1596209398.497301,168.0415247496481,186.07409177387905,0
1596209398.9973063,174.04159055317592,186.07409177387905,0
1596209399.497304,180.04156766499233,186.07409177387905,0
1596209399.9972894,186.04139314259243,186.07409177387905,0
1596209400.497309,192.04161630238247,186.07409177387905,0
1596209400.9972932,198.04143319691372,186.07409177387905,0
1596209401.4973,204.04149900044155,186.07409177387905,0
1596209401.9973085,210.04161344135952,186.07409177387905,0
1596209402.4973016,216.04153333271694,186.07409177387905,0
1596209402.9972897,222.04139314259243,186.07409177387905,0
1596209403.4972901,228.04139886463832,186.07409177387905,0
1596209403.997308,234.04161058033657,186.07409177387905,0
1596209404.1622465,236.01885781849575,186.07409177387905,0
1596209404.1623197,236.01885781849575,192.27314888295427,0
1596209404.4973001,246.24056755360857,192.27314888295427,0
1596209404.9972966,252.24052749928728,192.27314888295427,0
1596209405.4972906,258.2404645567824,192.27314888295427,0
1596209405.9973104,264.2406905775954,192.27314888295427,0
1596209406.4972968,270.2405217772414,192.27314888295427,0
1596209406.9973028,276.2406047469069,192.27314888295427,0
1596209407.4972901,282.24045025166765,192.27314888295427,0
1596209407.9973,288.2405761366774,192.27314888295427,0
1596209408.4972894,294.24045025166765,192.27314888295427,0
1596209408.997304,300.2406219130446,192.27314888295427,0
1596209409.4973092,306.24067627248064,192.27314888295427,0
1596209409.9972985,312.2405503874709,192.27314888295427,0
1596209410.4972963,318.2405274992873,192.27314888295427,0
1596209410.9973,324.2405704146315,192.27314888295427,0
1596209411.4972954,330.24051891621843,192.27314888295427,0
1596209411.9973073,336.24065910634295,192.27314888295427,0
1596209412.497298,342.2405503874709,192.27314888295427,0
1596209412.9973025,348.24060188588396,192.27314888295427,0
1596209413.4972951,354.24051319417254,192.27314888295427,0
1596209413.9773748,360,192.27314888295427,1
1596209413.9773784,0,192.27314888295427,0
1596209414.4772763,6.000273097126637,192.27314888295427,0
1596209414.9772756,12.000275958149587,192.27314888295427,0
1596209415.4772801,18.000313151447926,192.27314888295427,0
1596209415.9772747,24.000250208943044,192.27314888295427,0
1596209416.4772825,30.000347483723317,192.27314888295427,0
1596209416.9772835,36.00037609395281,192.27314888295427,0
1596209417.477274,42.00025593098894,192.27314888295427,0
1596209417.977267,48.000172961323415,192.27314888295427,0
1596209418.4772773,54.00027595814959,192.27314888295427,0
1596209418.9772851,60.000393260090505,192.27314888295427,0
1596209419.4772832,66.00037323292986,192.27314888295427,0
1596209419.9772718,72.00022732075945,192.27314888295427,0
1596209420.4772801,78.00033603963152,192.27314888295427,0
1596209420.9772828,84.00036178883806,192.27314888295427,0
1596209421.4772744,90.00026451405779,192.27314888295427,0
1596209421.9772666,96.00017010030047,192.27314888295427,0
1596209422.477275,102.00027023610369,192.27314888295427,0
1596209422.977278,108.00030456837908,192.27314888295427,0
1596209423.4772675,114.00018154439226,192.27314888295427,0
1596209423.9096112,119.18616329488054,192.27314888295427,0
1596209423.9096842,119.18616329488054,186.31384071821026,0
1596209423.977277,114.04098495954327,186.31384071821026,0
1596209424.477285,120.04106506818584,186.31384071821026,0
1596209424.977271,126.04091915601543,186.31384071821026,0
1596209425.4772685,132.0408762406712,186.31384071821026,0
1596209425.977279,138.04099640363506,186.31384071821026,0
1596209426.477275,144.04094490522198,186.31384071821026,0
1596209426.9772818,150.0410450410252,186.31384071821026,0
1596209427.477278,156.040999264658,186.31384071821026,0
1596209427.9772828,162.041056485117,186.31384071821026,0
1596209428.4772656,168.0408476304417,186.31384071821026,0
1596209428.977279,174.04100784772686,186.31384071821026,0
1596209429.477273,180.04094204419903,186.31384071821026,0
1596209429.977278,186.040999264658,186.31384071821026,0
1596209430.4772751,192.04096779340557,186.31384071821026,0
1596209430.9772658,198.04085621351055,186.31384071821026,0
1596209431.4772844,204.04107651227764,186.31384071821026,0
1596209431.9772825,210.0410507630711,186.31384071821026,0
1596209432.4772754,216.04096779340557,186.31384071821026,0
1596209432.9772847,222.04108223432354,186.31384071821026,0
1596209433.4772723,228.04093060010723,186.31384071821026,0
1596209433.9772785,234.0410049867039,186.31384071821026,0
1596209434.1145866,235.68673691266827,186.31384071821026,0
1596209434.1146593,235.68673691266827,192.52950387257684,0
1596209434.4772694,246.25655942219842,192.52950387257684,0
1596209434.9772854,252.25673108357537,192.52950387257684,0
1596209435.4772866,258.25676541585074,192.52950387257684,0
1596209435.9772732,264.25659089345083,192.52950387257684,0
1596209436.477284,270.25673108357535,192.52950387257684,0
1596209436.9772863,276.25676541585074,192.52950387257684,0
1596209437.4772682,282.25654511708365,192.52950387257684,0
1596209437.9772801,288.256693890277,192.52950387257684,0
1596209438.477271,294.256582310382,192.52950387257684,0
1596209438.9772666,300.25652795094595,192.52950387257684,0
1596209439.4772756,306.2566338087951,192.52950387257684,0
1596209439.9772675,312.2565365340148,192.52950387257684,0
1596209440.4772668,318.2565308119689,192.52950387257684,0
1596209440.9772863,324.25676541585074,192.52950387257684,0
1596209441.4772732,330.25660805958853,192.52950387257684,0
1596209441.9772847,336.2567396666442,192.52950387257684,0
1596209442.4772797,342.2566824461852,192.52950387257684,0
1596209442.9772863,348.25676541585074,192.52950387257684,0
1596209443.4772778,354.2566595580016,192.52950387257684,0
1596209443.9559903,360,192.52950387257684,1
1596209443.9559934,0,192.52950387257684,0
1596209444.4558957,6.000065853778011,192.52950387257684,0
1596209444.9559,12.000100186053402,192.52950387257684,0
