Type = Mirollor Strogatz (-ish),Function = Mirollor Strogatz,Refract = 0.1,Epsilon = 0.1,B = 1,Start_phase = 0
Timestamp,Phase,Offset,Ping?
1595821240.000015,0,0,0
1595821240.0100331,1.8021869659423828,0.0,0
1595821240.0200346,3.602442741394043,0.0,0
1595821240.0300248,5.400681495666504,0.0,0
1595821240.0400403,7.203469276428223,0.0,0
1595821240.0500402,9.003467559814453,0.0,0
1595821240.0600336,10.802264213562012,0.0,0
1595821240.070033,12.602176666259766,0.0,0
1595821240.080028,14.401273727416992,0.0,0
1595821240.0900214,16.20007038116455,0.0,0
1595821240.1000376,18.002986907958984,0.0,0
1595821240.1100209,19.799981117248535,0.0,0
1595821240.120023,21.60036563873291,0.0,0
1595821240.1300328,23.40212345123291,0.0,0
1595821240.1400301,25.20164966583252,0.0,0
1595821240.1500225,27.000274658203125,0.0,0
1595821240.160039,28.803234100341797,0.0,0
1595821240.1700258,30.600872039794922,0.0,0
1595821240.180038,32.403059005737305,0.0,0
1595821240.1900244,34.20061111450195,0.0,0
1595821240.200037,36.00288391113281,0.0,0
1595821240.2100334,37.80223846435547,0.0,0
1595821240.2200253,39.6007776260376,0.0,0
1595821240.2300386,41.40317916870117,0.0,0
1595821240.240032,43.20197582244873,0.0,0
1595821240.2500286,45.001373291015625,0.0,0
1595821240.2600338,46.8023157119751,0.0,0
1595821240.2700403,48.60347270965576,0.0,0
1595821240.280037,50.402870178222656,0.0,0
1595821240.2900383,52.203125953674316,0.0,0
1595821240.3000295,54.00153636932373,0.0,0
1595821240.3100364,55.80277919769287,0.0,0
1595821240.320037,57.60286331176758,0.0,0
1595821240.3300292,59.401488304138184,0.0,0
1595821240.3400235,61.200456619262695,0.0,0
1595821240.3500235,63.000454902648926,0.0,0
1595821240.36004,64.8034143447876,0.0,0
1595821240.3700376,66.60298347473145,0.0,0
1595821240.3800309,68.401780128479,0.0,0
1595821240.390022,70.20019054412842,0.0,0
1595821240.4000392,72.0032787322998,0.0,0
1595821240.410021,73.80001544952393,0.0,0
1595821240.4200354,75.60258865356445,0.0,0
1595821240.4300292,77.40147113800049,0.0,0
1595821240.440032,79.20198440551758,0.0,0
1595821240.4500299,81.00159645080566,0.0,0
1595821240.4600208,82.79996395111084,0.0,0
1595821240.470021,84.60000514984131,0.0,0
1595821240.4800355,86.40262126922607,0.0,0
1595821240.490022,88.20017337799072,0.0,0
1595821240.5000372,90.0029182434082,0.0,0
1595821240.5100238,91.80051326751709,0.0,0
1595821240.520027,93.60106945037842,0.0,0
1595821240.530039,95.4032564163208,0.0,0
1595821240.5400288,97.20140933990479,0.0,0
1595821240.550022,99.0001630783081,0.0,0
1595821240.5600238,100.80050468444824,0.0,0
1595821240.5700326,102.60209083557129,0.0,0
1595821240.5800288,104.4014024734497,0.0,0
1595821240.5900395,106.20333194732666,0.0,0
1595821240.600026,108.00088405609131,0.0,0
1595821240.6100323,109.80204105377197,0.0,0
1595821240.6200335,111.6022539138794,0.0,0
1595821240.6300354,113.40259552001953,0.0,0
1595821240.640035,115.20250797271729,0.0,0
1595821240.6500227,117.00031757354736,0.0,0
1595821240.660028,118.80125999450684,0.0,0
1595821240.6700249,120.60070037841797,0.0,0
1595821240.680023,122.4003553390503,0.0,0
1595821240.6900337,124.20228481292725,0.0,0
1595821240.7000365,126.00279808044434,0.0,0
1595821240.7100327,127.80210971832275,0.0,0
1595821240.7200267,129.60103511810303,0.0,0
1595821240.730026,131.40090465545654,0.0,0
1595821240.7400355,133.2026195526123,0.0,0
1595821240.7500386,135.00317573547363,0.0,0
1595821240.760031,136.80180072784424,0.0,0
1595821240.7700303,138.60167026519775,0.0,0
1595821240.7800214,140.40008068084717,0.0,0
1595821240.7900362,142.20273971557617,0.0,0
1595821240.8000338,144.00230884552002,0.0,0
1595821240.810026,145.8008909225464,0.0,0
1595821240.8200214,147.6000738143921,0.0,0
1595821240.830023,149.400372505188,0.0,0
1595821240.840025,151.20071411132812,0.0,0
1595821240.8500211,153.00002574920654,0.0,0
1595821240.8600323,154.80204105377197,0.0,0
1595821240.8700373,156.6029405593872,0.0,0
1595821240.8800304,158.40169429779053,0.0,0
1595821240.8900213,160.2000617980957,0.0,0
1595821240.900021,162.0000171661377,0.0,0
1595821240.910024,163.80053043365479,0.0,0
1595821240.92004,165.60340404510498,0.0,0
1595821240.9300215,167.40009784698486,0.0,0
1595821240.9400203,169.1998815536499,0.0,0
1595821240.9500394,171.0033130645752,0.0,0
1595821240.9600315,172.80189514160156,0.0,0
1595821240.9700232,174.60039138793945,0.0,0
1595821240.9800386,176.40317916870117,0.0,0
1595821240.9900296,178.20154666900635,0.0,0
1595821241.0000222,180.0002145767212,0.0,0
1595821241.0086925,181.56087398529053,0.0,0
1595821241.0086925,222.69032663057257,0.22849695914045576,0
1595821241.0100396,222.93279832551886,0.22849695914045576,0
1595821241.020022,224.72962087343146,0.22849695914045576,0
1595821241.0300484,226.53438276002814,0.22849695914045576,0
1595821241.0400422,228.33326524446417,0.22849695914045576,0
1595821241.0500207,230.12940114686896,0.22849695914045576,0
1595821241.0600476,231.9342488641541,0.22849695914045576,0
1595821241.070039,233.73270219514777,0.22849695914045576,0
1595821241.0800369,235.53231424043585,0.22849695914045576,0
1595821241.0900419,237.3332137460511,0.22849695914045576,0
1595821241.1000478,239.13428491304327,0.22849695914045576,0
1595821241.1100392,240.93273824403693,0.22849695914045576,0
1595821241.120021,242.72947496126105,0.22849695914045576,0
1595821241.1300385,244.53260606477667,0.22849695914045576,0
1595821241.1400397,246.3328189248841,0.22849695914045576,0
1595821241.1500406,248.13298886964728,0.22849695914045576,0
1595821241.1600418,249.9332017297547,0.22849695914045576,0
1595821241.1700478,251.7342728967469,0.22849695914045576,0
1595821241.1800406,253.53298371980597,0.22849695914045576,0
1595821241.190027,255.33053582857062,0.22849695914045576,0
1595821241.2000215,257.12954705903934,0.22849695914045576,0
1595821241.210024,258.9300174112122,0.22849695914045576,0
1595821241.22002,260.72928613374637,0.22849695914045576,0
1595821241.2300386,262.5326318139832,0.22849695914045576,0
1595821241.240021,264.3294543618958,0.22849695914045576,0
1595821241.250049,266.13451665590213,0.22849695914045576,0
1595821241.2600234,267.9298800821106,0.22849695914045576,0
1595821241.2700431,269.73344033906864,0.22849695914045576,0
1595821241.2800386,271.53262323091434,0.22849695914045576,0
1595821241.2900467,273.33408063600467,0.22849695914045576,0
1595821241.3000207,275.12940114686893,0.22849695914045576,0
1595821241.310044,276.9336051339905,0.22849695914045576,0
1595821241.3200467,278.73407548616336,0.22849695914045576,0
1595821241.330047,280.53411668489383,0.22849695914045576,0
1595821241.3400424,282.33329957673953,0.22849695914045576,0
1595821241.3500495,284.1345853204529,0.22849695914045576,0
1595821241.3600252,285.93020623872684,0.22849695914045576,0
1595821241.3700454,287.7338523263733,0.22849695914045576,0
1595821241.3800461,289.53397935579227,0.22849695914045576,0
1595821241.390034,291.33178895662235,0.22849695914045576,0
1595821241.400039,293.1326884622376,0.22849695914045576,0
1595821241.4100614,294.9367207879822,0.22849695914045576,0
1595821241.4200397,296.73281377504276,0.22849695914045576,0
1595821241.430041,298.5330695504944,0.22849695914045576,0
1595821241.4400368,300.33229535768436,0.22849695914045576,0
1595821241.4500394,302.1327657098572,0.22849695914045576,0
1595821241.4600332,303.93164819429325,0.22849695914045576,0
1595821241.4700377,305.73246186922,0.22849695914045576,0
1595821241.4800346,307.53190225313114,0.22849695914045576,0
1595821241.4900413,309.33310216615604,0.22849695914045576,0
1595821241.5000334,311.1316842431824,0.22849695914045576,0
1595821241.5100214,312.9295367593567,0.22849695914045576,0
1595821241.520042,314.73322576234744,0.22849695914045576,0
1595821241.5300455,316.53386777589725,0.22849695914045576,0
1595821241.540035,318.331977784137,0.22849695914045576,0
1595821241.5500367,320.1322764749329,0.22849695914045576,0
1595821241.5600438,321.9335622186463,0.22849695914045576,0
1595821241.5700228,323.72978395173953,0.22849695914045576,0
1595821241.5800385,325.5326146478455,0.22849695914045576,0
1595821241.5900197,327.3292226190369,0.22849695914045576,0
1595821241.6000352,329.1320103997986,0.22849695914045576,0
1595821241.6100376,330.93243783662723,0.22849695914045576,0
1595821241.6200387,332.73265069673465,0.22849695914045576,0
1595821241.6300378,334.53247731874393,0.22849695914045576,0
1595821241.6400402,336.33290475557254,0.22849695914045576,0
1595821241.6500363,338.13221639345096,0.22849695914045576,0
1595821241.660044,339.9335879678528,0.22849695914045576,0
1595821241.670032,341.73144048402713,0.22849695914045576,0
1595821241.6800385,343.5325974817078,0.22849695914045576,0
1595821241.6900332,345.3316516275208,0.22849695914045576,0
1595821241.700044,347.13358110139774,0.22849695914045576,0
1595821241.710034,348.93177694032596,0.22849695914045576,0
1595821241.720033,350.73160356233524,0.22849695914045576,0
1595821241.7300377,352.53246015260623,0.22849695914045576,0
1595821241.740038,354.3325013513367,0.22849695914045576,0
1595821241.7500308,356.1312121743958,0.22849695914045576,0
1595821241.7600458,357.933914124469,0.22849695914045576,0
1595821241.7700303,359.73112291047977,0.22849695914045576,0
1595821241.7715285,360,0.22849695914045576,1
1595821241.7715285,0,0,0
1595821241.7815347,1.8011140823364258,0,0
1595821241.791542,3.602442741394043,0,0
1595821241.8015397,5.402011871337891,0,0
1595821241.8115368,7.201495170593262,0,0
1595821241.821532,9.000635147094727,0,0
1595821241.8315346,10.801105499267578,0,0
1595821241.841536,12.601361274719238,0,0
1595821241.8515327,14.400758743286133,0,0
1595821241.8615363,16.201400756835938,0,0
1595821241.8715324,18.000712394714355,0,0
1595821241.881545,19.802985191345215,0,0
1595821241.891544,21.602811813354492,0,0
1595821241.9015303,23.400321006774902,0,0
1595821241.9115293,25.20014762878418,0,0
1595821241.9215329,27.000789642333984,0,0
1595821241.9315305,28.800358772277832,0,0
1595821241.9415379,30.60168743133545,0,0
1595821241.951537,32.40151405334473,0,0
1595821241.9615347,34.20112609863281,0,0
1595821241.971532,36.00065231323242,0,0
1595821241.981547,37.803354263305664,0,0
1595821241.9915328,39.6007776260376,0,0
1595821242.0015333,41.400861740112305,0,0
1595821242.011536,43.201332092285156,0,0
1595821242.0215392,45.00193119049072,0,0
1595821242.031542,46.80244445800781,0,0
1595821242.0415397,48.60201358795166,0,0
1595821242.0515392,50.401926040649414,0,0
1595821242.0615296,52.20020771026611,0,0
1595821242.0715375,54.00162220001221,0,0
1595821242.0815318,55.80059051513672,0,0
1595821242.0915446,57.602906227111816,0,0
1595821242.1015372,59.40157413482666,0,0
1595821242.1115403,61.20213031768799,0,0
1595821242.1215427,63.0025577545166,0,0
1595821242.1315372,64.80156898498535,0,0
1595821242.1415358,66.60130977630615,0,0
1595821242.1515322,68.40066432952881,0,0
1595821242.1615467,70.20328044891357,0,0
1595821242.171538,72.00173377990723,0,0
1595821242.1815343,73.80104541778564,0,0
1595821242.191534,75.60100078582764,0,0
1595821242.2015374,77.4015998840332,0,0
1595821242.2115364,79.20142650604248,0,0
1595821242.221546,81.00314140319824,0,0
1595821242.2315345,82.80107975006104,0,0
1595821242.2415452,84.60300922393799,0,0
1595821242.251532,86.40064716339111,0,0
1595821242.2615452,88.20300579071045,0,0
1595821242.271535,90.00115871429443,0,0
1595821242.2815435,91.80270195007324,0,0
1595821242.2915397,93.60201358795166,0,0
1595821242.3015356,95.40128231048584,0,0
1595821242.3115392,97.20192432403564,0,0
1595821242.3215404,99.00213718414307,0,0
1595821242.3315365,100.80144882202148,0,0
1595821242.341545,102.6029920578003,0,0
1595821242.3515334,104.40088748931885,0,0
1595821242.3615317,106.20058536529541,0,0
1595821242.3715315,108.0005407333374,0,0
1595821242.3815463,109.8031997680664,0,0
1595821242.39153,111.60027980804443,0,0
1595821242.4015408,113.40220928192139,0,0
1595821242.4115386,115.20182132720947,0,0
1595821242.4215436,117.0027208328247,0,0
1595821242.431539,118.80190372467041,0,0
1595821242.4415348,120.60112953186035,0,0
1595821242.4515429,122.40258693695068,0,0
1595821242.461542,124.20241355895996,0,0
1595821242.471533,126.00082397460938,0,0
1595821242.4815357,127.80129432678223,0,0
1595821242.491542,129.6024513244629,0,0
1595821242.5015337,131.40094757080078,0,0
1595821242.511541,133.20223331451416,0,0
1595821242.521545,135.00296115875244,0,0
1595821242.5315366,136.80145740509033,0,0
1595821242.5415347,138.60111236572266,0,0
1595821242.551543,140.40261268615723,0,0
1595821242.5615425,142.20252513885498,0,0
1595821242.5715468,144.0032958984375,0,0
1595821242.5815353,145.8012342453003,0,0
1595821242.5915315,147.6005458831787,0,0
1595821242.6015408,149.40221786499023,0,0
1595821242.6115403,151.202130317688,0,0
1595821242.6215463,153.00320148468018,0,0
1595821242.6315453,154.80302810668945,0,0
1595821242.6415405,156.60216808319092,0,0
1595821242.651541,158.40225219726562,0,0
1595821242.6615465,160.20323753356934,0,0
1595821242.6715436,162.0027208328247,0,0
1595821242.6815333,163.8008737564087,0,0
1595821242.6915414,165.60233116149902,0,0
1595821242.7015364,167.40142822265625,0,0
1595821242.7115276,169.19983863830566,0,0
1595821242.721544,171.00279808044434,0,0
1595821242.7315295,172.80017852783203,0,0
1595821242.741538,174.60172176361084,0,0
1595821242.7515354,176.40124797821045,0,0
1595821242.7615333,178.20086002349854,0,0
1595821242.7715359,180.0013303756714,0,0
1595821242.7815366,181.80145740509033,0,0
1595821242.791529,183.60008239746094,0,0
1595821242.8015347,185.4011106491089,0,0
1595821242.8037958,185.80811977386475,0,0
1595821242.8037958,227.38425915802407,0.23097855213421847,0
1595821242.8115346,228.77724831665444,0.23097855213421847,0
1595821242.821528,230.576044970402,0.23097855213421847,0
1595821242.8315287,232.37617199982094,0.23097855213421847,0
1595821242.8415346,234.17724316681313,0.23097855213421847,0
1595821242.8515449,235.9790868100016,0.23097855213421847,0
1595821242.8615375,237.77775471771645,0.23097855213421847,0
1595821242.8715417,239.57852547729897,0.23097855213421847,0
1595821242.881532,241.37676423157143,0.23097855213421847,0
1595821242.8915377,243.17779248321938,0.23097855213421847,0
1595821242.901533,244.97693245972084,0.23097855213421847,0
1595821242.9115424,246.7786473568766,0.23097855213421847,0
1595821242.9215403,248.5782594021647,0.23097855213421847,0
1595821242.9315412,250.37842934692787,0.23097855213421847,0
1595821242.9415345,252.17722600067543,0.23097855213421847,0
1595821242.9515347,253.9772671994059,0.23097855213421847,0
1595821242.9615295,255.7763213452189,0.23097855213421847,0
1595821242.9715328,257.57692044342446,0.23097855213421847,0
1595821242.981544,259.3789357479899,0.23097855213421847,0
1595821242.991529,261.1762303646891,0.23097855213421847,0
1595821243.0015306,262.976529055485,0.23097855213421847,0
1595821243.0115438,264.77888768280434,0.23097855213421847,0
1595821243.0215285,266.5761393841593,0.23097855213421847,0
1595821243.0315442,268.3789700802653,0.23097855213421847,0
1595821243.0415294,270.17630761230873,0.23097855213421847,0
1595821243.0515335,271.977035456547,0.23097855213421847,0
1595821243.0615308,273.7765616711466,0.23097855213421847,0
1595821243.0715435,275.5788344677775,0.23097855213421847,0
1595821243.0815327,277.376901560673,0.23097855213421847,0
1595821243.0915449,279.1790885266154,0.23097855213421847,0
1595821243.1015353,280.9773701962321,0.23097855213421847,0
1595821243.1115317,282.77672474945473,0.23097855213421847,0
1595821243.1215289,284.5762080487101,0.23097855213421847,0
1595821243.13153,286.3764209088175,0.23097855213421847,0
1595821243.1415305,288.17650502289223,0.23097855213421847,0
1595821243.15154,289.978219920048,0.23097855213421847,0
1595821243.1615329,291.7769307431071,0.23097855213421847,0
1595821243.1715302,293.5764569577067,0.23097855213421847,0
1595821243.1815283,295.376111918339,0.23097855213421847,0
1595821243.1915371,297.17769806946205,0.23097855213421847,0
1595821243.2015367,298.9776105221598,0.23097855213421847,0
1595821243.2115405,300.77829545105385,0.23097855213421847,0
1595821243.2215457,302.5792378720133,0.23097855213421847,0
1595821243.2315333,304.37700455749916,0.23097855213421847,0
1595821243.2415388,306.1779898938029,0.23097855213421847,0
1595821243.2515295,307.9763144787638,0.23097855213421847,0
1595821243.2615354,309.777385645756,0.23097855213421847,0
1595821243.271534,311.5771264370768,0.23097855213421847,0
1595821243.2815454,313.37918465698647,0.23097855213421847,0
1595821243.2915413,315.17845337952065,0.23097855213421847,0
1595821243.301536,316.97750752533364,0.23097855213421847,0
1595821243.31154,318.7781924542277,0.23097855213421847,0
1595821243.3215458,320.57926362121987,0.23097855213421847,0
1595821243.3315387,322.37797444427895,0.23097855213421847,0
1595821243.3415303,324.17647069061684,0.23097855213421847,0
1595821243.3515306,325.9765118893473,0.23097855213421847,0
1595821243.3615437,327.77887051666664,0.23097855213421847,0
1595821243.3715274,329.57595055664467,0.23097855213421847,0
1595821243.3815408,331.37835209930824,0.23097855213421847,0
1595821243.3915396,333.1781358059733,0.23097855213421847,0
1595821243.4015348,334.97727578247475,0.23097855213421847,0
1595821243.4115345,336.77723115051674,0.23097855213421847,0
1595821243.4215298,338.5763711270182,0.23097855213421847,0
1595821243.4315329,340.37692730987953,0.23097855213421847,0
1595821243.4415438,342.1788996991007,0.23097855213421847,0
1595821243.4515293,343.9762801464884,0.23097855213421847,0
1595821243.4615304,345.77649300659584,0.23097855213421847,0
1595821243.4715292,347.5762767132609,0.23097855213421847,0
1595821243.481537,349.377691203007,0.23097855213421847,0
1595821243.4915397,351.1781615551798,0.23097855213421847,0
1595821243.5015438,352.9788893994181,0.23097855213421847,0
1595821243.5115397,354.7781581219523,0.23097855213421847,0
1595821243.5215378,356.5778130825846,0.23097855213421847,0
1595821243.5315292,358.37626641357826,0.23097855213421847,0
1595821243.5405538,360,0.23097855213421847,1
1595821243.5405538,0,0,0
1595821243.5505729,1.803431510925293,0,0
1595821243.560562,3.6014556884765625,0,0
1595821243.5705712,5.403127670288086,0,0
1595821243.5805566,7.200508117675781,0,0
1595821243.590555,9.000205993652344,0,0
1595821243.6005619,10.801448822021484,0,0
1595821243.6105592,12.600975036621094,0,0
1595821243.6205587,14.400887489318848,0,0
1595821243.6305554,16.200284957885742,0,0
1595821243.6405652,18.002042770385742,0,0
1595821243.6505616,19.8013973236084,0,0
1595821243.6605606,21.601223945617676,0,0
1595821243.6705632,23.401694297790527,0,0
1595821243.6805606,25.201220512390137,0,0
1595821243.6905622,27.001519203186035,0,0
1595821243.7005694,28.802804946899414,0,0
1595821243.7105637,30.601773262023926,0,0
1595821243.7205677,32.40250110626221,0,0
1595821243.7305698,34.20288562774658,0,0
1595821243.7405684,36.00262641906738,0,0
1595821243.7505682,37.802581787109375,0,0
1595821243.7605703,39.60296630859375,0,0
1595821243.7705584,41.400818824768066,0,0
1595821243.7805696,43.202834129333496,0,0
1595821243.790561,45.00128746032715,0,0
1595821243.800558,46.80077075958252,0,0
1595821243.8105648,48.60197067260742,0,0
1595821243.8205543,50.40008068084717,0,0
1595821243.8305597,52.20106601715088,0,0
1595821243.8405569,54.00054931640625,0,0
1595821243.8505578,55.800719261169434,0,0
1595821243.8605607,57.60123252868652,0,0
1595821243.8705575,59.400672912597656,0,0
1595821243.8805556,61.20032787322998,0,0
1595821243.8905609,63.00127029418945,0,0
1595821243.9005687,64.80268478393555,0,0
1595821243.9105566,66.60049438476562,0,0
1595821243.920571,68.40311050415039,0,0
1595821243.9305716,70.2031946182251,0,0
1595821243.9405608,72.0012617111206,0,0
1595821243.9505587,73.80087375640869,0,0
1595821243.960554,75.60001373291016,0,0
1595821243.9705606,77.40121364593506,0,0
1595821243.9805558,79.20035362243652,0,0
1595821243.9905686,81.00266933441162,0,0
1595821244.000567,82.80236721038818,0,0
1595821244.0105665,84.60227966308594,0,0
1595821244.0205715,86.40317916870117,0,0
1595821244.030568,88.20253372192383,0,0
1595821244.0405622,90.00150203704834,0,0
1595821244.0505626,91.80158615112305,0,0
1595821244.0605567,93.60051155090332,0,0
1595821244.0705543,95.40008068084717,0,0
1595821244.0805643,97.2018814086914,0,0
1595821244.0905623,99.00153636932373,0,0
1595821244.1005564,100.800461769104,0,0
1595821244.1105618,102.60144710540771,0,0
1595821244.1205702,104.40294742584229,0,0
1595821244.1305723,106.20333194732666,0,0
1595821244.1405673,108.00242900848389,0,0
1595821244.150565,109.80199813842773,0,0
1595821244.160568,111.60255432128906,0,0
1595821244.170572,113.40328216552734,0,0
1595821244.1805587,115.20087718963623,0,0
1595821244.1905699,117.00289249420166,0,0
1595821244.200564,118.80181789398193,0,0
1595821244.2105703,120.6029748916626,0,0
1595821244.2205534,122.39992618560791,0,0
1595821244.2305584,124.20082569122314,0,0
1595821244.2405665,126.00228309631348,0,0
1595821244.2505572,127.80060768127441,0,0
1595821244.260566,129.60219383239746,0,0
1595821244.2705662,131.40223503112793,0,0
1595821244.2805636,133.20176124572754,0,0
1595821244.2905662,135.0022315979004,0,0
1595821244.300561,136.80128574371338,0,0
1595821244.3105714,138.6031723022461,0,0
1595821244.3205624,140.40153980255127,0,0
1595821244.330556,142.20037937164307,0,0
1595821244.3405638,144.00179386138916,0,0
1595821244.3505666,145.80230712890625,0,0
1595821244.360564,147.60183334350586,0,0
1595821244.3705585,149.4008445739746,0,0
1595821244.3805704,151.20298862457275,0,0
1595821244.3905613,153.00135612487793,0,0
1595821244.400563,154.80165481567383,0,0
1595821244.4105613,156.6013526916504,0,0
1595821244.4205627,158.40160846710205,0,0
1595821244.4305677,160.20250797271729,0,0
1595821244.4405584,162.00083255767822,0,0
1595821244.4505556,163.8003158569336,0,0
1595821244.4605567,165.60052871704102,0,0
1595821244.470564,167.4018144607544,0,0
1595821244.4805632,169.2016839981079,0,0
1595821244.4905543,171.00009441375732,0,0
1595821244.500567,172.80236721038818,0,0
1595821244.5105598,174.60107803344727,0,0
1595821244.5205648,176.4019775390625,0,0
1595821244.5305588,178.20090293884277,0,0
1595821244.540555,180.0002145767212,0,0
1595821244.550571,181.8030881881714,0,0
1595821244.560555,183.60021114349365,0,0
1595821244.570567,185.4023551940918,0,0
1595821244.5805554,187.2002935409546,0,0
1595821244.5905652,189.0020513534546,0,0
1595821244.6005712,190.80312252044678,0,0
1595821244.6026094,191.17000579833984,0,0
1595821244.6026094,233.31005965831022,0.23411141033316873,0
1595821244.6105542,234.74012767436247,0.23411141033316873,0
1595821244.6205635,236.541799656174,0.23411141033316873,0
1595821244.6305652,238.3420983469699,0.23411141033316873,0
1595821244.640565,240.14205371501188,0.23411141033316873,0
1595821244.6505709,241.94312488200407,0.23411141033316873,0
1595821244.6605604,243.74123489024382,0.23411141033316873,0
1595821244.670561,245.54136191966276,0.23411141033316873,0
1595821244.6805687,247.34273349406462,0.23411141033316873,0
1595821244.690562,249.14153014781218,0.23411141033316873,0
1595821244.7005687,250.94273006083708,0.23411141033316873,0
1595821244.710561,252.74135505320768,0.23411141033316873,0
1595821244.7205658,254.54221164347868,0.23411141033316873,0
1595821244.7305572,256.3406649744723,0.23411141033316873,0
1595821244.7405598,258.14113532664516,0.23411141033316873,0
1595821244.7505534,259.93997489573695,0.23411141033316873,0
1595821244.76057,261.74297725321986,0.23411141033316873,0
1595821244.7705534,263.5399714625094,0.23411141033316873,0
1595821244.7805598,265.3411284601901,0.23411141033316873,0
1595821244.7905602,267.1412125742648,0.23411141033316873,0
1595821244.8005645,268.9419833338473,0.23411141033316873,0
1595821244.8105552,270.74030791880824,0.23411141033316873,0
1595821244.8205578,272.5407782709811,0.23411141033316873,0
1595821244.8305616,274.34146319987514,0.23411141033316873,0
1595821244.8405614,276.1414185679171,0.23411141033316873,0
1595821244.8505566,277.9405585444186,0.23411141033316873,0
1595821244.8605688,279.742745510361,0.23411141033316873,0
1595821244.8705564,281.5405121958468,0.23411141033316873,0
1595821244.8805668,283.34239875437953,0.23411141033316873,0
1595821244.890569,285.1427832758639,0.23411141033316873,0
1595821244.9005558,286.94042121531703,0.23411141033316873,0
1595821244.9105694,288.74286567332484,0.23411141033316873,0
1595821244.9205692,290.54282104136684,0.23411141033316873,0
1595821244.9305592,292.34101688029506,0.23411141033316873,0
1595821244.9405663,294.14230262400844,0.23411141033316873,0
1595821244.9505646,295.942000499985,0.23411141033316873,0
1595821244.9605644,297.741955868027,0.23411141033316873,0
1595821244.9705684,299.5426837122653,0.23411141033316873,0
1595821244.98057,301.34298240306117,0.23411141033316873,0
1595821244.9905617,303.14147864939906,0.23411141033316873,0
1595821245.0005667,304.9423781550143,0.23411141033316873,0
1595821245.0105653,306.7421189463351,0.23411141033316873,0
1595821245.0205617,308.54147349955775,0.23411141033316873,0
1595821245.0305634,310.34177219035365,0.23411141033316873,0
1595821245.0405583,312.1408692515109,0.23411141033316873,0
1595821245.050562,313.9415112650607,0.23411141033316873,0
1595821245.0605555,315.7403508341525,0.23411141033316873,0
1595821245.070555,317.54026328685023,0.23411141033316873,0
1595821245.0805626,319.3416348612521,0.23411141033316873,0
1595821245.0905662,321.1422768748019,0.23411141033316873,0
1595821245.1005595,322.94107352854945,0.23411141033316873,0
1595821245.1105683,324.7426596796725,0.23411141033316873,0
1595821245.1205559,326.54042636515834,0.23411141033316873,0
1595821245.1305602,328.34119712474086,0.23411141033316873,0
1595821245.140563,330.14171039225795,0.23411141033316873,0
1595821245.1505613,331.9414082682345,0.23411141033316873,0
1595821245.1605551,333.74029075267055,0.23411141033316873,0
1595821245.1705525,335.53981696727016,0.23411141033316873,0
1595821245.18056,337.341188541672,0.23411141033316873,0
1595821245.1905568,339.1405860102389,0.23411141033316873,0
1595821245.2005553,340.9403268015597,0.23411141033316873,0
1595821245.21057,342.7429858362887,0.23411141033316873,0
1595821245.2205627,344.54165374400355,0.23411141033316873,0
1595821245.2305574,346.34070788981654,0.23411141033316873,0
1595821245.2405577,348.140749088547,0.23411141033316873,0
1595821245.250559,349.94100486399867,0.23411141033316873,0
1595821245.2605631,351.74173270823695,0.23411141033316873,0
1595821245.2705579,353.54078685404994,0.23411141033316873,0
1595821245.280557,355.3406134760592,0.23411141033316873,0
1595821245.2905595,357.14108382823207,0.23411141033316873,0
1595821245.3005657,358.9421979105685,0.23411141033316873,0
1595821245.3064606,360,0.23411141033316873,1
1595821245.3064606,0,0,0
1595821245.3164718,1.8020153045654297,0,0
1595821245.3264701,3.601713180541992,0,0
1595821245.3364718,5.402011871337891,0,0
1595821245.346469,7.201495170593262,0,0
1595821245.356463,9.000420570373535,0,0
1595821245.3664687,10.801448822021484,0,0
1595821245.3764746,12.602519989013672,0,0
1595821245.386463,14.400415420532227,0,0
1595821245.3964784,16.203203201293945,0,0
1595821245.4064627,18.00036907196045,0,0
1595821245.4164693,19.80156898498535,0,0
1595821245.4264657,21.600923538208008,0,0
1595821245.4364727,23.40216636657715,0,0
1595821245.4464731,25.202250480651855,0,0
1595821245.4564667,27.001090049743652,0,0
1595821245.4664633,28.800487518310547,0,0
1595821245.4764793,30.603361129760742,0,0
1595821245.4864745,32.40250110626221,0,0
1595821245.4964683,34.20138359069824,0,0
1595821245.5064743,36.00245475769043,0,0
1595821245.5164752,37.80262470245361,0,0
1595821245.5264604,39.59996223449707,0,0
1595821245.5364625,41.400346755981445,0,0
1595821245.5464745,43.20249080657959,0,0
1595821245.5564775,45.00304698944092,0,0
1595821245.5664608,46.80004119873047,0,0
1595821245.5764754,48.602657318115234,0,0
1595821245.5864735,50.40231227874756,0,0
1595821245.5964634,52.20050811767578,0,0
1595821245.6064627,54.0003776550293,0,0
1595821245.616476,55.80277919769287,0,0
1595821245.6264744,57.602477073669434,0,0
1595821245.6364737,59.40234661102295,0,0
1595821245.6464684,61.20140075683594,0,0
1595821245.6564653,63.00084114074707,0,0
1595821245.666478,64.80311393737793,0,0
1595821245.6764731,66.6022539138794,0,0
1595821245.6864762,68.40281009674072,0,0
1595821245.696462,70.20023345947266,0,0
1595821245.7064607,72.0000171661377,0,0
1595821245.7164605,73.79997253417969,0,0
1595821245.726464,75.60061454772949,0,0
1595821245.7364726,77.4021577835083,0,0
1595821245.7464669,79.20112609863281,0,0
1595821245.7564623,81.00030899047852,0,0
1595821245.766469,82.80150890350342,0,0
1595821245.7764704,84.60176467895508,0,0
1595821245.7864623,86.4003038406372,0,0
1595821245.7964683,88.2013750076294,0,0
1595821245.8064642,90.00064373016357,0,0
1595821245.8164732,91.80227279663086,0,0
1595821245.8264625,93.60033988952637,0,0
1595821245.8364666,95.40106773376465,0,0
1595821245.8464684,97.20140933990479,0,0
1595821245.8564672,99.00119304656982,0,0
1595821245.866479,100.80329418182373,0,0
1595821245.8764665,102.60106086730957,0,0
1595821245.8864646,104.4007158279419,0,0
1595821245.8964736,106.20234489440918,0,0
1595821245.9064665,108.00105571746826,0,0
1595821245.9164612,109.80010986328125,0,0
1595821245.9264615,111.60015106201172,0,0
1595821245.9364717,113.4019947052002,0,0
1595821245.946465,115.20079135894775,0,0
1595821245.9564724,117.00212001800537,0,0
1595821245.9664779,118.80310535430908,0,0
1595821245.9764748,120.60254573822021,0,0
1595821245.9864619,122.40022659301758,0,0
1595821245.9964612,124.2000961303711,0,0
1595821246.006477,126.00296974182129,0,0
1595821246.0164647,127.80073642730713,0,0
1595821246.0264626,129.60034847259521,0,0
1595821246.0364652,131.40081882476807,0,0
1595821246.0464735,133.20231914520264,0,0
1595821246.0564861,135.0045919418335,0,0
1595821246.066466,136.8009853363037,0,0
1595821246.076466,138.60098361968994,0,0
1595821246.0864604,140.39995193481445,0,0
1595821246.0964646,142.20072269439697,0,0
1595821246.10647,144.00170803070068,0,0
1595821246.1164668,145.80110549926758,0,0
1595821246.1264625,147.60033130645752,0,0
1595821246.1364698,149.40165996551514,0,0
1595821246.1464689,151.2014865875244,0,0
1595821246.156468,153.0013132095337,0,0
1595821246.1664612,154.80010986328125,0,0
1595821246.1764703,156.60173892974854,0,0
1595821246.186488,158.4049129486084,0,0
1595821246.1964843,160.20426750183105,0,0
1595821246.206467,162.0011329650879,0,0
1595821246.2164626,163.80035877227783,0,0
1595821246.2264726,165.60215950012207,0,0
1595821246.2364874,167.40481853485107,0,0
1595821246.246484,169.20421600341797,0,0
1595821246.2564747,171.0025405883789,0,0
1595821246.2664719,172.80202388763428,0,0
1595821246.2764688,174.6014642715454,0,0
1595821246.286468,176.40133380889893,0,0
1595821246.296485,178.20437908172607,0,0
1595821246.3064637,180.0005578994751,0,0
1595821246.3164847,181.8043327331543,0,0
1595821246.3264656,183.60089778900146,0,0
1595821246.3364596,185.39982318878174,0,0
1595821246.3464844,187.20428466796875,0,0
1595821246.3564825,189.00393962860107,0,0
1595821246.3664649,190.80076217651367,0,0
1595821246.3764663,192.60101795196533,0,0
1595821246.386482,194.4038486480713,0,0
1595821246.396464,196.20062828063965,0,0
1595821246.4040077,197.55846977233887,0,0
1595821246.4040077,240.3704042535479,0.23784408045116123,0
1595821246.4064822,240.815822611397,0.23784408045116123,0
1595821246.4164631,242.61238766724418,0.23784408045116123,0
1595821246.426483,244.4159479242022,0.23784408045116123,0
1595821246.4364636,246.21247006470512,0.23784408045116123,0
1595821246.4464867,248.01663113648246,0.23784408045116123,0
1595821246.4564836,249.8160715203936,0.23784408045116123,0
1595821246.4664683,251.61332322174857,0.23784408045116123,0
1595821246.476465,253.41272069031547,0.23784408045116123,0
1595821246.4864597,255.21177483612846,0.23784408045116123,0
1595821246.496467,257.0131034951861,0.23784408045116123,0
1595821246.506481,258.81559086853815,0.23784408045116123,0
1595821246.5164874,260.6167478662188,0.23784408045116123,0
1595821246.5264611,262.41202546173884,0.23784408045116123,0
1595821246.536465,264.2127103906329,0.23784408045116123,0
1595821246.546464,266.01253701264216,0.23784408045116123,0
1595821246.556484,267.8161401849444,0.23784408045116123,0
1595821246.5664825,269.6158809762652,0.23784408045116123,0
1595821246.5764623,271.4122314553912,0.23784408045116123,0
1595821246.586461,273.2120151620562,0.23784408045116123,0
1595821246.5964828,275.01591874176813,0.23784408045116123,0
1595821246.6064634,276.81244088227106,0.23784408045116123,0
1595821246.616467,278.61308289582087,0.23784408045116123,0
1595821246.6264672,280.41312409455134,0.23784408045116123,0
1595821246.6364768,282.2148389917071,0.23784408045116123,0
1595821246.6464648,284.0126915078814,0.23784408045116123,0
1595821246.6564636,285.81247521454645,0.23784408045116123,0
1595821246.666468,287.613245974129,0.23784408045116123,0
1595821246.676484,289.4161625009234,0.23784408045116123,0
1595821246.6864874,291.216761599129,0.23784408045116123,0
1595821246.6964855,293.0164165597613,0.23784408045116123,0
1595821246.7064867,294.8166294198687,0.23784408045116123,0
1595821246.7164598,296.611778269356,0.23784408045116123,0
1595821246.7264652,298.41276360565973,0.23784408045116123,0
1595821246.7364647,300.2126760583575,0.23784408045116123,0
1595821246.7464612,302.01203061158014,0.23784408045116123,0
1595821246.75648,303.8154192071612,0.23784408045116123,0
1595821246.7664604,305.6118984323199,0.23784408045116123,0
1595821246.7764878,307.4168319802935,0.23784408045116123,0
1595821246.7864854,309.21640111023737,0.23784408045116123,0
1595821246.7965038,311.01970387512995,0.23784408045116123,0
1595821246.8064792,312.81528187805964,0.23784408045116123,0
1595821246.8164625,314.6122760873492,0.23784408045116123,0
1595821246.8264637,316.4124889474566,0.23784408045116123,0
1595821246.836465,318.21270180756403,0.23784408045116123,0
1595821246.8464592,320.01167012268854,0.23784408045116123,0
1595821246.8564763,321.81475831085993,0.23784408045116123,0
1595821246.8664615,323.6120958429034,0.23784408045116123,0
1595821246.876482,325.4157848458941,0.23784408045116123,0
1595821246.8864772,327.2149248223956,0.23784408045116123,0
1595821246.89646,329.01183320099665,0.23784408045116123,0
1595821246.9064856,330.8164234262164,0.23784408045116123,0
1595821246.9164798,332.6153917413409,0.23784408045116123,0
1595821246.92648,334.41543294007136,0.23784408045116123,0
1595821246.9364812,336.2156458001788,0.23784408045116123,0
1595821246.946483,338.0159444909747,0.23784408045116123,0
1595821246.95648,339.81542779023005,0.23784408045116123,0
1595821246.966475,341.6145248513873,0.23784408045116123,0
1595821246.97646,343.4118194680865,0.23784408045116123,0
1595821246.9864876,345.21679593140436,0.23784408045116123,0
1595821246.99648,347.01542092377497,0.23784408045116123,0
1595821247.0064745,348.8144321542437,0.23784408045116123,0
1595821247.0164638,350.6124992471392,0.23784408045116123,0
1595821247.0264852,352.4163599115069,0.23784408045116123,0
1595821247.0364752,354.2145557504351,0.23784408045116123,0
1595821247.046462,356.01219368988825,0.23784408045116123,0
1595821247.0564752,357.8145523172076,0.23784408045116123,0
1595821247.066464,359.6125335794146,0.23784408045116123,0
1595821247.0686202,360,0.23784408045116123,1
1595821247.0686202,0,0,0
1595821247.078627,1.8012428283691406,0,0
1595821247.0886273,3.6012840270996094,0,0
1595821247.0986266,5.401153564453125,0,0
1595821247.108633,7.202310562133789,0,0
1595821247.1186302,9.00179386138916,0,0
1595821247.1286345,10.80256462097168,0,0
1595821247.1386228,12.600460052490234,0,0
1595821247.1486304,14.40183162689209,0,0
1595821247.1586294,16.201658248901367,0,0
1595821247.1686382,18.003244400024414,0,0
1595821247.1786203,19.800024032592773,0,0
1595821247.1886272,21.601266860961914,0,0
1595821247.198632,23.40212345123291,0,0
1595821247.2086267,25.2011775970459,0,0
1595821247.218636,27.002849578857422,0,0
1595821247.2286258,28.801002502441406,0,0
1595821247.2386286,30.601515769958496,0,0
1595821247.2486362,32.40288734436035,0,0
1595821247.2586274,34.201297760009766,0,0
1595821247.2686312,36.00198268890381,0,0
1595821247.2786276,37.801337242126465,0,0
1595821247.288624,39.60069179534912,0,0
1595821247.298622,41.40030384063721,0,0
1595821247.3086221,43.200345039367676,0,0
1595821247.318639,45.003390312194824,0,0
1595821247.3286355,46.80274486541748,0,0
1595821247.3386323,48.60218524932861,0,0
1595821247.3486278,50.401368141174316,0,0
1595821247.3586268,52.201194763183594,0,0
1595821247.368631,54.001922607421875,0,0
1595821247.3786242,55.800719261169434,0,0
1595821247.3886266,57.60114669799805,0,0
1595821247.3986382,59.40324783325195,0,0
1595821247.4086246,61.2007999420166,0,0
1595821247.4186347,63.00260066986084,0,0
1595821247.4286256,64.80096817016602,0,0
1595821247.4386318,66.60208225250244,0,0
1595821247.448629,68.40156555175781,0,0
1595821247.458628,70.20139217376709,0,0
1595821247.468634,72.00246334075928,0,0
1595821247.4786348,73.80263328552246,0,0
1595821247.4886377,75.60314655303955,0,0
1595821247.4986286,77.40151405334473,0,0
1595821247.5086234,79.20056819915771,0,0
1595821247.51863,81.00176811218262,0,0
1595821247.5286312,82.80198097229004,0,0
1595821247.5386217,84.60026264190674,0,0
1595821247.5486233,86.40056133270264,0,0
1595821247.558637,88.20300579071045,0,0
1595821247.568634,90.00248908996582,0,0
1595821247.5786295,91.80167198181152,0,0
1595821247.5886314,93.60201358795166,0,0
1595821247.598638,95.40321350097656,0,0
1595821247.6086264,97.20110893249512,0,0
1595821247.618625,99.00084972381592,0,0
1595821247.6286337,100.80243587493896,0,0
1595821247.638635,102.60264873504639,0,0
1595821247.64862,104.3999433517456,0,0
1595821247.6586363,106.20290279388428,0,0
1595821247.6686356,108.0027723312378,0,0
1595821247.6786351,109.80268478393555,0,0
1595821247.6886342,111.60251140594482,0,0
1595821247.698636,113.40285301208496,0,0
1595821247.7086222,115.20036220550537,0,0
1595821247.7186296,117.00169086456299,0,0
1595821247.7286277,118.80134582519531,0,0
1595821247.7386217,120.60027122497559,0,0
1595821247.7486231,122.40052700042725,0,0
1595821247.7586308,124.2018985748291,0,0
1595821247.76862,125.99996566772461,0,0
1595821247.7786257,127.80099391937256,0,0
1595821247.7886195,129.5998764038086,0,0
1595821247.7986212,131.4001750946045,0,0
1595821247.808625,133.20086002349854,0,0
1595821247.8186302,135.001802444458,0,0
1595821247.8286204,136.80004119873047,0,0
1595821247.8386264,138.60111236572266,0,0
1595821247.84862,140.39995193481445,0,0
1595821247.8586366,142.20295429229736,0,0
1595821247.868635,144.00265216827393,0,0
1595821247.8786294,145.80166339874268,0,0
1595821247.8886375,147.603120803833,0,0
1595821247.898632,149.40213203430176,0,0
1595821247.908637,151.203031539917,0,0
1595821247.918636,153.00285816192627,0,0
1595821247.9286342,154.8025131225586,0,0
1595821247.9386284,156.6014814376831,0,0
1595821247.94863,158.401780128479,0,0
1595821247.958625,160.20087718963623,0,0
1595821247.9686208,162.00010299682617,0,0
1595821247.978625,163.8008737564087,0,0
1595821247.9886343,165.60254573822021,0,0
1595821247.9986293,167.40164279937744,0,0
1595821248.0086293,169.20164108276367,0,0
1595821248.0186253,171.00090980529785,0,0
1595821248.0286307,172.80189514160156,0,0
1595821248.0386322,174.60215091705322,0,0
1595821248.0486276,176.40133380889893,0,0
1595821248.0586321,178.20214748382568,0,0
1595821248.0686247,180.00081539154053,0,0
1595821248.0786226,181.8004274368286,0,0
1595821248.0886316,183.6020565032959,0,0
1595821248.0986373,185.40308475494385,0,0
1595821248.108634,187.20248222351074,0,0
1595821248.1186285,189.0014934539795,0,0
1595821248.1286354,190.80273628234863,0,0
1595821248.138635,192.6026487350464,0,0
1595821248.1486368,194.40299034118652,0,0
1595821248.1586297,196.2017011642456,0,0
1595821248.1686344,198.0025577545166,0,0
1595821248.1786218,199.8002815246582,0,0
1595821248.188628,201.60139560699463,0,0
1595821248.198628,203.40139389038086,0,0
1595821248.2086248,205.200834274292,0,0
1595821248.2116072,205.73766231536865,0,0
1595821248.2116072,249.4098099854456,0.24262304261153855,0
1595821248.2186282,250.6735810425745,0.24262304261153855,0
1595821248.2286363,252.47503844766484,0.24262304261153855,0
1595821248.2386215,254.2723759797083,0.24262304261153855,0
1595821248.248634,256.07464877633913,0.24262304261153855,0
1595821248.2586362,257.8750332978235,0.24262304261153855,0
1595821248.2686293,259.6737870362268,0.24262304261153855,0
1595821248.2786262,261.47322742013796,0.24262304261153855,0
1595821248.2886198,263.27206698922976,0.24262304261153855,0
1595821248.298629,265.0737389710413,0.24262304261153855,0
1595821248.3086333,266.8745097306238,0.24262304261153855,0
1595821248.3186321,268.67429343728884,0.24262304261153855,0
1595821248.3286293,270.4737767365442,0.24262304261153855,0
1595821248.3386235,272.2727450516687,0.24262304261153855,0
1595821248.3486278,274.07351581125124,0.24262304261153855,0
1595821248.358632,275.87428657083376,0.24262304261153855,0
1595821248.3686295,277.67381278543337,0.24262304261153855,0
1595821248.3786316,279.47419730691774,0.24262304261153855,0
1595821248.388636,281.2750109818445,0.24262304261153855,0
1595821248.398621,283.0723055985437,0.24262304261153855,0
1595821248.4086332,284.8744925644861,0.24262304261153855,0
1595821248.4186292,286.6737612870203,0.24262304261153855,0
1595821248.4286218,288.4724291947351,0.24262304261153855,0
1595821248.4386237,290.27277080087526,0.24262304261153855,0
1595821248.448636,292.0750006821619,0.24262304261153855,0
1595821248.4586213,293.87233821420534,0.24262304261153855,0
1595821248.468633,295.67443934945925,0.24262304261153855,0
1595821248.4786253,297.47306434182985,0.24262304261153855,0
1595821248.488623,299.2726334717737,0.24262304261153855,0
1595821248.4986322,301.0743054535852,0.24262304261153855,0
1595821248.508634,302.87464705972536,0.24262304261153855,0
1595821248.51863,304.67391578225954,0.24262304261153855,0
1595821248.5286334,306.4745148804651,0.24262304261153855,0
1595821248.5386193,308.2719811585413,0.24262304261153855,0
1595821248.5486271,310.0733956482874,0.24262304261153855,0
1595821248.5586357,311.8749388840662,0.24262304261153855,0
1595821248.568629,313.67373553781374,0.24262304261153855,0
1595821248.5786283,315.47360507516726,0.24262304261153855,0
1595821248.5886226,317.27257339029177,0.24262304261153855,0
1595821248.5986269,319.0733441498743,0.24262304261153855,0
1595821248.6086287,320.8736857560144,0.24262304261153855,0
1595821248.6186223,322.6725253251062,0.24262304261153855,0
1595821248.628626,324.47321025400026,0.24262304261153855,0
1595821248.63863,326.2738951828943,0.24262304261153855,0
1595821248.648635,328.07479468850954,0.24262304261153855,0
1595821248.6586273,329.87341968088015,0.24262304261153855,0
1595821248.6686342,331.6746625092493,0.24262304261153855,0
1595821248.6786206,333.47221461801394,0.24262304261153855,0
1595821248.6886237,335.27277080087526,0.24262304261153855,0
1595821248.6986368,337.0751294281946,0.24262304261153855,0
1595821248.7086236,338.8727673676477,0.24262304261153855,0
1595821248.7186284,340.6736239579187,0.24262304261153855,0
1595821248.7286367,342.4751242783533,0.24262304261153855,0
1595821248.7386277,344.27349177865847,0.24262304261153855,0
1595821248.748624,346.0728463318811,0.24262304261153855,0
1595821248.7586236,347.8727587845789,0.24262304261153855,0
1595821248.76863,349.67391578225954,0.24262304261153855,0
1595821248.7786286,351.47365657358034,0.24262304261153855,0
1595821248.7886271,353.27339736490114,0.24262304261153855,0
1595821248.7986238,355.07279483346804,0.24262304261153855,0
1595821248.8086286,356.87365142373903,0.24262304261153855,0
1595821248.818627,358.67339221505983,0.24262304261153855,0
1595821248.8260117,360,0.24262304261153855,1
1595821248.8260117,0,0,0
1595821248.8360288,1.8030881881713867,0,0
1595821248.8460178,3.6011123657226562,0,0
1595821248.8560162,5.400810241699219,0,0
1595821248.8660285,7.20304012298584,0,0
1595821248.8760254,9.002480506896973,0,0
1595821248.886017,10.800976753234863,0,0
1595821248.896023,12.60204792022705,0,0
1595821248.9060273,14.40281867980957,0,0
1595821248.916013,16.200242042541504,0,0
1595821248.9260247,18.00234317779541,0,0
1595821248.9360278,19.80289936065674,0,0
1595821248.9460254,21.602468490600586,0,0
1595821248.9560177,23.40109348297119,0,0
1595821248.9660218,25.201821327209473,0,0
1595821248.9760275,27.002849578857422,0,0
1595821248.9860134,28.800315856933594,0,0
1595821248.996026,30.602588653564453,0,0
1595821249.006012,32.400054931640625,0,0
1595821249.0160172,34.2009973526001,0,0
1595821249.0260165,36.00086688995361,0,0
1595821249.036015,37.800607681274414,0,0
1595821249.0460265,39.60266590118408,0,0
1595821249.0560267,41.40270709991455,0,0
1595821249.0660195,43.20141792297363,0,0
1595821249.0760262,45.002617835998535,0,0
1595821249.0860267,46.80270195007324,0,0
1595821249.0960188,48.60128402709961,0,0
1595821249.1060174,50.40102481842041,0,0
1595821249.1160192,52.20136642456055,0,0
1595821249.1260262,54.00260925292969,0,0
1595821249.1360188,55.80127716064453,0,0
1595821249.1460168,57.600932121276855,0,0
1595821249.1560168,59.400930404663086,0,0
1595821249.166014,61.20041370391846,0,0
1595821249.1760218,63.00182819366455,0,0
1595821249.1860166,64.80088233947754,0,0
1595821249.1960177,66.60109519958496,0,0
1595821249.2060218,68.40182304382324,0,0
1595821249.2160215,70.20177841186523,0,0
1595821249.2260246,72.00233459472656,0,0
1595821249.2360127,73.80018711090088,0,0
1595821249.2460277,75.60288906097412,0,0
1595821249.2560115,77.39996910095215,0,0
1595821249.2660158,79.20073986053467,0,0
1595821249.276025,81.00241184234619,0,0
1595821249.2860143,82.8004789352417,0,0
1595821249.296021,84.6016788482666,0,0
1595821249.3060205,86.40159130096436,0,0
1595821249.3160126,88.20017337799072,0,0
1595821249.3260193,90.00137329101562,0,0
1595821249.3360178,91.80111408233643,0,0
1595821249.3460243,93.60227108001709,0,0
1595821249.3560295,95.40321350097656,0,0
1595821249.3660195,97.20140933990479,0,0
1595821249.3760192,99.00136470794678,0,0
1595821249.3860264,100.80265045166016,0,0
1595821249.3960297,102.60324954986572,0,0
1595821249.4060175,104.4010591506958,0,0
1595821249.4160163,106.20084285736084,0,0
1595821249.4260137,108.00036907196045,0,0
1595821249.4360154,109.80066776275635,0,0
1595821249.4460263,111.60264015197754,0,0
1595821249.4560246,113.4023380279541,0,0
1595821249.4660256,115.20250797271729,0,0
1595821249.4760177,117.00109004974365,0,0
1595821249.4860265,118.8026762008667,0,0
1595821249.496027,120.6027603149414,0,0
1595821249.5060282,122.40297317504883,0,0
1595821249.5160139,124.20039653778076,0,0
1595821249.5260131,126.00026607513428,0,0
1595821249.5360155,127.80069351196289,0,0
1595821249.5460114,129.59996223449707,0,0
1595821249.5560248,131.40236377716064,0,0
1595821249.5660295,133.20322036743164,0,0
1595821249.5760117,135.0,0,0
1595821249.5860164,136.800856590271,0,0
1595821249.5960212,138.601713180542,0,0
1595821249.6060286,140.4030418395996,0,0
1595821249.6160219,142.20183849334717,0,0
1595821249.6260183,144.00119304656982,0,0
1595821249.6360245,145.80230712890625,0,0
1595821249.6460216,147.60179042816162,0,0
1595821249.6560156,149.4007158279419,0,0
1595821249.6660202,151.20152950286865,0,0
1595821249.6760275,153.00285816192627,0,0
1595821249.6860263,154.8026418685913,0,0
1595821249.6960151,156.60062313079834,0,0
1595821249.7060218,158.40182304382324,0,0
1595821249.7160118,160.20001888275146,0,0
1595821249.726025,162.00242042541504,0,0
1595821249.736021,163.80168914794922,0,0
1595821249.746023,165.60203075408936,0,0
1595821249.7560148,167.40056991577148,0,0
1595821249.7660131,169.20026779174805,0,0
1595821249.7760153,171.00065231323242,0,0
1595821249.7860115,172.79996395111084,0,0
1595821249.796025,174.60240840911865,0,0
1595821249.8060126,176.4001750946045,0,0
1595821249.8160272,178.20279121398926,0,0
1595821249.8260179,180.0011157989502,0,0
1595821249.8360288,181.8030881881714,0,0
1595821249.8460279,183.60291481018066,0,0
1595821249.856012,185.40008068084717,0,0
1595821249.866011,187.1998643875122,0,0
1595821249.8760276,189.00286674499512,0,0
1595821249.8860183,190.80119132995605,0,0
1595821249.8960266,192.60269165039062,0,0
1595821249.9060245,194.4023036956787,0,0
1595821249.9160213,196.20174407958984,0,0
1595821249.9260252,198.0024290084839,0,0
1595821249.9360216,199.80178356170654,0,0
1595821249.9460218,201.601824760437,0,0
1595821249.9560137,203.40036392211914,0,0
1595821249.966019,205.2013063430786,0,0
1595821249.976014,207.00040340423584,0,0
1595821249.9860206,208.80160331726074,0,0
1595821249.9960208,210.6016445159912,0,0
1595821250.0060232,212.40207195281982,0,0
1595821250.016024,214.202241897583,0,0
1595821250.0216825,215.22075176239014,0,0
1595821250.0216825,259.89024465580377,0.24816384940785352,0
1595821250.0260293,260.6726772119561,0.24816384940785352,0
1595821250.0360172,262.4704868127862,0.24816384940785352,0
1595821250.0460176,264.2705709268609,0.24816384940785352,0
1595821250.0560238,266.0716850091973,0.24816384940785352,0
1595821250.0660233,267.8715974618951,0.24816384940785352,0
1595821250.0760195,269.6709090997735,0.24816384940785352,0
1595821250.086011,271.46936243076715,0.24816384940785352,0
1595821250.096013,273.2697469522515,0.24816384940785352,0
1595821250.1060183,275.070689373211,0.24816384940785352,0
1595821250.116017,276.87047307987604,0.24816384940785352,0
1595821250.1260238,278.67167299290094,0.24816384940785352,0
1595821250.1360266,280.472186260418,0.24816384940785352,0
1595821250.1460116,282.26948087711725,0.24816384940785352,0
1595821250.1560273,284.0723115732232,0.24816384940785352,0
1595821250.1660237,285.87166612644586,0.24816384940785352,0
1595821250.1760228,287.67149274845514,0.24816384940785352,0
1595821250.1860232,289.47157686252984,0.24816384940785352,0
1595821250.19602,291.27097433109674,0.24816384940785352,0
1595821250.2060206,293.0711013605157,0.24816384940785352,0
1595821250.216021,294.8711854745904,0.24816384940785352,0
1595821250.2260163,296.67032545109186,0.24816384940785352,0
1595821250.2360227,298.4714824487725,0.24816384940785352,0
1595821250.2460108,300.26933496494684,0.24816384940785352,0
1595821250.256016,302.0702773859063,0.24816384940785352,0
1595821250.266013,303.86971776981744,0.24816384940785352,0
1595821250.2760108,305.6693298151055,0.24816384940785352,0
1595821250.2860174,307.47052972813043,0.24816384940785352,0
1595821250.296016,309.27027051945123,0.24816384940785352,0
1595821250.3060265,311.07215707798395,0.24816384940785352,0
1595821250.316013,312.86975210209283,0.24816384940785352,0
1595821250.3260217,314.67129533787164,0.24816384940785352,0
1595821250.3360226,316.4714652826348,0.24816384940785352,0
1595821250.3460147,318.2700473596612,0.24816384940785352,0
1595821250.3560226,320.0714618494073,0.24816384940785352,0
1595821250.3660145,321.8700010110894,0.24816384940785352,0
1595821250.3760233,323.67158716221246,0.24816384940785352,0
1595821250.386017,325.4704696466485,0.24816384940785352,0
1595821250.3960183,327.2706825067559,0.24816384940785352,0
1595821250.4060178,329.0705949594537,0.24816384940785352,0
1595821250.4160242,330.87175195713434,0.24816384940785352,0
1595821250.4260235,332.67162149448785,0.24816384940785352,0
1595821250.4360244,334.47179143925104,0.24816384940785352,0
1595821250.4460287,336.27256219883355,0.24816384940785352,0
1595821250.4560113,338.0694276620904,0.24816384940785352,0
1595821250.4660223,339.8714000513116,0.24816384940785352,0
1595821250.4760277,341.6723853876153,0.24816384940785352,0
1595821250.4860122,343.46959417362604,0.24816384940785352,0
1595821250.4960132,345.2697641183892,0.24816384940785352,0
1595821250.5060205,347.07109277744684,0.24816384940785352,0
1595821250.5160134,348.8698036005059,0.24816384940785352,0
1595821250.526023,350.6715184976617,0.24816384940785352,0
1595821250.536026,352.472074680523,0.24816384940785352,0
1595821250.546013,354.26975553532037,0.24816384940785352,0
1595821250.5560102,356.06923883457574,0.24816384940785352,0
1595821250.566021,357.8711683084527,0.24816384940785352,0
1595821250.5760214,359.6712524225274,0.24816384940785352,0
1595821250.5778644,360,0.24816384940785352,1
1595821250.5778644,0,0,0
1595821250.5878816,1.8030881881713867,0,0
1595821250.5978675,3.6005544662475586,0,0
1595821250.6078715,5.40128231048584,0,0
1595821250.6178732,7.201581001281738,0,0
1595821250.6278794,9.002695083618164,0,0
1595821250.637866,10.80029010772705,0,0
1595821250.6478693,12.600889205932617,0,0
1595821250.6578674,14.400544166564941,0,0
1595821250.6678734,16.20161533355713,0,0
1595821250.6778657,18.000240325927734,0,0
1595821250.68787,19.801011085510254,0,0
1595821250.6978729,21.601524353027344,0,0
1595821250.7078733,23.40160846710205,0,0
1595821250.7178712,25.201220512390137,0,0
1595821250.7278833,27.00340747833252,0,0
1595821250.7378743,28.801774978637695,0,0
1595821250.7478647,30.600056648254395,0,0
1595821250.7578685,32.40074157714844,0,0
1595821250.7678657,34.20022487640381,0,0
1595821250.7778819,36.00314140319824,0,0
1595821250.7878656,37.80022144317627,0,0
1595821250.7978683,39.60069179534912,0,0
1595821250.8078647,41.40004634857178,0,0
1595821250.8178792,43.20266246795654,0,0
1595821250.827879,45.002617835998535,0,0
1595821250.837867,46.80047035217285,0,0
1595821250.847866,48.60029697418213,0,0
1595821250.8578668,50.400424003601074,0,0
1595821250.867876,52.2020959854126,0,0
1595821250.8778803,54.00286674499512,0,0
1595821250.887878,55.802435874938965,0,0
1595821250.8979096,57.60814189910889,0,0
1595821250.907864,59.399943351745605,0,0
1595821250.9178677,61.20058536529541,0,0
1595821250.9278767,63.002214431762695,0,0
1595821250.9378703,64.80105400085449,0,0
1595821250.9478767,66.60221099853516,0,0
1595821250.9578793,68.40268135070801,0,0
1595821250.9678707,70.20113468170166,0,0
1595821250.9778643,71.99997425079346,0,0
1595821250.9878814,73.80306243896484,0,0
1595821250.9978743,75.60177326202393,0,0
1595821251.0078661,77.40031242370605,0,0
1595821251.0178785,79.20254230499268,0,0
1595821251.0278738,81.00168228149414,0,0
1595821251.0378704,82.80107975006104,0,0
1595821251.0478737,84.6016788482666,0,0
1595821251.0578675,86.40056133270264,0,0
1595821251.0678751,88.20193290710449,0,0
1595821251.0778813,90.00304698944092,0,0
1595821251.0878773,91.8023157119751,0,0
1595821251.0978725,93.60145568847656,0,0
1595821251.107876,95.40209770202637,0,0
1595821251.1178644,97.19999313354492,0,0
1595821251.1278694,99.00089263916016,0,0
1595821251.1378639,100.7999038696289,0,0
1595821251.1478648,102.60007381439209,0,0
1595821251.1578686,104.40075874328613,0,0
1595821251.1678796,106.20273113250732,0,0
1595821251.177877,108.00225734710693,0,0
1595821251.18787,109.80101108551025,0,0
1595821251.197874,111.60173892974854,0,0
1595821251.2078702,113.40105056762695,0,0
1595821251.2178755,115.20199298858643,0,0
1595821251.22787,117.00100421905518,0,0
1595821251.237876,118.80207538604736,0,0
1595821251.247877,120.60224533081055,0,0
1595821251.2578776,122.40237236022949,0,0
1595821251.2678668,124.200439453125,0,0
1595821251.277866,126.00026607513428,0,0
1595821251.2878826,127.80326843261719,0,0
1595821251.297868,129.60064888000488,0,0
1595821251.3078783,131.40249252319336,0,0
1595821251.3178682,133.20068836212158,0,0
1595821251.3278668,135.00042915344238,0,0
1595821251.3378706,136.80111408233643,0,0
1595821251.3478816,138.60308647155762,0,0
1595821251.3578815,140.40308475494385,0,0
1595821251.3678656,142.2002077102661,0,0
1595821251.3778653,144.0001630783081,0,0
1595821251.387876,145.80209255218506,0,0
1595821251.397864,147.59994506835938,0,0
1595821251.407882,149.40316200256348,0,0
1595821251.4178703,151.20105743408203,0,0
1595821251.42787,153.00101280212402,0,0
1595821251.4378664,154.80036735534668,0,0
1595821251.4478717,156.60130977630615,0,0
1595821251.457868,158.4006643295288,0,0
1595821251.4678762,160.20212173461914,0,0
1595821251.4778771,162.00229167938232,0,0
1595821251.4878654,163.80018711090088,0,0
1595821251.4978812,165.60301780700684,0,0
1595821251.507875,167.40190029144287,0,0
1595821251.5178704,169.20108318328857,0,0
1595821251.527882,171.00318431854248,0,0
1595821251.5378723,172.80142307281494,0,0
1595821251.547868,174.60064888000488,0,0
1595821251.5578737,176.40167713165283,0,0
1595821251.567873,178.20154666900635,0,0
1595821251.577868,180.00064373016357,0,0
1595821251.587879,181.80261611938477,0,0
1595821251.597865,183.60012531280518,0,0
1595821251.60788,185.40282726287842,0,0
1595821251.6178749,187.2018814086914,0,0
1595821251.627871,189.00119304656982,0,0
1595821251.6378725,190.80144882202148,0,0
1595821251.6478791,192.6026487350464,0,0
1595821251.6578822,194.40320491790771,0,0
1595821251.6678638,196.1998987197876,0,0
1595821251.6778762,198.00212860107422,0,0
1595821251.6878667,199.80041027069092,0,0
1595821251.6978717,201.60130977630615,0,0
1595821251.7078812,203.4030246734619,0,0
1595821251.717876,205.2020788192749,0,0
1595821251.727867,207.00044631958008,0,0
1595821251.737872,208.8013458251953,0,0
1595821251.7478728,210.6015157699585,0,0
1595821251.7578661,212.40031242370605,0,0
1595821251.7678738,214.2016839981079,0,0
1595821251.7778752,216.00193977355957,0,0
1595821251.787872,217.8013801574707,0,0
1595821251.7978735,219.60163593292236,0,0
1595821251.8078682,221.40069007873535,0,0
1595821251.8178654,223.20017337799072,0,0
1595821251.8278759,225.00205993652344,0,0
1595821251.8378754,226.8019723892212,0,0
1595821251.839292,227.05697536468506,0,0
1595821251.839292,272.97129476090066,0.25507955220119793,0
1595821251.8478715,274.5156034233152,0.25507955220119793,0
1595821251.8578646,276.31435716171853,0.25507955220119793,0
1595821251.8678665,278.11469876785867,0.25507955220119793,0
1595821251.8778806,279.91722905655496,0.25507955220119793,0
1595821251.8878791,281.71696984787576,0.25507955220119793,0
1595821251.8978667,283.5147365333616,0.25507955220119793,0
1595821251.9078777,285.3167089225828,0.25507955220119793,0
1595821251.917869,287.11516225357644,0.25507955220119793,0
1595821251.9278643,288.9143022300779,0.25507955220119793,0
1595821251.937868,290.71498715897195,0.25507955220119793,0
1595821251.947871,292.51550042648904,0.25507955220119793,0
1595821251.9578645,294.31433999558084,0.25507955220119793,0
1595821251.9678662,296.11463868637674,0.25507955220119793,0
1595821251.977876,297.91639649887674,0.25507955220119793,0
1595821251.9878743,299.7160943748533,0.25507955220119793,0
1595821251.99787,301.51532018204324,0.25507955220119793,0
1595821252.007866,303.3145889045774,0.25507955220119793,0
1595821252.0178726,305.1157888176023,0.25507955220119793,0
1595821252.0278687,306.91510045548074,0.25507955220119793,0
1595821252.0378773,308.71664369125955,0.25507955220119793,0
1595821252.0478697,310.51526868363015,0.25507955220119793,0
1595821252.057877,312.31659734268777,0.25507955220119793,0
1595821252.067869,314.1151365043699,0.25507955220119793,0
1595821252.0778775,315.9166797401487,0.25507955220119793,0
1595821252.0878756,317.71633470078103,0.25507955220119793,0
1595821252.097874,319.5160325767576,0.25507955220119793,0
1595821252.1078794,321.3170179130613,0.25507955220119793,0
1595821252.1178682,323.11499917526834,0.25507955220119793,0
1595821252.1278682,324.91499745865457,0.25507955220119793,0
1595821252.137877,326.7165836097776,0.25507955220119793,0
1595821252.147872,328.51568067093484,0.25507955220119793,0
1595821252.1578732,330.31589353104226,0.25507955220119793,0
1595821252.167867,332.1147760154783,0.25507955220119793,0
1595821252.1778731,333.9158900978147,0.25507955220119793,0
1595821252.187868,335.71498715897195,0.25507955220119793,0
1595821252.1978652,337.5144704582273,0.25507955220119793,0
1595821252.2078803,339.31717240830056,0.25507955220119793,0
1595821252.2178805,341.11721360703103,0.25507955220119793,0
1595821252.2278805,342.91721189041726,0.25507955220119793,0
1595821252.2378628,344.71403443832986,0.25507955220119793,0
1595821252.2478747,346.516178488928,0.25507955220119793,0
1595821252.2578802,348.3171638252317,0.25507955220119793,0
1595821252.2678723,350.1157459022581,0.25507955220119793,0
1595821252.2778692,351.9151862861692,0.25507955220119793,0
1595821252.2878735,353.71595704575174,0.25507955220119793,0
1595821252.2978683,355.5150111915647,0.25507955220119793,0
1595821252.307873,357.3158677818357,0.25507955220119793,0
1595821252.317871,359.11552274246804,0.25507955220119793,0
1595821252.3228033,360,0.25507955220119793,1
1595821252.3228033,0,0,0
1595821252.3328152,1.8021440505981445,0,0
1595821252.3428044,3.6002111434936523,0,0
1595821252.3528085,5.400938987731934,0,0
1595821252.3628144,7.202010154724121,0,0
1595821252.3728075,9.000763893127441,0,0
1595821252.3828108,10.801362991333008,0,0
1595821252.392806,12.600502967834473,0,0
1595821252.402818,14.402647018432617,0,0
1595821252.4128094,16.20110034942627,0,0
1595821252.4228055,18.000411987304688,0,0
1595821252.4328046,19.800238609313965,0,0
1595821252.4428182,21.602683067321777,0,0
1595821252.4528084,23.40092182159424,0,0
1595821252.462815,25.20212173461914,0,0
1595821252.4728045,27.000231742858887,0,0
1595821252.4828162,28.802332878112793,0,0
1595821252.492811,30.60138702392578,0,0
1595821252.5028088,32.40099906921387,0,0
1595821252.5128212,34.20322895050049,0,0
1595821252.522816,36.00228309631348,0,0
1595821252.5328166,37.80241012573242,0,0
1595821252.5428069,39.60064888000488,0,0
1595821252.5528166,41.40240669250488,0,0
1595821252.5628185,43.20274829864502,0,0
1595821252.5728035,45.00004291534424,0,0
1595821252.582809,46.80102825164795,0,0
1595821252.592814,48.601927757263184,0,0
1595821252.6028209,50.403170585632324,0,0
1595821252.6128144,52.20201015472412,0,0
1595821252.6228094,54.00110721588135,0,0
1595821252.6328185,55.80273628234863,0,0
1595821252.642816,57.60230541229248,0,0
1595821252.6528213,59.40324783325195,0,0
1595821252.66282,61.20303153991699,0,0
1595821252.672813,63.001742362976074,0,0
1595821252.68282,64.80302810668945,0,0
1595821252.6928043,66.60019397735596,0,0
1595821252.702817,68.40246677398682,0,0
1595821252.7128162,70.20233631134033,0,0
1595821252.7228153,72.00216293334961,0,0
1595821252.7328155,73.80220413208008,0,0
1595821252.742804,75.60014247894287,0,0
1595821252.752811,77.40138530731201,0,0
1595821252.762807,79.20065402984619,0,0
1595821252.772822,81.00335597991943,0,0
1595821252.782816,82.8022813796997,0,0
1595821252.792814,84.60193634033203,0,0
1595821252.8028123,86.4016342163086,0,0
1595821252.8128119,88.20154666900635,0,0
1595821252.8228154,90.00218868255615,0,0
1595821252.8328185,91.80274486541748,0,0
1595821252.8428197,93.6029577255249,0,0
1595821252.8528042,95.40016651153564,0,0
1595821252.8628166,97.20239639282227,0,0
1595821252.8728158,99.00226593017578,0,0
1595821252.8828125,100.80166339874268,0,0
1595821252.892809,102.60101795196533,0,0
1595821252.9028213,104.40324783325195,0,0
1595821252.9128108,106.2013578414917,0,0
1595821252.9228175,108.0025577545166,0,0
1595821252.932805,109.80032444000244,0,0
1595821252.942817,111.60246849060059,0,0
1595821252.952812,113.40156555175781,0,0
1595821252.962813,115.201735496521,0,0
1595821252.9728107,117.00134754180908,0,0
1595821252.9828157,118.80224704742432,0,0
1595821252.992807,120.60065746307373,0,0
1595821253.0028117,122.40151405334473,0,0
1595821253.0128129,124.20172691345215,0,0
1595821253.0228117,126.00151062011719,0,0
1595821253.0328166,127.80241012573242,0,0
1595821253.04281,129.60120677947998,0,0
1595821253.0528219,131.40335083007812,0,0
1595821253.0628204,133.20309162139893,0,0
1595821253.0728133,135.001802444458,0,0
1595821253.082815,136.8021011352539,0,0
1595821253.0928187,138.60278606414795,0,0
1595821253.1028152,140.4021406173706,0,0
1595821253.1128163,142.20235347747803,0,0
1595821253.122817,144.00248050689697,0,0
1595821253.1328182,145.8026933670044,0,0
1595821253.1428208,147.60316371917725,0,0
1595821253.1528096,149.40114498138428,0,0
1595821253.1628203,151.20307445526123,0,0
1595821253.172805,153.0003261566162,0,0
1595821253.1828105,154.80131149291992,0,0
1595821253.1928144,156.60199642181396,0,0
1595821253.2028046,158.40023517608643,0,0
1595821253.212817,160.20246505737305,0,0
1595821253.222818,162.00263500213623,0,0
1595821253.232811,163.80138874053955,0,0
1595821253.2428205,165.6031036376953,0,0
1595821253.2528162,167.40232944488525,0,0
1595821253.262809,169.20104026794434,0,0
1595821253.2728212,171.00322723388672,0,0
1595821253.2828183,172.8027105331421,0,0
1595821253.2928097,174.60116386413574,0,0
1595821253.3028083,176.40090465545654,0,0
1595821253.3128183,178.20270538330078,0,0
1595821253.3228207,180.0031328201294,0,0
1595821253.332805,181.8002986907959,0,0
1595821253.3428133,183.60179901123047,0,0
1595821253.3528206,185.4031276702881,0,0
1595821253.3628063,187.20055103302002,0,0
1595821253.3728123,189.0016222000122,0,0
1595821253.3828168,190.80243587493896,0,0
1595821253.392809,192.60101795196533,0,0
1595821253.402809,194.40101623535156,0,0
1595821253.4128206,196.20311737060547,0,0
1595821253.4228146,198.00204277038574,0,0
1595821253.432811,199.8013973236084,0,0
1595821253.4428043,201.60019397735596,0,0
1595821253.4528193,203.4028959274292,0,0
1595821253.4628026,205.19989013671875,0,0
1595821253.4728053,207.0003604888916,0,0
1595821253.4828124,208.80164623260498,0,0
1595821253.4928071,210.60070037841797,0,0
1595821253.502807,212.40065574645996,0,0
1595821253.5128102,214.20125484466553,0,0
1595821253.522813,216.00176811218262,0,0
1595821253.5328066,217.8006076812744,0,0
1595821253.5428188,219.6027946472168,0,0
1595821253.5528085,221.40094757080078,0,0
1595821253.5628097,223.2011604309082,0,0
1595821253.5728104,225.00128746032715,0,0
1595821253.5828073,226.80072784423828,0,0
1595821253.5928092,228.60106945037842,0,0
1595821253.6028037,230.40008068084717,0,0
1595821253.6128168,232.2024393081665,0,0
1595821253.6228073,234.0007209777832,0,0
1595821253.6328049,235.80029010772705,0,0
1595821253.6428113,237.60144710540771,0,0
1595821253.6528141,239.4019603729248,0,0
1595821253.6628034,241.2000274658203,0,0
1595821253.6644073,241.48871898651123,0,0
1595821253.6644073,288.9208381088668,0.26351177290197536,0
1595821253.6728113,290.433561077922,0.26351177290197536,0
1595821253.6828122,292.23373102268516,0.26351177290197536,0
1595821253.6928074,294.0328709991866,0.26351177290197536,0
1595821253.7028058,295.8325688751632,0.26351177290197536,0
1595821253.7128158,297.6343696030074,0.26351177290197536,0
1595821253.7228174,299.4346682938033,0.26351177290197536,0
1595821253.732806,301.2326066406661,0.26351177290197536,0
1595821253.7428045,303.0323474319869,0.26351177290197536,0
1595821253.7528121,304.8337190063888,0.26351177290197536,0
1595821253.762806,306.6326014908248,0.26351177290197536,0
1595821253.7728188,308.4349172027999,0.26351177290197536,0
1595821253.782814,310.2340571793014,0.26351177290197536,0
1595821253.7928176,312.0346991928512,0.26351177290197536,0
1595821253.8028057,313.8325517090255,0.26351177290197536,0
1595821253.8128169,315.6345670135909,0.26351177290197536,0
1595821253.8228037,317.43220495304405,0.26351177290197536,0
1595821253.8328075,319.2328898819381,0.26351177290197536,0
1595821253.8428154,321.0343043716842,0.26351177290197536,0
1595821253.8528063,322.83267187198936,0.26351177290197536,0
1595821253.862813,324.63387178501426,0.26351177290197536,0
1595821253.872803,326.4320676239425,0.26351177290197536,0
1595821253.8828042,328.2322804840499,0.26351177290197536,0
1595821253.8928156,330.0343387039596,0.26351177290197536,0
1595821253.9028132,331.8339078339034,0.26351177290197536,0
1595821253.91281,333.63334821781456,0.26351177290197536,0
1595821253.922813,335.43386148533165,0.26351177290197536,0
1595821253.9328127,337.23381685337364,0.26351177290197536,0
1595821253.942814,339.0340726288253,0.26351177290197536,0
1595821253.9528165,340.8345000656539,0.26351177290197536,0
1595821253.9628148,342.6341979416305,0.26351177290197536,0
1595821253.9728048,344.4323937805587,0.26351177290197536,0
1595821253.9828146,346.2341515930587,0.26351177290197536,0
1595821253.9928095,348.0332486542159,0.26351177290197536,0
1595821254.002805,349.8324315460616,0.26351177290197536,0
1595821254.0128071,351.632816067546,0.26351177290197536,0
1595821254.0228152,353.43427347263633,0.26351177290197536,0
1595821254.0328155,355.2343146713668,0.26351177290197536,0
1595821254.042803,357.03208135685264,0.26351177290197536,0
1595821254.0528126,358.8337962540084,0.26351177290197536,0
1595821254.0593112,360,0.26351177290197536,1
1595821254.0593112,0,0,0
1595821254.0693138,1.8004703521728516,0,0
1595821254.0793293,3.6032581329345703,0,0
1595821254.0893276,5.402956008911133,0,0
1595821254.0993276,7.202954292297363,0,0
1595821254.1093223,9.002008438110352,0,0
1595821254.1193233,10.802178382873535,0,0
1595821254.1293223,12.602005004882812,0,0
1595821254.1393266,14.402775764465332,0,0
1595821254.1493165,16.200971603393555,0,0
1595821254.159321,18.001785278320312,0,0
1595821254.1693256,19.80259895324707,0,0
1595821254.1793132,21.60036563873291,0,0
1595821254.1893153,23.400750160217285,0,0
1595821254.1993148,25.20066261291504,0,0
1595821254.209317,27.001047134399414,0,0
1595821254.219326,28.8026762008667,0,0
1595821254.2293208,30.601730346679688,0,0
1595821254.2393267,32.402801513671875,0,0
1595821254.249327,34.202842712402344,0,0
1595821254.259325,36.00249767303467,0,0
1595821254.2693179,37.80120849609375,0,0
1595821254.2793267,39.6027946472168,0,0
1595821254.2893133,41.400389671325684,0,0
1595821254.2993143,43.20055961608887,0,0
1595821254.309316,45.000858306884766,0,0
1595821254.3193192,46.80145740509033,0,0
1595821254.3293142,48.60055446624756,0,0
1595821254.3393264,50.40274143218994,0,0
1595821254.3493228,52.2020959854126,0,0
1595821254.359325,54.00248050689697,0,0
1595821254.3693287,55.803165435791016,0,0
1595821254.3793242,57.60234832763672,0,0
1595821254.3893118,59.40011501312256,0,0
1595821254.3993218,61.2019157409668,0,0
1595821254.4093227,63.00208568572998,0,0
1595821254.4193194,64.80148315429688,0,0
1595821254.429313,66.60032272338867,0,0
1595821254.4393144,68.40057849884033,0,0
1595821254.4493277,70.2029800415039,0,0
1595821254.459321,72.00177669525146,0,0
1595821254.469325,73.80250453948975,0,0
1595821254.479314,75.60052871704102,0,0
1595821254.489326,77.40267276763916,0,0
1595821254.4993236,79.20224189758301,0,0
1595821254.5093117,81.00009441375732,0,0
1595821254.519323,82.80215263366699,0,0
1595821254.529324,84.60232257843018,0,0
1595821254.5393162,86.40090465545654,0,0
1595821254.549312,88.20017337799072,0,0
1595821254.5593147,90.00064373016357,0,0
1595821254.5693202,91.80162906646729,0,0
1595821254.5793254,93.60257148742676,0,0
1595821254.5893192,95.4014539718628,0,0
1595821254.599311,97.19999313354492,0,0
1595821254.6093137,99.00046348571777,0,0
1595821254.6193156,100.80080509185791,0,0
1595821254.6293125,102.60024547576904,0,0
1595821254.639323,104.40213203430176,0,0
1595821254.6493142,106.20054244995117,0,0
1595821254.6593158,108.00084114074707,0,0
1595821254.6693153,109.80075359344482,0,0
1595821254.679324,111.60229682922363,0,0
1595821254.6893256,113.40259552001953,0,0
1595821254.6993196,115.2015209197998,0,0
1595821254.709315,117.00070381164551,0,0
1595821254.7193236,118.80224704742432,0,0
1595821254.7293289,120.60318946838379,0,0
1595821254.7393289,122.40318775177002,0,0
1595821254.749326,124.20267105102539,0,0
1595821254.759326,126.00266933441162,0,0
1595821254.7693293,127.80326843261719,0,0
1595821254.7793293,129.60326671600342,0,0
1595821254.78932,131.40159130096436,0,0
1595821254.7993128,133.20030212402344,0,0
1595821254.809327,135.00283241271973,0,0
1595821254.8193243,136.80235862731934,0,0
1595821254.82932,138.60158443450928,0,0
1595821254.8393207,140.40171146392822,0,0
1595821254.8493278,142.2029972076416,0,0
1595821254.8593175,144.0011501312256,0,0
1595821254.8693247,145.80243587493896,0,0
1595821254.8793142,147.6005458831787,0,0
1595821254.889314,149.4005012512207,0,0
1595821254.8993142,151.20054244995117,0,0
1595821254.90932,153.00161361694336,0,0
1595821254.9193113,154.80002403259277,0,0
1595821254.9293106,156.5998935699463,0,0
1595821254.939314,158.40049266815186,0,0
1595821254.949326,160.20267963409424,0,0
1595821254.9593205,162.001690864563,0,0
1595821254.9693282,163.80306243896484,0,0
1595821254.9793227,165.6020736694336,0,0
1595821254.9893146,167.40061283111572,0,0
1595821254.9993265,169.20275688171387,0,0
