Timestamp,Phase,Heading,Ping?
1595877049.0101068,100.93517216573252,99.13199814687266,0
1595877049.0201015,102.73422631154551,99.13199814687266,0
1595877049.0300903,104.53220757375254,99.13199814687266,0
1595877049.0401034,106.33456620107188,99.13199814687266,0
1595877049.0501013,108.13417824635997,99.13199814687266,0
1595877049.0601058,109.93499192128672,99.13199814687266,0
1595877049.0701013,111.73417481313243,99.13199814687266,0
1595877049.0800905,113.53224190602793,99.13199814687266,0
1595877049.0901036,115.33460053334727,99.13199814687266,0
1595877049.1001055,117.1349421394874,99.13199814687266,0
1595877049.1101062,118.93506916890635,99.13199814687266,0
1595877049.1200943,120.73292168508067,99.13199814687266,0
1595877049.1301014,122.53420742879405,99.13199814687266,0
1595877049.1400898,124.3321028603126,99.13199814687266,0
1595877049.150092,126.13248738179698,99.13199814687266,0
1595877049.1600926,127.93261441121592,99.13199814687266,0
1595877049.1700945,129.73295601735606,99.13199814687266,0
1595877049.1800973,131.53346928487315,99.13199814687266,0
1595877049.190103,133.3344975365211,99.13199814687266,0
1595877049.200094,135.13286503682627,99.13199814687266,0
1595877049.210094,136.9328633202125,99.13199814687266,0
1595877049.2200947,138.73299034963145,99.13199814687266,0
1595877049.2301025,140.53440483937754,99.13199814687266,0
1595877049.2400951,142.3330727470924,99.13199814687266,0
1595877049.2500932,144.1327277077247,99.13199814687266,0
1595877049.2601056,145.93495758901133,99.13199814687266,0
1595877049.2701085,147.73547085652842,99.13199814687266,0
1595877049.2800908,149.53229340444102,99.13199814687266,0
1595877049.290094,151.33284958730235,99.13199814687266,0
1595877049.3001025,153.13439282308116,99.13199814687266,0
1595877049.310103,154.93447693715586,99.13199814687266,0
1595877049.3200996,156.73387440572276,99.13199814687266,0
1595877049.3301053,158.5349026573707,99.13199814687266,0
1595877049.3400912,160.33236893544688,99.13199814687266,0
1595877049.3500984,162.13365467916026,99.13199814687266,0
1595877049.3601053,163.9348975075294,99.13199814687266,0
1595877049.3700972,165.73343666921153,99.13199814687266,0
1595877049.3800993,167.5338211906959,99.13199814687266,0
1595877049.390104,169.3346777809669,99.13199814687266,0
1595877049.400101,171.13411816487803,99.13199814687266,0
1595877049.4101005,172.9340306175758,99.13199814687266,0
1595877049.4200962,174.73325642476573,99.13199814687266,0
1595877049.4301035,176.53458508382334,99.13199814687266,0
1595877049.4400969,178.3333817375709,99.13199814687266,0
1595877049.4500988,180.13372334371104,99.13199814687266,0
1595877049.4600902,181.9321766747047,99.13199814687266,0
1595877049.470089,183.73196038136973,99.13199814687266,0
1595877049.4800968,185.53337487111583,99.13199814687266,0
1595877049.4901032,187.3345318687965,99.13199814687266,0
1595877049.5001028,189.13444432149424,99.13199814687266,0
1595877049.5101,190.9339276207496,99.13199814687266,0
1595877049.520101,192.73414048085704,99.13199814687266,0
1595877049.530092,194.5325079811622,99.13199814687266,0
1595877049.5401075,196.33529576192393,99.13199814687266,0
1595877049.5500934,198.1327620400001,99.13199814687266,0
1595877049.5600889,199.9319449318458,99.13199814687266,0
1595877049.5701063,201.73507603536143,99.13199814687266,0
1595877049.5800893,203.53202732930674,99.13199814687266,0
1595877049.5901058,205.33498677144541,99.13199814687266,0
1595877049.6000912,207.1323672188331,99.13199814687266,0
1595877049.610095,208.93305214772715,99.13199814687266,0
1595877049.6200886,210.73189171681895,99.13199814687266,0
1595877049.630089,212.53197583089366,99.13199814687266,0
1595877049.6400914,214.33240326772227,99.13199814687266,0
1595877049.6500933,216.1327448738624,99.13199814687266,0
1595877049.660093,217.9327002419044,99.13199814687266,0
1595877049.6700952,219.73308476338877,99.13199814687266,0
1595877049.6800902,221.532181824546,99.13199814687266,0
1595877049.6900935,223.33278092275157,99.13199814687266,0
1595877049.7000952,225.13307961354747,99.13199814687266,0
1595877049.7101016,226.93423661122813,99.13199814687266,0
1595877049.7200909,228.73230370412364,99.13199814687266,0
1595877049.7300997,230.53388985524668,99.13199814687266,0
1595877049.740104,232.3346606148292,99.13199814687266,0
1595877049.7500954,234.13311394582286,99.13199814687266,0
1595877049.7601027,235.93444260488047,99.13199814687266,0
1595877049.770099,237.7337542427589,99.13199814687266,0
1595877049.7800891,239.53199299703135,99.13199814687266,0
1595877049.7900941,241.3328925026466,99.13199814687266,0
1595877049.8001065,243.1351223839332,99.13199814687266,0
1595877049.8100958,244.93318947682872,99.13199814687266,0
1595877049.820097,246.73340233693614,99.13199814687266,0
1595877049.8300893,248.53202732930674,99.13199814687266,0
1595877049.8401003,250.33399971852793,99.13199814687266,0
1595877049.8501074,252.1352854622413,99.13199814687266,0
1595877049.8600965,253.93330963979258,99.13199814687266,0
1595877049.8701007,255.7340803993751,99.13199814687266,0
1595877049.8800988,257.5337353600074,99.13199814687266,0
1595877049.890095,259.33304699788584,99.13199814687266,0
1595877049.900092,261.132487381797,99.13199814687266,0
1595877049.9101002,262.93398770223155,99.13199814687266,0
1595877049.9200978,264.7335568321754,99.13199814687266,0
1595877049.9301004,266.53402718434825,99.13199814687266,0
1595877049.940102,268.33432587514415,99.13199814687266,0
1595877049.950099,270.1337662590553,99.13199814687266,0
1595877049.9600918,271.93247708211436,99.13199814687266,0
1595877049.9700944,273.7329474342872,99.13199814687266,0
1595877049.9801068,275.53517731557383,99.13199814687266,0
1595877049.9900975,277.33350190053477,99.13199814687266,0
1595877050.0001009,279.13410099874034,99.13199814687266,0
1595877050.0101068,280.9351721657325,99.13199814687266,0
1595877050.0200899,282.73212345967784,99.13199814687266,0
1595877050.0301044,284.5347395790626,99.13199814687266,0
1595877050.0401015,286.334222878318,99.13199814687266,0
1595877050.0501063,288.13507946858897,99.13199814687266,0
1595877050.060092,289.9325028313209,99.13199814687266,0
1595877050.0700982,291.73361691365733,99.13199814687266,0
1595877050.0801058,293.5349884880592,99.13199814687266,0
1595877050.0900972,295.33344181905284,99.13199814687266,0
1595877050.1000915,297.13241013417735,99.13199814687266,0
1595877050.1101058,298.9349833382179,99.13199814687266,0
1595877050.1201055,300.73493870625987,99.13199814687266,0
1595877050.1301003,302.53399285207286,99.13199814687266,0
1595877050.1401026,304.33442028890147,99.13199814687266,0
1595877050.150097,306.133388604026,99.13199814687266,0
1595877050.1600902,307.93218525777354,99.13199814687266,0
1595877050.1700966,309.7333422554542,99.13199814687266,0
1595877050.1800966,311.53334053884043,99.13199814687266,0
1595877050.1900954,313.3331242455055,99.13199814687266,0
1595877050.2001076,315.13531121144786,99.13199814687266,0
1595877050.2101028,316.9344511879493,99.13199814687266,0
1595877050.2200887,318.7319174660255,99.13199814687266,0
1595877050.2300925,320.53260239491954,99.13199814687266,0
1595877050.2400973,322.33345898519053,99.13199814687266,0
1595877050.2501044,324.1347447289039,99.13199814687266,0
1595877050.2601073,325.935257996421,99.13199814687266,0
1595877050.2700896,327.7320805443336,99.13199814687266,0
1595877050.2800913,329.5323792351295,99.13199814687266,0
1595877050.29009,331.33216294179454,99.13199814687266,0
1595877050.300095,333.13306244740977,99.13199814687266,0
1595877050.3101063,334.9350777519752,99.13199814687266,0
1595877050.3200912,336.7323723686744,99.13199814687266,0
1595877050.3301,338.53395851979747,99.13199814687266,0
1595877050.3400958,340.3331843269874,99.13199814687266,0
1595877050.35009,342.1321526421119,99.13199814687266,0
1595877050.3600893,343.93202217946543,99.13199814687266,0
1595877050.3701022,345.73433789144053,99.13199814687266,0
1595877050.3801014,347.53420742879405,99.13199814687266,0
1595877050.3901014,349.3342057121803,99.13199814687266,0
1595877050.4000885,351.13188656697764,99.13199814687266,0
1595877050.4100971,352.93342980275645,99.13199814687266,0
1595877050.4201043,354.73471554646983,99.13199814687266,0
1595877050.430098,356.53359803090586,99.13199814687266,0
1595877050.4400942,358.3329096687843,99.13199814687266,0
1595877050.4493701,360,99.13199814687266,1
1595877050.4493701,0,99.13199814687266,0
1595877050.5099962,10.912684525351665,99.13199814687266,0
1595877050.5099962,7.638879167746166,95.85819278926716,0
1595877051.0101125,97.65982185573445,95.85819278926716,0
1595877051.0201106,99.45947681636677,95.85819278926716,0
1595877051.0301108,101.25951801509724,95.85819278926716,0
1595877051.0401082,103.05904422969685,95.85819278926716,0
1595877051.0501108,104.8595145818697,95.85819278926716,0
1595877051.0601108,106.65951286525593,95.85819278926716,0
1595877051.0701225,108.46161400050984,95.85819278926716,0
1595877051.0801208,110.2613118764864,95.85819278926716,0
1595877051.0901132,112.05993686885701,95.85819278926716,0
1595877051.100112,113.85972057552205,95.85819278926716,0
1595877051.1101122,115.65976177425252,95.85819278926716,0
1595877051.120121,117.46134792537556,95.85819278926716,0
1595877051.1301055,119.2585567113863,95.85819278926716,0
1595877051.14012,121.06117283077107,95.85819278926716,0
1595877051.150106,122.85863910884724,95.85819278926716,0
1595877051.1601133,124.65996776790486,95.85819278926716,0
1595877051.1701174,126.46069561214314,95.85819278926716,0
1595877051.1801224,128.26159511775836,95.85819278926716,0
1595877051.1901171,130.06064926357135,95.85819278926716,0
1595877051.2001073,131.8588880178438,95.85819278926716,0
1595877051.210105,133.65845714778766,95.85819278926716,0
1595877051.22012,135.4611590978609,95.85819278926716,0
1595877051.2301195,137.26107155055865,95.85819278926716,0
1595877051.2401059,139.0586236593233,95.85819278926716,0
1595877051.2501123,140.85978065700397,95.85819278926716,0
1595877051.260113,142.6599076864229,95.85819278926716,0
1595877051.2701216,144.46145092220172,95.85819278926716,0
1595877051.2801092,146.25921760768756,95.85819278926716,0
1595877051.2901068,148.0587867376314,95.85819278926716,0
1595877051.3001082,149.85904251308307,95.85819278926716,0
1595877051.3101218,151.66148697109088,95.85819278926716,0
1595877051.3201058,153.45860992641315,95.85819278926716,0
1595877051.3301187,155.26092563838824,95.85819278926716,0
1595877051.3401098,157.05933605403766,95.85819278926716,0
1595877051.3501093,158.8592485067354,95.85819278926716,0
1595877051.3601105,160.65946136684283,95.85819278926716,0
1595877051.3701193,162.46104751796588,95.85819278926716,0
1595877051.3801157,164.26040207118854,95.85819278926716,0
1595877051.390119,166.0610011693941,95.85819278926716,0
1595877051.4001055,167.85855327815875,95.85819278926716,0
1595877051.4101067,169.65876613826617,95.85819278926716,0
1595877051.420119,171.4609960195528,95.85819278926716,0
1595877051.4301069,173.25880562038287,95.85819278926716,0
1595877051.440118,175.0608209249483,95.85819278926716,0
1595877051.4501173,176.86069046230182,95.85819278926716,0
1595877051.460112,178.6597446081148,95.85819278926716,0
1595877051.4701133,180.45995746822223,95.85819278926716,0
1595877051.4801056,182.25858246059283,95.85819278926716,0
1595877051.4901047,184.0584090826021,95.85819278926716,0
1595877051.5001132,185.85995231838092,95.85819278926716,0
1595877051.5101118,187.65969310970172,95.85819278926716,0
1595877051.52011,189.45934807033404,95.85819278926716,0
1595877051.530118,191.26080547542438,95.85819278926716,0
1595877051.54011,193.05938755245074,95.85819278926716,0
1595877051.5501094,194.85925708980426,95.85819278926716,0
1595877051.5601172,196.66067157955035,95.85819278926716,0
1595877051.5701134,198.45998321742877,95.85819278926716,0
1595877051.5801215,200.2614406225191,95.85819278926716,0
1595877051.5901105,202.05946480007037,95.85819278926716,0
1595877051.600112,203.85972057552203,95.85819278926716,0
1595877051.610103,205.6580880758272,95.85819278926716,0
1595877051.6201103,207.45941673488483,95.85819278926716,0
1595877051.630115,209.26027332515582,95.85819278926716,0
1595877051.6401153,211.0603145238863,95.85819278926716,0
1595877051.6501217,212.86147152156695,95.85819278926716,0
1595877051.6601217,214.66146980495319,95.85819278926716,0
1595877051.6701188,216.46095310420856,95.85819278926716,0
1595877051.680111,218.25953518123492,95.85819278926716,0
1595877051.6901062,220.0586751577364,95.85819278926716,0
1595877051.7001069,221.85880218715533,95.85819278926716,0
1595877051.7101126,223.65983043880328,95.85819278926716,0
1595877051.7201068,225.4587987539278,95.85819278926716,0
1595877051.730109,227.25918327541217,95.85819278926716,0
1595877051.7401202,229.0611985799776,95.85819278926716,0
1595877051.75011,230.85935150356158,95.85819278926716,0
1595877051.760106,232.65866314144,95.85819278926716,0
1595877051.7701085,234.45909057826861,95.85819278926716,0
1595877051.7801213,236.2614062902437,95.85819278926716,0
1595877051.7901049,238.0584434148775,95.85819278926716,0
1595877051.8001027,239.8580554601656,95.85819278926716,0
1595877051.8101158,241.66041408748492,95.85819278926716,0
1595877051.8201208,243.46131359310016,95.85819278926716,0
1595877051.8301034,245.258179056357,95.85819278926716,0
1595877051.8401086,247.05912147731647,95.85819278926716,0
1595877051.8501217,248.8614801046358,95.85819278926716,0
1595877051.86011,250.65937553615436,95.85819278926716,0
1595877051.8701205,252.46126209468707,95.85819278926716,0
1595877051.88011,254.25937210292682,95.85819278926716,0
1595877051.8901138,256.06005703182086,95.85819278926716,0
1595877051.9001045,257.8583816167818,95.85819278926716,0
1595877051.910114,259.66009651393756,95.85819278926716,0
1595877051.9201155,261.4603522893892,95.85819278926716,0
1595877051.9301033,263.2581618902193,95.85819278926716,0
1595877051.94011,265.0593618032442,95.85819278926716,0
1595877051.9501169,266.86060463161334,95.85819278926716,0
1595877051.9601097,268.6593154546724,95.85819278926716,0
1595877051.970118,270.460815775107,95.85819278926716,0
1595877051.980116,272.2604278203951,95.85819278926716,0
1595877051.990109,274.0591815587984,95.85819278926716,0
1595877052.0001075,275.8589223501192,95.85819278926716,0
1595877052.0101166,277.6605514165865,95.85819278926716,0
1595877052.0201058,279.458618509482,95.85819278926716,0
1595877052.0301125,281.2598184225069,95.85819278926716,0
1595877052.0401049,283.0584434148775,95.85819278926716,0
1595877052.0501153,284.8603299734102,95.85819278926716,0
1595877052.0601113,286.6595986959444,95.85819278926716,0
1595877052.0701187,288.460927355002,95.85819278926716,0
1595877052.0801194,290.26105438442096,95.85819278926716,0
1595877052.0901194,292.0610526678072,95.85819278926716,0
1595877052.1001153,293.86032139034137,95.85819278926716,0
1595877052.1101198,295.6611350652681,95.85819278926716,0
1595877052.120113,297.45988880367145,95.85819278926716,0
1595877052.1301148,299.2602304098116,95.85819278926716,0
1595877052.1401105,301.0594562170015,95.85819278926716,0
1595877052.150119,302.86099945278033,95.85819278926716,0
1595877052.1601148,304.6602252599703,95.85819278926716,0
1595877052.1701176,306.46073852748736,95.85819278926716,0
1595877052.1801214,308.2614234563814,95.85819278926716,0
1595877052.1901195,310.06107841701373,95.85819278926716,0
1595877052.2001026,311.85802971095904,95.85819278926716,0
1595877052.2101023,313.65798507900104,95.85819278926716,0
1595877052.2201164,315.4605153676973,95.85819278926716,0
1595877052.2301025,317.25802456111774,95.85819278926716,0
1595877052.2401145,319.0601686117159,95.85819278926716,0
1595877052.250112,320.8597377416597,95.85819278926716,0
1595877052.2601073,322.6588777181612,95.85819278926716,0
1595877052.2701035,324.4581893560396,95.85819278926716,0
1595877052.2801135,326.25999008388385,95.85819278926716,0
1595877052.290105,328.05848633022174,95.85819278926716,0
1595877052.3001206,329.86127411098346,95.85819278926716,0
1595877052.3101196,331.66110073299274,95.85819278926716,0
1595877052.3201032,333.4581378576265,95.85819278926716,0
1595877052.3301187,335.26092563838824,95.85819278926716,0
1595877052.3401153,337.06032310695514,95.85819278926716,0
1595877052.350114,338.8601068136202,95.85819278926716,0
1595877052.3601177,340.66074882717,95.85819278926716,0
1595877052.3701074,342.45890175075397,95.85819278926716,0
1595877052.3801174,344.2607024785982,95.85819278926716,0
1595877052.3901043,346.05834041805133,95.85819278926716,0
1595877052.4001064,347.8587249395357,95.85819278926716,0
1595877052.41011,349.6593669530855,95.85819278926716,0
1595877052.420106,351.4586356756197,95.85819278926716,0
1595877052.4301136,353.26000725002154,95.85819278926716,0
1595877052.4401186,355.0609067556368,95.85819278926716,0
1595877052.450109,356.8591884252535,95.85819278926716,0
1595877052.4601023,358.65798507900104,95.85819278926716,0
1595877052.4675725,360,95.85819278926716,1
1595877052.4675725,0,95.85819278926716,0
1595877052.5025983,6.304641115378004,95.85819278926716,0
1595877052.5025983,4.413248780764603,93.96680045465376,0
1595877053.0101328,95.76945948938277,93.96680045465376,0
1595877053.020119,97.56696868280318,93.96680045465376,0
1595877053.0301266,99.36834025720503,93.96680045465376,0
1595877053.0401335,101.16958308557417,93.96680045465376,0
1595877053.050135,102.96983886102583,93.96680045465376,0
1595877053.0601292,104.76880717615035,93.96680045465376,0
1595877053.0701299,106.56893420556929,93.96680045465376,0
1595877053.0801218,108.36747336725142,93.96680045465376,0
1595877053.0901356,110.16996074060347,93.96680045465376,0
1595877053.1001267,111.96837115625289,93.96680045465376,0
1595877053.110122,113.76751113275435,93.96680045465376,0
1595877053.1201248,115.56802440027144,93.96680045465376,0
1595877053.1301193,117.36703563074019,93.96680045465376,0
1595877053.1401222,119.16754889825728,93.96680045465376,0
1595877053.1501272,120.96844840387251,93.96680045465376,0
1595877053.1601262,122.76827502588179,93.96680045465376,0
1595877053.1701248,124.56801581720259,93.96680045465376,0
1595877053.1801262,126.36827159265425,93.96680045465376,0
1595877053.1901233,128.16775489190962,93.96680045465376,0
1595877053.200132,129.96929812768843,93.96680045465376,0
1595877053.2101202,131.767193559207,93.96680045465376,0
1595877053.2201223,133.56757808069136,93.96680045465376,0
1595877053.230131,135.36912131647017,93.96680045465376,0
1595877053.2401366,137.17014956811812,93.96680045465376,0
1595877053.250133,138.96950412134078,93.96680045465376,0
1595877053.2601368,140.77018905023482,93.96680045465376,0
1595877053.2701359,142.5700156722441,93.96680045465376,0
1595877053.2801192,144.36700988153365,93.96680045465376,0
1595877053.2901258,146.16820979455855,93.96680045465376,0
1595877053.3001316,147.9692380462065,93.96680045465376,0
1595877053.310122,149.7675197158232,93.96680045465376,0
1595877053.320124,151.56786132196333,93.96680045465376,0
1595877053.330131,153.3691470656767,93.96680045465376,0
1595877053.340127,155.1684157882109,93.96680045465376,0
1595877053.3501263,156.9682853255644,93.96680045465376,0
1595877053.3601358,158.77000022272017,93.96680045465376,0
1595877053.3701215,160.5674235854521,93.96680045465376,0
1595877053.3801312,162.3691813979521,93.96680045465376,0
1595877053.3901296,164.16887927392867,93.96680045465376,0
1595877053.4001288,165.96874881128218,93.96680045465376,0
1595877053.410136,167.77003455499556,93.96680045465376,0
1595877053.4201255,169.5681445632353,93.96680045465376,0
1595877053.4301243,171.36792826990035,93.96680045465376,0
1595877053.4401307,173.169085267581,93.96680045465376,0
1595877053.4501297,174.9689118895903,93.96680045465376,0
1595877053.460122,176.7675368819609,93.96680045465376,0
1595877053.4701204,178.56723475793746,93.96680045465376,0
1595877053.4801285,180.3686921630278,93.96680045465376,0
1595877053.4901202,182.16718840936568,93.96680045465376,0
1595877053.500134,183.96967578271773,93.96680045465376,0
1595877053.5101361,185.7700603042021,93.96680045465376,0
1595877053.5201259,187.5682132277861,93.96680045465376,0
1595877053.5301285,189.36868357995894,93.96680045465376,0
1595877053.540128,191.1685960326567,93.96680045465376,0
1595877053.5501206,192.96726394037154,93.96680045465376,0
1595877053.5601282,194.7686355147734,93.96680045465376,0
1595877053.5701222,196.56756091455367,93.96680045465376,0
1595877053.5801315,198.3692328963652,93.96680045465376,0
1595877053.5901222,200.16755748132613,93.96680045465376,0
1595877053.6001213,201.9673841033354,93.96680045465376,0
1595877053.6101346,203.76978564599898,93.96680045465376,0
1595877053.6201344,205.56974101404097,93.96680045465376,0
1595877053.6301239,207.36785102228072,93.96680045465376,0
1595877053.6401355,209.16995215753462,93.96680045465376,0
1595877053.6501267,210.96836257318404,93.96680045465376,0
1595877053.6601202,212.76720214227583,93.96680045465376,0
1595877053.6701293,214.56883120874312,93.96680045465376,0
1595877053.680137,216.37020278314498,93.96680045465376,0
1595877053.6901364,218.17011523584273,93.96680045465376,0
1595877053.7001212,219.9673669371977,93.96680045465376,0
1595877053.7101343,221.76972556451705,93.96680045465376,0
1595877053.720135,223.569852593936,93.96680045465376,0
1595877053.7301195,225.36706137994673,93.96680045465376,0
1595877053.740129,227.1687762771025,93.96680045465376,0
1595877053.750126,228.96821666101363,93.96680045465376,0
1595877053.760125,230.7680432830229,93.96680045465376,0
1595877053.7701304,232.56902861932662,93.96680045465376,0
1595877053.7801192,234.36700988153365,93.96680045465376,0
1595877053.7901356,236.16996932367232,93.96680045465376,0
1595877053.8001304,237.9690234694853,93.96680045465376,0
1595877053.8101282,239.7686355147734,93.96680045465376,0
1595877053.820125,241.56807589868453,93.96680045465376,0
1595877053.830136,243.37004828790572,93.96680045465376,0
1595877053.8401196,245.1670854125395,93.96680045465376,0
1595877053.8501332,246.96952987054732,93.96680045465376,0
1595877053.8601172,248.76665282586958,93.96680045465376,0
1595877053.8701227,250.5676381621733,93.96680045465376,0
1595877053.8801303,252.36900973657515,93.96680045465376,0
1595877053.890134,254.1696946654692,93.96680045465376,0
1595877053.9001224,255.96759009698775,93.96680045465376,0
1595877053.9101224,257.767588380374,93.96680045465376,0
1595877053.9201186,259.5669000182524,93.96680045465376,0
1595877053.9301326,261.3694303069487,93.96680045465376,0
1595877053.9401367,263.17015815118697,93.96680045465376,0
1595877053.9501283,264.96865439752486,93.96680045465376,0
1595877053.9601223,266.76757979730513,93.96680045465376,0
1595877053.9701343,268.5697238479033,93.96680045465376,0
1595877053.9801345,270.36976504663374,93.96680045465376,0
1595877053.990123,272.16770339349654,93.96680045465376,0
1595877054.0001328,273.96946120599654,93.96680045465376,0
1595877054.0101361,275.7700603042021,93.96680045465376,0
1595877054.020136,277.57005858758833,93.96680045465376,0
1595877054.0301185,279.36688113550093,93.96680045465376,0
1595877054.0401294,281.1688535247221,93.96680045465376,0
1595877054.050122,282.96752143243697,93.96680045465376,0
1595877054.060131,284.76915049890425,93.96680045465376,0
1595877054.0701327,286.56944918970015,93.96680045465376,0
1595877054.0801203,288.367215875186,93.96680045465376,0
1595877054.0901213,290.1673858199492,93.96680045465376,0
1595877054.1001263,291.9682853255644,93.96680045465376,0
1595877054.1101274,293.76849818567183,93.96680045465376,0
1595877054.120135,295.5698697600737,93.96680045465376,0
1595877054.1301188,297.3669498000517,93.96680045465376,0
1595877054.1401272,299.1684501204863,93.96680045465376,0
1595877054.1501222,300.9675471816435,93.96680045465376,0
1595877054.1601257,302.7681891951933,93.96680045465376,0
1595877054.1701272,304.568444970645,93.96680045465376,0
1595877054.1801295,306.3688724074736,93.96680045465376,0
1595877054.1901171,308.16663909295943,93.96680045465376,0
1595877054.2001283,309.96865439752486,93.96680045465376,0
1595877054.2101321,311.7693393264189,93.96680045465376,0
1595877054.2201316,313.56925177911666,93.96680045465376,0
1595877054.2301173,315.3666751418486,93.96680045465376,0
1595877054.2401357,317.16997790674117,93.96680045465376,0
1595877054.2501242,318.96791625360396,93.96680045465376,0
1595877054.260133,320.769502404727,93.96680045465376,0
1595877054.2701364,322.5701015029326,93.96680045465376,0
1595877054.2801187,324.36692405084517,93.96680045465376,0
1595877054.2901328,326.16945433954146,93.96680045465376,0
1595877054.300134,327.9696671996489,93.96680045465376,0
1595877054.3101187,329.76691890100386,93.96680045465376,0
1595877054.3201284,331.56867671350386,93.96680045465376,0
1595877054.330122,333.36751628259566,93.96680045465376,0
1595877054.340128,335.16858744958785,93.96680045465376,0
1595877054.3501208,336.96729827264693,93.96680045465376,0
1595877054.360117,338.76660991052535,93.96680045465376,0
1595877054.370129,340.56879687646773,93.96680045465376,0
1595877054.3801262,342.3682801757231,93.96680045465376,0
1595877054.3901248,344.1680209670439,93.96680045465376,0
1595877054.4001298,345.96892047265914,93.96680045465376,0
1595877054.4101355,347.7699487243071,93.96680045465376,0
1595877054.4201322,349.569346192874,93.96680045465376,0
1595877054.4301195,351.3670699630156,93.96680045465376,0
1595877054.4401262,353.1682698760405,93.96680045465376,0
1595877054.4501286,354.9686973128691,93.96680045465376,0
1595877054.460119,356.7669789824858,93.96680045465376,0
1595877054.4701257,358.5681788955107,93.96680045465376,0
1595877054.478082,360,93.96680045465376,1
1595877054.478082,0,93.96680045465376,0
1595877054.5002034,3.9818637404814012,93.96680045465376,0
1595877054.5002034,2.787304618336981,92.77224133250934,0
1595877055.0101304,94.57417080638629,92.77224133250934,0
1595877055.0201323,96.37451241252643,92.77224133250934,0
1595877055.0301323,98.17451069591266,92.77224133250934,0
1595877055.0401208,99.97244904277545,92.77224133250934,0
1595877055.050122,101.77266190288287,92.77224133250934,0
1595877055.0601215,103.57257435558063,92.77224133250934,0
1595877055.0701375,105.37544796703082,92.77224133250934,0
1595877055.0801377,107.17548916576129,92.77224133250934,0
1595877055.090121,108.97248337505084,92.77224133250934,0
1595877055.1001284,110.77381203410846,92.77224133250934,0
1595877055.1101246,112.57312367198688,92.77224133250934,0
1595877055.1201346,114.37492439983112,92.77224133250934,0
1595877055.1301389,116.17569515941364,92.77224133250934,0
1595877055.1401355,117.97509262798053,92.77224133250934,0
1595877055.150126,119.77337429759723,92.77224133250934,0
1595877055.1601312,121.5743167185567,92.77224133250934,0
1595877055.1701305,123.37418625591022,92.77224133250934,0
1595877055.1801252,125.1732404017232,92.77224133250934,0
1595877055.1901264,126.97345326183063,92.77224133250934,0
1595877055.2001214,128.77255032298785,92.77224133250934,0
1595877055.2101219,130.57263443706256,92.77224133250934,0
1595877055.2201273,132.37361977336627,92.77224133250934,0
1595877055.2301311,134.17430470226032,92.77224133250934,0
1595877055.240125,135.97318718669635,92.77224133250934,0
1595877055.2501214,137.772541739919,92.77224133250934,0
1595877055.260122,139.57266876933795,92.77224133250934,0
1595877055.2701209,141.372452476003,92.77224133250934,0
1595877055.2801301,143.17412445781451,92.77224133250934,0
1595877055.290136,144.9751956248067,92.77224133250934,0
1595877055.3001382,146.77558014629108,92.77224133250934,0
1595877055.3101258,148.57334683177692,92.77224133250934,0
1595877055.3201272,150.37360260722858,92.77224133250934,0
1595877055.3301265,152.1734721445821,92.77224133250934,0
1595877055.3401258,153.9733416819356,92.77224133250934,0
1595877055.3501368,155.7753140711568,92.77224133250934,0
1595877055.3601325,157.57453987834674,92.77224133250934,0
1595877055.3701224,159.37273571727496,92.77224133250934,0
1595877055.3801198,161.17226193187457,92.77224133250934,0
1595877055.3901262,162.97341892955524,92.77224133250934,0
1595877055.4001296,164.7740180277608,92.77224133250934,0
1595877055.4101384,166.57560417888385,92.77224133250934,0
1595877055.4201245,168.37311337230426,92.77224133250934,0
1595877055.430133,170.17465660808307,92.77224133250934,0
1595877055.4401245,171.97310993907672,92.77224133250934,0
1595877055.4501295,173.77400944469196,92.77224133250934,0
1595877055.4601243,175.57306359050494,92.77224133250934,0
1595877055.4701333,177.37469265697223,92.77224133250934,0
1595877055.4801319,179.17443344829303,92.77224133250934,0
1595877055.4901378,180.97550461528522,92.77224133250934,0
1595877055.500121,182.77249882457477,92.77224133250934,0
1595877055.510134,184.57481453654987,92.77224133250934,0
1595877055.520121,186.37249539134723,92.77224133250934,0
1595877055.5301375,188.1754548334859,92.77224133250934,0
1595877055.5401373,189.9754102015279,92.77224133250934,0
1595877055.550128,191.77373478648883,92.77224133250934,0
1595877055.560135,193.57497761485797,92.77224133250934,0
1595877055.570132,195.37446091411334,92.77224133250934,0
1595877055.580123,197.17282841441852,92.77224133250934,0
1595877055.5901246,198.97312710521442,92.77224133250934,0
1595877055.6001344,200.77488491771442,92.77224133250934,0
1595877055.6101332,202.57466862437946,92.77224133250934,0
1595877055.6201308,204.3742377543233,92.77224133250934,0
1595877055.6301334,206.17470810649615,92.77224133250934,0
1595877055.6401331,207.97466347453815,92.77224133250934,0
1595877055.6501226,209.7727734827779,92.77224133250934,0
1595877055.6601286,211.57384464977008,92.77224133250934,0
1595877055.6701255,213.3732850336812,92.77224133250934,0
1595877055.6801195,215.1722104334615,92.77224133250934,0
1595877055.6901317,216.97439739940387,92.77224133250934,0
1595877055.7001305,218.7741811060689,92.77224133250934,0
1595877055.710121,220.5724627756856,92.77224133250934,0
1595877055.720138,222.375550963857,92.77224133250934,0
1595877055.7301254,224.1732747339986,92.77224133250934,0
1595877055.7401297,225.97404549358112,92.77224133250934,0
1595877055.7501242,227.77305672404987,92.77224133250934,0
1595877055.7601268,229.57352707622272,92.77224133250934,0
1595877055.7701223,231.37270996806842,92.77224133250934,0
1595877055.780129,233.17390988109332,92.77224133250934,0
1595877055.7901268,234.9735219263814,92.77224133250934,0
1595877055.800122,236.77266190288287,92.77224133250934,0
1595877055.8101223,238.57270310161334,92.77224133250934,0
1595877055.8201323,240.37450382945758,92.77224133250934,0
1595877055.8301206,242.17239926097614,92.77224133250934,0
1595877055.8401287,243.97385666606647,92.77224133250934,0
1595877055.8501368,245.7753140711568,92.77224133250934,0
1595877055.860122,247.57265160320026,92.77224133250934,0
1595877055.8701315,249.37436650035602,92.77224133250934,0
1595877055.8801255,251.1732919001363,92.77224133250934,0
1595877055.8901188,252.97208855388385,92.77224133250934,0
1595877055.9001348,254.77496216533405,92.77224133250934,0
1595877055.9101214,256.57255718944293,92.77224133250934,0
1595877055.9201188,258.37208340404254,92.77224133250934,0
1595877055.9301338,260.1747853541158,92.77224133250934,0
1595877055.940136,261.97516987560016,92.77224133250934,0
1595877055.9501336,263.774739005544,92.77224133250934,0
1595877055.9601223,265.57272026775104,92.77224133250934,0
1595877055.970137,267.3753363871358,92.77224133250934,0
1595877055.980124,269.17301724193317,92.77224133250934,0
1595877055.9901328,270.9746033930562,92.77224133250934,0
1595877056.000126,272.77335713145953,92.77224133250934,0
1595877056.0101333,274.57468579051715,92.77224133250934,0
1595877056.0201316,276.3743836664937,92.77224133250934,0
1595877056.0301263,278.1734378123067,92.77224133250934,0
1595877056.0401359,279.97515270946246,92.77224133250934,0
1595877056.050136,281.77519390819293,92.77224133250934,0
1595877056.0601301,283.5741193079732,92.77224133250934,0
1595877056.0701303,285.3741605067037,92.77224133250934,0
1595877056.0801263,287.17342922923785,92.77224133250934,0
1595877056.0901356,288.9751012110494,92.77224133250934,0
1595877056.1001244,290.7730824732564,92.77224133250934,0
1595877056.1101196,292.5722224497579,92.77224133250934,0
1595877056.120124,294.37303612468463,92.77224133250934,0
1595877056.1301255,296.1732919001363,92.77224133250934,0
1595877056.140121,297.972474791982,92.77224133250934,0
1595877056.1501303,299.7741467737935,92.77224133250934,0
1595877056.1601276,301.5736729883931,92.77224133250934,0
1595877056.1701276,303.37367127177936,92.77224133250934,0
1595877056.180133,305.17465660808307,92.77224133250934,0
1595877056.1901355,306.9750840449117,92.77224133250934,0
1595877056.200127,308.77353737590533,92.77224133250934,0
1595877056.2101338,310.5747802042745,92.77224133250934,0
1595877056.2201364,312.3752505564473,92.77224133250934,0
1595877056.2301188,314.1720731043599,92.77224133250934,0
1595877056.240128,315.97374508617145,92.77224133250934,0
1595877056.2501245,317.7730996393941,92.77224133250934,0
1595877056.2601311,319.574299552419,92.77224133250934,0
1595877056.2701304,321.3741690897725,92.77224133250934,0
1595877056.2801278,323.17369530437213,92.77224133250934,0
1595877056.2901347,324.9749381327413,92.77224133250934,0
1595877056.3001227,326.7727906489156,92.77224133250934,0
1595877056.3101223,328.57270310161334,92.77224133250934,0
1595877056.320126,330.3733880305074,92.77224133250934,0
1595877056.3301287,332.17385838268024,92.77224133250934,0
1595877056.3401303,333.97415707347614,92.77224133250934,0
1595877056.3501253,335.77325413463336,92.77224133250934,0
1595877056.360127,337.57355282542926,92.77224133250934,0
1595877056.3701212,339.3725211405538,92.77224133250934,0
1595877056.380131,341.1742789530538,92.77224133250934,0
1595877056.3901281,342.97376225230914,92.77224133250934,0
1595877056.4001334,344.7747046732686,92.77224133250934,0
1595877056.410126,346.57337258098346,92.77224133250934,0
1595877056.4201193,348.372169234731,92.77224133250934,0
1595877056.4301262,350.17341206310016,92.77224133250934,0
1595877056.4401295,351.9740111613057,92.77224133250934,0
1595877056.4501226,353.77276489970905,92.77224133250934,0
1595877056.4601285,355.57383606670123,92.77224133250934,0
1595877056.470136,357.37516472575885,92.77224133250934,0
1595877056.4801352,359.17503426311237,92.77224133250934,0
1595877056.4847298,360,92.77224133250934,1
1595877056.4847298,0,92.77224133250934,0
1595877056.4990442,2.5765902781270142,92.77224133250934,0
1595877056.4990442,1.80361319468891,91.99926424907123,0
1595877057.010138,93.80050707744037,91.99926424907123,0
1595877057.020145,95.60174990580951,91.99926424907123,0
1595877057.0301352,97.39998866008197,91.99926424907123,0
1595877057.0401363,99.2002015201894,91.99926424907123,0
1595877057.0501459,101.00191641734516,91.99926424907123,0
1595877057.0601454,102.80182887004291,91.99926424907123,0
1595877057.0701504,104.60272837565815,91.99926424907123,0
1595877057.0801432,106.40143919871723,91.99926424907123,0
1595877057.0901344,108.19984961436664,91.99926424907123,0
1595877057.1001318,109.99937582896625,91.99926424907123,0
1595877057.110138,111.80048991130268,91.99926424907123,0
1595877057.1201413,113.60108900950824,91.99926424907123,0
1595877057.1301498,115.40263224528705,91.99926424907123,0
1595877057.1401381,117.2005276768056,91.99926424907123,0
1595877057.150136,119.00013972209369,91.99926424907123,0
1595877057.1601312,120.79927969859516,91.99926424907123,0
1595877057.1701324,122.59949255870258,91.99926424907123,0
1595877057.1801386,124.400606641039,91.99926424907123,0
1595877057.190141,126.20103407786762,91.99926424907123,0
1595877057.2001374,128.0003886310903,91.99926424907123,0
1595877057.2101502,129.8027043430654,91.99926424907123,0
1595877057.2201328,131.59956980632222,91.99926424907123,0
1595877057.2301505,133.40274382518209,91.99926424907123,0
1595877057.2401335,135.1996951191274,91.99926424907123,0
1595877057.250133,136.99960757182515,91.99926424907123,0
1595877057.2601435,138.80149413035787,91.99926424907123,0
1595877057.2701411,140.60106326030171,91.99926424907123,0
1595877057.2801406,142.40097571299947,91.99926424907123,0
1595877057.290136,144.20015860484517,91.99926424907123,0
1595877057.3001342,145.9998135654775,91.99926424907123,0
1595877057.3101494,147.80255843089498,91.99926424907123,0
1595877057.3201365,149.60023928569234,91.99926424907123,0
1595877057.330147,151.40212584422505,91.99926424907123,0
1595877057.3401408,153.2010083286611,91.99926424907123,0
1595877057.3501334,154.99967623637593,91.99926424907123,0
1595877057.3601427,156.80134821818746,91.99926424907123,0
1595877057.3701384,158.6005740253774,91.99926424907123,0
1595877057.380147,160.4021172611562,91.99926424907123,0
1595877057.3901348,162.19992686198628,91.99926424907123,0
1595877057.4001422,164.0012555210439,91.99926424907123,0
1595877057.4101453,165.80181170390523,91.99926424907123,0
1595877057.4201336,167.59970713542378,91.99926424907123,0
1595877057.4301465,169.40202284739888,91.99926424907123,0
1595877057.4401467,171.20206404612935,91.99926424907123,0
1595877057.4501479,173.00227690623677,91.99926424907123,0
1595877057.4601495,174.80257559703267,91.99926424907123,0
1595877057.4701376,176.600428113207,91.99926424907123,0
1595877057.4801457,178.40188551829732,91.99926424907123,0
1595877057.4901383,180.20055342601216,91.99926424907123,0
1595877057.5001435,182.00149584697164,91.99926424907123,0
1595877057.5101502,183.80269575999654,91.99926424907123,0
1595877057.5201428,185.60136366771138,91.99926424907123,0
1595877057.5301318,187.39938784526265,91.99926424907123,0
1595877057.5401385,189.20058775828755,91.99926424907123,0
1595877057.5501404,191.0009293644277,91.99926424907123,0
1595877057.5601342,192.79981184886373,91.99926424907123,0
1595877057.5701475,194.6022133915273,91.99926424907123,0
1595877057.5801458,196.40191126750386,91.99926424907123,0
1595877057.5901403,198.2009224979726,91.99926424907123,0
1595877057.6001382,200.0005345432607,91.99926424907123,0
1595877057.6101446,201.80169154094136,91.99926424907123,0
1595877057.6201394,203.60074568675435,91.99926424907123,0
1595877057.6301358,205.400100239977,91.99926424907123,0
1595877057.640138,207.20048476146138,91.99926424907123,0
1595877057.6501427,209.00134135173238,91.99926424907123,0
1595877057.6601424,210.80129671977437,91.99926424907123,0
1595877057.6701436,212.6015095798818,91.99926424907123,0
1595877057.6801317,214.3993620960561,91.99926424907123,0
1595877057.6901414,216.2011199085561,91.99926424907123,0
1595877057.7001433,218.00146151469625,91.99926424907123,0
1595877057.710137,219.80030108378804,91.99926424907123,0
1595877057.720144,221.60158682750142,91.99926424907123,0
1595877057.7301335,223.39969683574117,91.99926424907123,0
1595877057.7401502,225.20269919322408,91.99926424907123,0
1595877057.7501373,227.00038004802144,91.99926424907123,0
1595877057.7601347,228.79990626262105,91.99926424907123,0
1595877057.7701304,230.599132069811,91.99926424907123,0
1595877057.780144,232.4015765278188,91.99926424907123,0
1595877057.7901404,234.20093108104146,91.99926424907123,0
1595877057.8001409,236.00101519511617,91.99926424907123,0
1595877057.8101451,237.8017859546987,91.99926424907123,0
1595877057.8201392,239.60071135447896,91.99926424907123,0
1595877057.8301325,241.39950800822652,91.99926424907123,0
1595877057.84014,243.20087958262837,91.99926424907123,0
1595877057.8501422,245.00126410411275,91.99926424907123,0
1595877057.8601456,246.80186320231832,91.99926424907123,0
1595877057.8701386,248.60061694072164,91.99926424907123,0
1595877057.880143,250.40138770030416,91.99926424907123,0
1595877057.8901389,252.20065642283834,91.99926424907123,0
1595877057.9001448,254.00172758983052,91.99926424907123,0
1595877057.9101317,255.79936552928365,91.99926424907123,0
1595877057.9201446,257.60168124125875,91.99926424907123,0
1595877057.9301462,259.40197993205464,91.99926424907123,0
1595877057.9401488,261.2024502842275,91.99926424907123,0
1595877057.9501348,262.99991656230367,91.99926424907123,0
1595877057.9601433,264.8014597980825,91.99926424907123,0
1595877057.9701316,266.59935522960103,91.99926424907123,0
1595877057.980135,268.3999543278066,91.99926424907123,0
1595877057.9901493,270.2025275318471,91.99926424907123,0
1595877058.0001454,272.00183916972554,91.99926424907123,0
1595877058.0101466,273.80205202983296,91.99926424907123,0
1595877058.0201392,275.6007199375478,91.99926424907123,0
1595877058.0301466,277.4020485966054,91.99926424907123,0
1595877058.0401464,279.2020039646474,91.99926424907123,0
1595877058.0501413,281.00110102580464,91.99926424907123,0
1595877058.060142,282.8012280552236,91.99926424907123,0
1595877058.070137,284.6003251163808,91.99926424907123,0
1595877058.0801492,286.4025120823232,91.99926424907123,0
1595877058.090149,288.2024674503652,91.99926424907123,0
1595877058.100132,289.9994187443105,91.99926424907123,0
1595877058.110142,291.80121947215474,91.99926424907123,0
1595877058.1201396,293.6007886020986,91.99926424907123,0
1595877058.1301303,295.3991131870595,91.99926424907123,0
1595877058.1401327,297.19954062388814,91.99926424907123,0
1595877058.150136,299.0001397220937,91.99926424907123,0
1595877058.1601424,300.80129671977437,91.99926424907123,0
1595877058.1701467,302.6020674793569,91.99926424907123,0
1595877058.180147,304.40210867808736,91.99926424907123,0
1595877058.19014,306.2008624164907,91.99926424907123,0
1595877058.200146,308.00193358348287,91.99926424907123,0
1595877058.21013,309.79905653880513,91.99926424907123,0
1595877058.2201393,311.60072852061666,91.99926424907123,0
1595877058.2301354,313.4000401584951,91.99926424907123,0
1595877058.2401419,315.20119715617574,91.99926424907123,0
1595877058.2501416,317.00115252421773,91.99926424907123,0
1595877058.2601426,318.8013224689809,91.99926424907123,0
1595877058.2701387,320.60063410685933,91.99926424907123,0
1595877058.2801344,322.3998599140493,91.99926424907123,0
1595877058.2901356,324.2000727741567,91.99926424907123,0
1595877058.3001328,325.99955607341207,91.99926424907123,0
1595877058.3101306,327.79916811870015,91.99926424907123,0
1595877058.3201299,329.59903765605367,91.99926424907123,0
1595877058.3301437,331.4015250294057,91.99926424907123,0
1595877058.3401344,333.19984961436666,91.99926424907123,0
1595877058.3501356,335.0000624744741,91.99926424907123,0
1595877058.360132,336.79941702769673,91.99926424907123,0
1595877058.3701324,338.59950114177144,91.99926424907123,0
1595877058.3801398,340.40082980082906,91.99926424907123,0
1595877058.3901424,342.2013001530019,91.99926424907123,0
1595877058.4001405,344.00095511363423,91.99926424907123,0
1595877058.4101365,345.8002238361684,91.99926424907123,0
1595877058.4201398,347.600822934374,91.99926424907123,0
1595877058.4301393,349.40073538707173,91.99926424907123,0
1595877058.440147,351.2021069614736,91.99926424907123,0
1595877058.4501417,353.0011611072866,91.99926424907123,0
1595877058.46013,354.79905653880513,91.99926424907123,0
1595877058.470144,356.6015868275014,91.99926424907123,0
1595877058.4801486,358.4024005024282,91.99926424907123,0
1595877058.4890413,360,91.99926424907123,1
1595877058.4890413,0,91.99926424907123,0
1595877058.499159,1.8212084858266024,91.99926424907123,0
1595877058.499159,1.2748459400786216,91.45290170332325,0
1595877059.0101607,93.25513158460987,91.45290170332325,0
1595877059.0201652,95.05594525953663,91.45290170332325,0
1595877059.0301657,96.85602937361134,91.45290170332325,0
1595877059.0401602,98.65504060408009,91.45290170332325,0
1595877059.0501642,100.45576844831837,91.45290170332325,0
1595877059.0601556,102.25422177931202,91.45290170332325,0
1595877059.0701616,104.0552929463042,91.45290170332325,0
1595877059.0801487,105.85297380110157,91.45290170332325,0
1595877059.0901613,107.65524659773243,91.45290170332325,0
1595877059.1001642,109.45575986524952,91.45290170332325,0
1595877059.1101522,111.25361238142384,91.45290170332325,0
1595877059.1201675,113.05635724684132,91.45290170332325,0
1595877059.130161,114.85519681593311,91.45290170332325,0
1595877059.1401653,116.65596757551563,91.45290170332325,0
1595877059.1501594,118.4548929752959,91.45290170332325,0
1595877059.160161,120.2551916660918,91.45290170332325,0
1595877059.1701624,122.05544744154346,91.45290170332325,0
1595877059.1801565,123.85437284132374,91.45290170332325,0
1595877059.1901515,125.65346990248096,91.45290170332325,0
1595877059.200167,127.45625768324268,91.45290170332325,0
1595877059.2101643,129.2557838978423,91.45290170332325,0
1595877059.2201521,131.05359349867237,91.45290170332325,0
1595877059.2301488,132.85299096723926,91.45290170332325,0
1595877059.240151,134.65337548872364,91.45290170332325,0
1595877059.2501485,136.4529446186675,91.45290170332325,0
1595877059.2601545,138.25401578565967,91.45290170332325,0
1595877059.270152,140.05358491560352,91.45290170332325,0
1595877059.280158,141.8546560825957,91.45290170332325,0
1595877059.2901564,143.65435395857227,91.45290170332325,0
1595877059.300148,145.45285020491016,91.45290170332325,0
1595877059.3101532,147.25379262586964,91.45290170332325,0
1595877059.320165,149.05589376112354,91.45290170332325,0
1595877059.3301501,150.853231293167,91.45290170332325,0
1595877059.3401618,152.6553324284209,91.45290170332325,0
1595877059.350158,154.45464406629932,91.45290170332325,0
1595877059.3601665,156.25618730207813,91.45290170332325,0
1595877059.3701558,158.05425439497364,91.45290170332325,0
1595877059.3801546,159.85403810163868,91.45290170332325,0
1595877059.390152,161.6535643162383,91.45290170332325,0
1595877059.4001496,163.45313344618214,91.45290170332325,0
1595877059.410148,165.2528313221587,91.45290170332325,0
1595877059.4201567,167.05441747328175,91.45290170332325,0
1595877059.430156,168.85428701063526,91.45290170332325,0
1595877059.4401586,170.6547573628081,91.45290170332325,0
1595877059.450153,172.45376859327686,91.45290170332325,0
1595877059.4601674,174.2563417973174,91.45290170332325,0
1595877059.4701614,176.05526719709766,91.45290170332325,0
1595877059.480167,177.85625253340137,91.45290170332325,0
1595877059.490166,179.65607915541065,91.45290170332325,0
1595877059.5001652,181.45594869276417,91.45290170332325,0
1595877059.510161,183.2551744999541,91.45290170332325,0
1595877059.520161,185.05517278334034,91.45290170332325,0
1595877059.5301673,186.856329781021,91.45290170332325,0
1595877059.54016,188.65499768873585,91.45290170332325,0
1595877059.5501647,190.45585427900684,91.45290170332325,0
1595877059.5601513,192.25344930311573,91.45290170332325,0
1595877059.5701647,194.0558508457793,91.45290170332325,0
1595877059.5801532,195.8537891926421,91.45290170332325,0
1595877059.590161,197.6552036823882,91.45290170332325,0
1595877059.6001484,199.4529274525298,91.45290170332325,0
1595877059.6101532,201.2537840428008,91.45290170332325,0
1595877059.620162,203.05537019392384,91.45290170332325,0
1595877059.6301656,204.85601220747364,91.45290170332325,0
1595877059.6401496,206.6531351627959,91.45290170332325,0
1595877059.650163,208.45553670545948,91.45290170332325,0
1595877059.6601639,210.25570665022266,91.45290170332325,0
1595877059.67016,212.05501828810108,91.45290170332325,0
1595877059.680156,213.85428701063526,91.45290170332325,0
1595877059.6901655,215.65600190779102,91.45290170332325,0
1595877059.7001638,217.45569978376759,91.45290170332325,0
1595877059.7101476,219.2527798237456,91.45290170332325,0
1595877059.7201593,221.05488095899952,91.45290170332325,0
1595877059.730161,222.85517964979542,91.45290170332325,0
1595877059.7401502,224.65324674269092,91.45290170332325,0
1595877059.750165,226.45590577741993,91.45290170332325,0
1595877059.760159,228.2548311772002,91.45290170332325,0
1595877059.770159,230.05482946058643,91.45290170332325,0
1595877059.7801666,231.8562010349883,91.45290170332325,0
1595877059.7901623,233.65542684217823,91.45290170332325,0
1595877059.8001668,235.456240517105,91.45290170332325,0
1595877059.8101516,237.25349221845997,91.45290170332325,0
1595877059.8201482,239.05288968702686,91.45290170332325,0
1595877059.83015,240.85318837782276,91.45290170332325,0
1595877059.8401616,242.65528951307667,91.45290170332325,0
1595877059.8501577,244.45460115095509,91.45290170332325,0
1595877059.8601665,246.25618730207813,91.45290170332325,0
1595877059.8701668,248.0562285008086,91.45290170332325,0
1595877059.8801572,249.8545101704253,91.45290170332325,0
1595877059.8901503,251.65326390882862,91.45290170332325,0
1595877059.900153,253.45373426100147,91.45290170332325,0
1595877059.9101567,255.25441918989551,91.45290170332325,0
1595877059.9201663,257.0561340870513,91.45290170332325,0
1595877059.9301548,258.8540724339141,91.45290170332325,0
1595877059.940161,260.6551865162505,91.45290170332325,0
1595877059.9501665,262.45617185255423,91.45290170332325,0
1595877059.9601626,264.25548349043265,91.45290170332325,0
1595877059.9701536,266.0538509907378,91.45290170332325,0
1595877059.9801528,267.85372052809134,91.45290170332325,0
1595877059.9901567,269.6544054569854,91.45290170332325,0
1595877060.0001657,271.4560345234527,91.45290170332325,0
1595877060.010155,273.2541016163482,91.45290170332325,0
1595877060.0201516,275.0534990849151,91.45290170332325,0
1595877060.0301583,276.85469899794,91.45290170332325,0
1595877060.0401638,278.6556843342437,91.45290170332325,0
1595877060.0501635,280.4556397022857,91.45290170332325,0
1595877060.0601609,282.2551659168853,91.45290170332325,0
1595877060.0701637,284.0556791844024,91.45290170332325,0
1595877060.0801542,285.8539608540191,91.45290170332325,0
1595877060.0901566,287.6543882908477,91.45290170332325,0
1595877060.1001568,289.45442948957816,91.45290170332325,0
1595877060.1101596,291.25494275709525,91.45290170332325,0
1595877060.1201477,293.05279527326957,91.45290170332325,0
1595877060.1301527,294.8536947788848,91.45290170332325,0
1595877060.1401534,296.65382180830375,91.45290170332325,0
1595877060.1501563,298.45433507582084,91.45290170332325,0
1595877060.1601484,300.2529171528472,91.45290170332325,0
1595877060.1701531,302.0537737431182,91.45290170332325,0
1595877060.1801531,303.85377202650443,91.45290170332325,0
1595877060.1901517,305.65351281782523,91.45290170332325,0
1595877060.2001474,307.4527386250152,91.45290170332325,0
1595877060.2101629,309.2555264057769,91.45290170332325,0
1595877060.2201638,311.0556963505401,91.45290170332325,0
1595877060.2301493,312.85307679792777,91.45290170332325,0
1595877060.2401636,314.6556500019683,91.45290170332325,0
1595877060.250157,316.4544895710601,91.45290170332325,0
1595877060.26015,318.2532003941192,91.45290170332325,0
1595877060.2701638,320.0556877674712,91.45290170332325,0
1595877060.2801478,321.8528107227935,91.45290170332325,0
1595877060.290164,323.6557272495879,91.45290170332325,0
1595877060.3001475,325.4527643742217,91.45290170332325,0
1595877060.310148,327.2528484882964,91.45290170332325,0
1595877060.320155,329.05409131666556,91.45290170332325,0
1595877060.3301535,330.85383210798636,91.45290170332325,0
1595877060.3401585,332.6547316136016,91.45290170332325,0
1595877060.3501596,334.454944473709,91.45290170332325,0
1595877060.3601654,336.25597272535697,91.45290170332325,0
1595877060.3701482,338.05288110395804,91.45290170332325,0
1595877060.3801486,339.85296521803275,91.45290170332325,0
1595877060.390149,341.65304933210746,91.45290170332325,0
1595877060.4001625,343.45545087477103,91.45290170332325,0
1595877060.4101543,345.25399003645316,91.45290170332325,0
1595877060.4201574,347.0545462193145,91.45290170332325,0
1595877060.4301531,348.85377202650443,91.45290170332325,0
1595877060.4401603,350.6550577702178,91.45290170332325,0
1595877060.4501595,352.4549273075713,91.45290170332325,0
1595877060.460165,354.25591264387504,91.45290170332325,0
1595877060.470151,356.0533789219512,91.45290170332325,0
1595877060.4801552,357.8541496815337,91.45290170332325,0
1595877060.4901652,359.65595040937797,91.45290170332325,0
1595877060.492091,360,91.45290170332325,1
1595877060.492091,0,91.45290170332325,0
1595877060.5430098,9.165389877761726,91.45290170332325,0
1595877060.5430098,6.415772914433209,88.70328473999473,0
1595877061.010182,90.50675916626426,88.70328473999473,0
1595877061.0201702,92.30465459778281,88.70328473999473,0
1595877061.0301654,94.10379457428428,88.70328473999473,0
1595877061.0401704,95.90469407989951,88.70328473999473,0
1595877061.0501678,97.70422029449912,88.70328473999473,0
1595877061.0601728,99.50511980011436,88.70328473999473,0
1595877061.0701637,101.30348730041953,88.70328473999473,0
1595877061.0801735,103.10524511291953,88.70328473999473,0
1595877061.0901632,104.90339803650352,88.70328473999473,0
1595877061.1001732,106.70519876434776,88.70328473999473,0
1595877061.1101635,108.50343751862022,88.70328473999473,0
1595877061.1201763,110.30575323059531,88.70328473999473,0
1595877061.1301627,112.10330533935996,88.70328473999473,0
1595877061.1401682,113.90429067566367,88.70328473999473,0
1595877061.1501627,115.70330190613242,88.70328473999473,0
1595877061.160168,117.5042443270919,88.70328473999473,0
1595877061.1701748,119.30548715546104,88.70328473999473,0
1595877061.1801674,121.10415506317588,88.70328473999473,0
1595877061.1901655,122.9038100238082,88.70328473999473,0
1595877061.2001734,124.7052245135543,88.70328473999473,0
1595877061.2101703,126.50466489746543,88.70328473999473,0
1595877061.2201743,128.3053927417037,88.70328473999473,0
1595877061.2301629,130.1033310885665,88.70328473999473,0
1595877061.2401626,131.9032864566085,88.70328473999473,0
1595877061.2501774,133.7059454913375,88.70328473999473,0
1595877061.2601628,135.5033259387252,88.70328473999473,0
1595877061.2701793,137.30628538086387,88.70328473999473,0
1595877061.2801816,139.10671281769248,88.70328473999473,0
1595877061.2901673,140.90413618042442,88.70328473999473,0
1595877061.3001778,142.70602273895713,88.70328473999473,0
1595877061.310164,144.50353193237754,88.70328473999473,0
1595877061.3201678,146.30421686127158,88.70328473999473,0
1595877061.3301642,148.10357141449424,88.70328473999473,0
1595877061.3401773,149.90593004181358,88.70328473999473,0
1595877061.3501658,151.70386838867637,88.70328473999473,0
1595877061.3601682,153.50429582550498,88.70328473999473,0
1595877061.3701797,155.30635404541465,88.70328473999473,0
1595877061.3801742,157.1053652758834,88.70328473999473,0
1595877061.3901734,158.90523481323692,88.70328473999473,0
1595877061.400167,160.7040743823287,88.70328473999473,0
1595877061.410173,162.5051455493209,88.70328473999473,0
1595877061.4201813,164.30664586975547,88.70328473999473,0
1595877061.4301622,166.10321092560264,88.70328473999473,0
1595877061.4401693,167.90449666931602,88.70328473999473,0
1595877061.450172,169.70496702148887,88.70328473999473,0
1595877061.4601762,171.5057377810714,88.70328473999473,0
1595877061.4701772,173.30590772583457,88.70328473999473,0
1595877061.4801743,175.10539102508994,88.70328473999473,0
1595877061.490178,176.906075953984,88.70328473999473,0
1595877061.5001688,178.70440053894492,88.70328473999473,0
1595877061.5101678,180.5042271609542,88.70328473999473,0
1595877061.5201766,182.30581331207725,88.70328473999473,0
1595877061.5301692,184.1044812197921,88.70328473999473,0
1595877061.540165,185.90370702698203,88.70328473999473,0
1595877061.5501714,187.7048640246627,88.70328473999473,0
1595877061.5601764,189.50576353027793,88.70328473999473,0
1595877061.5701814,191.30666303589317,88.70328473999473,0
1595877061.580169,193.104429721379,88.70328473999473,0
1595877061.5901732,194.90520048096153,88.70328473999473,0
1595877061.60018,196.70640039398643,88.70328473999473,0
1595877061.6101627,198.5033087725875,88.70328473999473,0
1595877061.6201649,200.30369329407188,88.70328473999473,0
1595877061.6301653,202.10377740814658,88.70328473999473,0
1595877061.6401708,203.9047627444503,88.70328473999473,0
1595877061.6501732,205.7051901812789,88.70328473999473,0
1595877061.660177,207.50587511017295,88.70328473999473,0
1595877061.6701632,209.30338430359336,88.70328473999473,0
1595877061.68018,211.1064295764205,88.70328473999473,0
1595877061.690179,212.9062561984298,88.70328473999473,0
1595877061.7001784,214.7061257357833,88.70328473999473,0
1595877061.710172,216.5049653048751,88.70328473999473,0
1595877061.7201695,218.30453443481895,88.70328473999473,0
1595877061.7301714,220.10487604095908,88.70328473999473,0
1595877061.740164,221.90354394867393,88.70328473999473,0
1595877061.750181,223.70658922150108,88.70328473999473,0
1595877061.760163,225.50336885406944,88.70328473999473,0
1595877061.770179,227.30624246551963,88.70328473999473,0
1595877061.7801638,229.1034941668746,88.70328473999473,0
1595877061.7901628,230.9033207888839,88.70328473999473,0
1595877061.8001714,232.7048640246627,88.70328473999473,0
1595877061.8101742,234.5053772921798,88.70328473999473,0
1595877061.8201795,236.30631971313926,88.70328473999473,0
1595877061.830177,238.1058888430831,88.70328473999473,0
1595877061.8401814,239.90665960266563,88.70328473999473,0
1595877061.850165,241.70369672729942,88.70328473999473,0
1595877061.8601663,243.50395250275108,88.70328473999473,0
1595877061.870167,245.30407953217002,88.70328473999473,0
1595877061.8801796,247.10635232880088,88.70328473999473,0
1595877061.8901794,248.90630769684287,88.70328473999473,0
1595877061.9001749,250.70549058868858,88.70328473999473,0
1595877061.910169,252.50441598846885,88.70328473999473,0
1595877061.9201736,254.30527257873985,88.70328473999473,0
1595877061.9301634,256.10342550232383,88.70328473999473,0
1595877061.9401681,257.9042820925948,88.70328473999473,0
1595877061.950166,259.7038941378829,88.70328473999473,0
1595877061.960164,261.50354909851524,88.70328473999473,0
1595877061.9701784,263.30612230255576,88.70328473999473,0
1595877061.9801707,265.10474729492637,88.70328473999473,0
1595877061.9901812,266.9066338534591,88.70328473999473,0
1595877062.0001738,268.7053017611739,88.70328473999473,0
1595877062.0101776,270.50598669006797,88.70328473999473,0
1595877062.0201683,272.3043112750289,88.70328473999473,0
1595877062.0301805,274.1064982409713,88.70328473999473,0
1595877062.0401673,275.9041361804244,88.70328473999473,0
1595877062.050163,277.70336198761436,88.70328473999473,0
1595877062.0601623,279.5032315249679,88.70328473999473,0
1595877062.0701764,281.30576181366416,88.70328473999473,0
1595877062.080169,283.104429721379,88.70328473999473,0
1595877062.0901716,284.90490007355186,88.70328473999473,0
1595877062.1001782,286.70609998657676,88.70328473999473,0
1595877062.110173,288.50515413238975,88.70328473999473,0
1595877062.120172,290.304980754399,88.70328473999473,0
1595877062.1301742,292.1053652758834,88.70328473999473,0
1595877062.1401794,293.9063076968429,88.70328473999473,0
1595877062.1501768,295.7058339114425,88.70328473999473,0
1595877062.160172,297.50497388794395,88.70328473999473,0
1595877062.170168,299.3042426104781,88.70328473999473,0
1595877062.1801727,301.1050992007491,88.70328473999473,0
1595877062.190172,302.90496873810264,88.70328473999473,0
1595877062.2001722,304.7050099368331,88.70328473999473,0
1595877062.2101789,306.506209849858,88.70328473999473,0
1595877062.2201753,308.30556440308067,88.70328473999473,0
1595877062.2301702,310.1046614642379,88.70328473999473,0
1595877062.240162,311.9031577105758,88.70328473999473,0
1595877062.2501662,313.7039284701583,88.70328473999473,0
1595877062.2601762,315.50572919800254,88.70328473999473,0
1595877062.2701747,317.30546998932334,88.70328473999473,0
1595877062.2801793,319.1062836642501,88.70328473999473,0
1595877062.2901804,320.9064965243575,88.70328473999473,0
1595877062.3001728,322.7051215167281,88.70328473999473,0
1595877062.3101652,324.50374650909873,88.70328473999473,0
1595877062.3201623,326.3032298083541,88.70328473999473,0
1595877062.330165,328.10370016052696,88.70328473999473,0
1595877062.3401685,329.90434217407676,88.70328473999473,0
1595877062.3501713,331.70485544159385,88.70328473999473,0
1595877062.3601706,333.50472497894737,88.70328473999473,0
1595877062.3701708,335.30476617767783,88.70328473999473,0
1595877062.380172,337.10497903778526,88.70328473999473,0
1595877062.3901627,338.9033036227462,88.70328473999473,0
1595877062.4001763,340.705748080754,88.70328473999473,0
1595877062.4101632,342.50338602020713,88.70328473999473,0
1595877062.4201667,344.30402803375694,88.70328473999473,0
1595877062.430162,346.1031680102584,88.70328473999473,0
1595877062.4401782,347.90608453705283,88.70328473999473,0
1595877062.4501653,349.7037653918502,88.70328473999473,0
1595877062.4601762,351.5057377810714,88.70328473999473,0
1595877062.4701679,353.3042340274093,88.70328473999473,0
1595877062.4801805,355.10650682404014,88.70328473999473,0
1595877062.490175,356.9055180545089,88.70328473999473,0
1595877062.5001764,358.70577382996055,88.70328473999473,0
1595877062.503106,359.23311757996055,88.70328473999473,0
1595877062.503106,359.4631823059724,88.93334946600656,0
1595877062.5060952,360,88.93334946600656,1
1595877062.5060952,0,88.93334946600656,0
1595877063.0101767,90.73467812506418,88.93334946600656,0
1595877063.0201712,92.53368935553293,88.93334946600656,0
1595877063.0301814,94.3355329987214,88.93334946600656,0
1595877063.0401773,96.13480172125558,88.93334946600656,0
1595877063.050175,97.93437085119943,88.93334946600656,0
1595877063.0601807,99.73539910284738,88.93334946600656,0
1595877063.0701702,101.53350911108713,88.93334946600656,0
1595877063.0801744,103.33427987066965,88.93334946600656,0
1595877063.0901744,105.13427815405588,88.93334946600656,0
1595877063.1001832,106.93586430517892,88.93334946600656,0
1595877063.1101804,108.7353476044343,88.93334946600656,0
1595877063.1201732,110.53405842749338,88.93334946600656,0
1595877063.1301842,112.33603081671457,88.93334946600656,0
1595877063.1401763,114.13461289374094,88.93334946600656,0
1595877063.1501734,115.93409619299631,88.93334946600656,0
1595877063.1601841,117.73602566687326,88.93334946600656,0
1595877063.1701753,119.53443608252267,88.93334946600656,0
1595877063.1801786,121.33503518072824,88.93334946600656,0
1595877063.1901877,123.13666424719553,88.93334946600656,0
1595877063.20017,124.93348679510812,88.93334946600656,0
1595877063.2101882,126.73674664465646,88.93334946600656,0
1595877063.220183,128.53580079046947,88.93334946600656,0
1595877063.230181,130.3354557511018,88.93334946600656,0
1595877063.2401884,132.1367844101594,88.93334946600656,0
1595877063.250169,133.93330655066234,88.93334946600656,0
1595877063.2601824,135.7357080933259,88.93334946600656,0
1595877063.2701719,137.53381810156566,88.93334946600656,0
1595877063.280169,139.33330140082103,88.93334946600656,0
1595877063.2901778,141.13488755194408,88.93334946600656,0
1595877063.30018,142.93527207342845,88.93334946600656,0
1595877063.3101857,144.7363003250764,88.93334946600656,0
1595877063.320176,146.53453907934886,88.93334946600656,0
1595877063.330187,148.3365543839143,88.93334946600656,0
1595877063.3401804,150.13535103766185,88.93334946600656,0
1595877063.3501716,151.93376145331126,88.93334946600656,0
1595877063.3601694,153.73337349859935,88.93334946600656,0
1595877063.3701732,155.5340584274934,88.93334946600656,0
1595877063.3801858,157.33633122412425,88.93334946600656,0
1595877063.3901756,159.13448414770824,88.93334946600656,0
1595877063.4001832,160.9358557221101,88.93334946600656,0
1595877063.4101741,162.73422322241527,88.93334946600656,0
1595877063.4201727,164.53396401373607,88.93334946600656,0
1595877063.4301727,166.3339622971223,88.93334946600656,0
1595877063.4401698,168.13344559637767,88.93334946600656,0
1595877063.450172,169.93383011786204,88.93334946600656,0
1595877063.4601715,171.7337425705598,88.93334946600656,0
1595877063.4701767,173.53468499151927,88.93334946600656,0
1595877063.4801779,175.3348978516267,88.93334946600656,0
1595877063.4901845,177.1360977646516,88.93334946600656,0
1595877063.5001795,178.93519482580882,88.93334946600656,0
1595877063.5101755,180.734463548343,88.93334946600656,0
1595877063.5201848,182.53613553015452,88.93334946600656,0
1595877063.5301707,184.3336018082307,88.93334946600656,0
1595877063.5401843,186.1360462662385,88.93334946600656,0
1595877063.55018,187.93527207342845,88.93334946600656,0
1595877063.5601754,189.73445496527415,88.93334946600656,0
1595877063.5701704,191.53355202643138,88.93334946600656,0
1595877063.580175,193.33436570135814,88.93334946600656,0
1595877063.5901785,195.13500771490794,88.93334946600656,0
1595877063.6001868,196.9365080353425,88.93334946600656,0
1595877063.6101816,198.7355621811555,88.93334946600656,0
1595877063.6201751,200.5344017502473,88.93334946600656,0
1595877063.630173,202.33401379553538,88.93334946600656,0
1595877063.6401746,204.13431248633128,88.93334946600656,0
1595877063.6501856,205.93628487555247,88.93334946600656,0
1595877063.660174,207.73418030707103,88.93334946600656,0
1595877063.6701813,209.53550896612865,88.93334946600656,0
1595877063.6801817,211.33559308020335,88.93334946600656,0
1595877063.690174,213.13421807257396,88.93334946600656,0
1595877063.7001855,214.93627629248363,88.93334946600656,0
1595877063.710172,216.73382840124827,88.93334946600656,0
1595877063.720171,218.53365502325755,88.93334946600656,0
1595877063.7301865,220.33644280401927,88.93334946600656,0
1595877063.7401829,222.13579735724193,88.93334946600656,0
1595877063.750183,223.9358385559724,88.93334946600656,0
1595877063.7601871,225.73656640021068,88.93334946600656,0
1595877063.7701845,227.5360926148103,88.93334946600656,0
1595877063.780184,229.33600506750804,88.93334946600656,0
1595877063.7901876,231.13664708105784,88.93334946600656,0
1595877063.8001814,232.93552956549388,88.93334946600656,0
1595877063.810178,234.73492703406077,88.93334946600656,0
1595877063.8201768,236.5347107407258,88.93334946600656,0
1595877063.830183,238.33582482306224,88.93334946600656,0
1595877063.840177,240.1347502228425,88.93334946600656,0
1595877063.8501813,241.93552098242503,88.93334946600656,0
1595877063.8601732,243.73406014410716,88.93334946600656,0
1595877063.870174,245.5341871735261,88.93334946600656,0
1595877063.8801813,247.33551583258372,88.93334946600656,0
1595877063.8901846,249.1361149307893,88.93334946600656,0
1595877063.9001842,250.93602738348704,88.93334946600656,0
1595877063.91017,252.73349366156322,88.93334946600656,0
1595877063.920179,254.53507981268626,88.93334946600656,0
1595877063.9301858,256.3363226410554,88.93334946600656,0
1595877063.9401767,258.1346901413606,88.93334946600656,0
1595877063.950173,259.934001779239,88.93334946600656,0
1595877063.9601772,261.7347725388215,88.93334946600656,0
1595877063.9701836,263.5359295365022,88.93334946600656,0
1595877063.9801753,265.33442578284007,88.93334946600656,0
1595877063.990177,267.13472447363597,88.93334946600656,0
1595877064.0001762,268.9345940109895,88.93334946600656,0
1595877064.010178,270.7349356171296,88.93334946600656,0
1595877064.0201738,272.53416142431956,88.93334946600656,0
1595877064.0301769,274.3347176071809,88.93334946600656,0
1595877064.0401757,276.13450131384593,88.93334946600656,0
1595877064.0501876,277.9366453644441,88.93334946600656,0
1595877064.0601733,279.734068727176,88.93334946600656,0
1595877064.0701754,281.5344532486604,88.93334946600656,0
1595877064.0801804,283.3353527542756,88.93334946600656,0
1595877064.0901737,285.1341494080232,88.93334946600656,0
1595877064.1001723,286.933890199344,88.93334946600656,0
1595877064.110174,288.7341888901399,88.93334946600656,0
1595877064.1201735,290.53410134283763,88.93334946600656,0
1595877064.1301837,292.3359449860261,88.93334946600656,0
1595877064.1401858,294.1363295075105,88.93334946600656,0
1595877064.150179,295.9350832459138,88.93334946600656,0
1595877064.1601849,297.736154412906,88.93334946600656,0
1595877064.1701689,299.53327736822825,88.93334946600656,0
1595877064.1801822,301.33567891089183,88.93334946600656,0
1595877064.1901705,303.1335743424104,88.93334946600656,0
1595877064.2001722,304.9338730332063,88.93334946600656,0
1595877064.210176,306.7345579621003,88.93334946600656,0
1595877064.2201786,308.5350283142732,88.93334946600656,0
1595877064.2301848,310.3361423966096,88.93334946600656,0
1595877064.240169,312.1333082672761,88.93334946600656,0
1595877064.2501774,313.9348085877107,88.93334946600656,0
1595877064.260179,315.7351072785066,88.93334946600656,0
1595877064.2701688,317.53326020209056,88.93334946600656,0
1595877064.280183,319.3358334061311,88.93334946600656,0
1595877064.2901738,321.134157991092,88.93334946600656,0
1595877064.3001788,322.93505749670726,88.93334946600656,0
1595877064.3101745,324.7342833038972,88.93334946600656,0
1595877064.3201797,326.5352257248567,88.93334946600656,0
1595877064.3301752,328.3344086167024,88.93334946600656,0
1595877064.3401682,330.1331623551057,88.93334946600656,0
1595877064.3501778,331.93487725226146,88.93334946600656,0
1595877064.360168,333.7331160065339,88.93334946600656,0
1595877064.3701785,335.53500256506663,88.93334946600656,0
1595877064.3801703,337.33354172674876,88.93334946600656,0
1595877064.3901873,339.1365869995759,88.93334946600656,0
1595877064.4001703,340.9335382935212,88.93334946600656,0
1595877064.410172,342.7338369843171,88.93334946600656,0
1595877064.4201782,344.53495106665355,88.93334946600656,0
1595877064.4301755,346.33447728125316,88.93334946600656,0
1595877064.4401712,348.1337030884431,88.93334946600656,0
1595877064.450187,349.93653378454906,88.93334946600656,0
1595877064.4601753,351.7344292160676,88.93334946600656,0
1595877064.470182,353.5356291290925,88.93334946600656,0
1595877064.4801679,355.3330954071687,88.93334946600656,0
1595877064.490169,357.1333082672761,88.93334946600656,0
1595877064.5001729,358.93399319617015,88.93334946600656,0
1595877064.5061104,360,88.93334946600656,1
1595877064.5061104,0,88.93334946600656,0
1595877064.5069637,0.15360436407785016,88.93334946600656,0
1595877064.5069637,0.10752305485449512,88.88726815678321,0
1595877065.0101922,90.68863973118506,88.88726815678321,0
1595877065.020185,92.48735055424414,88.88726815678321,0
1595877065.030188,94.28790673710547,88.88726815678321,0
1595877065.0401895,96.08816251255713,88.88726815678321,0
1595877065.0501904,97.88833245732032,88.88726815678321,0
1595877065.060188,99.68790158726416,88.88726815678321,0
1595877065.0701997,101.49000272251807,88.88726815678321,0
1595877065.0801992,103.28991517521582,88.88726815678321,0
1595877065.0901859,105.08751019932471,88.88726815678321,0
1595877065.100198,106.8896971652671,88.88726815678321,0
1595877065.110186,108.68754968144141,88.88726815678321,0
1595877065.1201978,110.48965081669532,88.88726815678321,0
1595877065.1301868,112.28767499424659,88.88726815678321,0
1595877065.1402028,114.09054860569678,88.88726815678321,0
1595877065.150193,115.88878735996924,88.88726815678321,0
1595877065.1601856,117.68745526768409,88.88726815678321,0
1595877065.1701958,119.48929891087256,88.88726815678321,0
1595877065.1801946,121.2890826175376,88.88726815678321,0
1595877065.1902015,123.09032544590674,88.88726815678321,0
1595877065.2002041,124.8907957980796,88.88726815678321,0
1595877065.2101924,126.68869122959815,88.88726815678321,0
1595877065.2202013,128.49027738072118,88.88726815678321,0
1595877065.230193,130.28877362705907,88.88726815678321,0
1595877065.240201,132.0902310321494,88.88726815678321,0
1595877065.2501895,133.8881693790122,88.88726815678321,0
1595877065.260202,135.69039926029882,88.88726815678321,0
1595877065.270192,137.48859509922704,88.88726815678321,0
1595877065.2801878,139.28786382176122,88.88726815678321,0
1595877065.2901864,141.08760461308202,88.88726815678321,0
1595877065.3001943,142.88901910282812,88.88726815678321,0
1595877065.3101919,144.68858823277196,88.88726815678321,0
1595877065.3202019,146.4903889606162,88.88726815678321,0
1595877065.3301914,148.28849896885595,88.88726815678321,0
1595877065.3401966,150.08944138981542,88.88726815678321,0
1595877065.3501892,151.88810929753026,88.88726815678321,0
1595877065.3601918,153.68857964970312,88.88726815678321,0
1595877065.3701868,155.48767671086034,88.88726815678321,0
1595877065.3802018,157.29037866093358,88.88726815678321,0
1595877065.390187,159.08771619297704,88.88726815678321,0
1595877065.4001882,160.88792905308446,88.88726815678321,0
1595877065.410194,162.6889573047324,88.88726815678321,0
1595877065.4201875,164.4877968738242,88.88726815678321,0
1595877065.4301918,166.28856763340673,88.88726815678321,0
1595877065.4401913,168.08848008610448,88.88726815678321,0
1595877065.4501953,169.88920793034276,88.88726815678321,0
1595877065.4601958,171.68929204441747,88.88726815678321,0
1595877065.4701962,173.48937615849218,88.88726815678321,0
1595877065.4801962,175.2893744418784,88.88726815678321,0
1595877065.4901881,177.08791360356054,88.88726815678321,0
1595877065.500192,178.88859853245458,88.88726815678321,0
1595877065.5101876,180.68782433964452,88.88726815678321,0
1595877065.5201976,182.48962506748876,88.88726815678321,0
1595877065.5301948,184.28910836674413,88.88726815678321,0
1595877065.5401936,186.08889207340917,88.88726815678321,0
1595877065.550202,187.89039239384374,88.88726815678321,0
1595877065.5601895,189.68815907932958,88.88726815678321,0
1595877065.5701942,191.48901566960058,88.88726815678321,0
1595877065.5801897,193.28819856144628,88.88726815678321,0
1595877065.5902,195.09004220463476,88.88726815678321,0
1595877065.600186,196.88755139805517,88.88726815678321,0
1595877065.6102014,198.69029626347265,88.88726815678321,0
1595877065.620195,200.48913583256444,88.88726815678321,0
1595877065.6302032,202.290636152999,88.88726815678321,0
1595877065.6401856,204.0874587009116,88.88726815678321,0
1595877065.6501973,205.88955983616552,88.88726815678321,0
1595877065.6601932,207.6888285586997,88.88726815678321,0
1595877065.670184,209.48715314366063,88.88726815678321,0
1595877065.6801984,211.2897692630454,88.88726815678321,0
1595877065.6901965,213.08942422367772,88.88726815678321,0
1595877065.7001948,214.8891220996543,88.88726815678321,0
1595877065.71019,216.68826207615575,88.88726815678321,0
1595877065.7201917,218.48856076695165,88.88726815678321,0
1595877065.7301953,220.28920278050145,88.88726815678321,0
1595877065.7401865,222.08761319615087,88.88726815678321,0
1595877065.7502031,223.89061555363378,88.88726815678321,0
1595877065.760192,225.6885968158408,88.88726815678321,0
1595877065.7701945,227.48906716801366,88.88726815678321,0
1595877065.7801871,229.2877350757285,88.88726815678321,0
1595877065.7901957,231.08927831150731,88.88726815678321,0
1595877065.800195,232.88914784886083,88.88726815678321,0
1595877065.8101916,234.68854531742772,88.88726815678321,0
1595877065.8201978,236.48965939976415,88.88726815678321,0
1595877065.830195,238.28914269901952,88.88726815678321,0
1595877065.8401966,240.08944138981542,88.88726815678321,0
1595877065.8501885,241.88798055149755,88.88726815678321,0
1595877065.860187,243.68772134281835,88.88726815678321,0
1595877065.8701963,245.48939332462987,88.88726815678321,0
1595877065.8802,247.29003533817968,88.88726815678321,0
1595877065.8902001,249.09007653691015,88.88726815678321,0
1595877065.900195,250.88913068272313,88.88726815678321,0
1595877065.9102013,252.6902876804038,88.88726815678321,0
1595877065.9201872,254.48775395847997,88.88726815678321,0
1595877065.9301844,256.28723725773534,88.88726815678321,0
1595877065.940201,258.09023961521825,88.88726815678321,0
1595877065.9501858,259.88749131657323,88.88726815678321,0
1595877065.9601922,261.6886483142539,88.88726815678321,0
1595877065.9701958,263.4892903278037,88.88726815678321,0
1595877065.98019,265.2882586429282,88.88726815678321,0
1595877065.9901886,267.087999434249,88.88726815678321,0
1595877066.0001886,268.88799771763524,88.88726815678321,0
1595877066.0101972,270.68954095341405,88.88726815678321,0
1595877066.0202017,272.4903546283408,88.88726815678321,0
1595877066.0301888,274.2880354831382,88.88726815678321,0
1595877066.040198,276.0897074649497,88.88726815678321,0
1595877066.05019,277.8882466266318,88.88726815678321,0
1595877066.0601976,279.6896182010337,88.88726815678321,0
1595877066.070196,281.48931607701024,88.88726815678321,0
1595877066.0801957,283.28927144505224,88.88726815678321,0
1595877066.090194,285.0889693210288,88.88726815678321,0
1595877066.1002002,286.8900834033652,88.88726815678321,0
1595877066.110196,288.6893521258994,88.88726815678321,0
1595877066.1201916,290.4885350177451,88.88726815678321,0
1595877066.130189,292.2880612323447,88.88726815678321,0
1595877066.1401973,294.0895615527793,88.88726815678321,0
1595877066.1501858,295.8874998996421,88.88726815678321,0
1595877066.1602004,297.69011601902685,88.88726815678321,0
1595877066.1702,299.49007138706884,88.88726815678321,0
1595877066.1802018,301.29037007786474,88.88726815678321,0
1595877066.1902018,303.09036836125097,88.88726815678321,0
1595877066.200202,304.89040955998144,88.88726815678321,0
1595877066.2101905,306.6883479068442,88.88726815678321,0
1595877066.2201967,308.48946198918065,88.88726815678321,0
1595877066.2302024,310.2904902408286,88.88726815678321,0
1595877066.2402005,312.0901452014609,88.88726815678321,0
1595877066.2501855,313.88743981816015,88.88726815678321,0
1595877066.2601998,315.6900130222007,88.88726815678321,0
1595877066.270187,317.48769387699804,88.88726815678321,0
1595877066.280197,319.2894946048423,88.88726815678321,0
1595877066.290186,321.08751878239354,88.88726815678321,0
1595877066.3001876,322.88781747318944,88.88726815678321,0
1595877066.3101957,324.6892748782798,88.88726815678321,0
1595877066.3202019,326.4903889606162,88.88726815678321,0
1595877066.3301885,328.2879839847251,88.88726815678321,0
1595877066.3401988,330.08982762791356,88.88726815678321,0
1595877066.3501854,331.88742265202245,88.88726815678321,0
1595877066.3601928,333.68875131108007,88.88726815678321,0
1595877066.3701832,335.48703298069677,88.88726815678321,0
1595877066.3801985,337.28977784611425,88.88726815678321,0
1595877066.3901947,339.08908948399267,88.88726815678321,0
1595877066.4001997,340.8899889896079,88.88726815678321,0
1595877066.4102023,342.69045934178075,88.88726815678321,0
1595877066.4201987,344.4898138950034,88.88726815678321,0
1595877066.430193,346.2887822101279,88.88726815678321,0
1595877066.440188,348.08787927128515,88.88726815678321,0
1595877066.4501956,349.889250845687,88.88726815678321,0
1595877066.460199,351.6898928592368,88.88726815678321,0
1595877066.470195,353.489161581771,88.88726815678321,0
1595877066.480189,355.28808698155126,88.88726815678321,0
1595877066.4901967,357.0894585559531,88.88726815678321,0
1595877066.5001965,358.8894139239951,88.88726815678321,0
1595877066.506373,360,88.88726815678321,1
1595877066.506373,0,88.88726815678321,0
1595877066.5120695,1.025396437422856,88.88726815678321,0
1595877066.5120695,0.7177775061959992,88.57964922555635,0
1595877067.010206,90.3823511756296,88.57964922555635,0
1595877067.0201998,92.18123366006563,88.57964922555635,0
1595877067.03021,93.9830773032541,88.57964922555635,0
1595877067.040197,95.78071524270723,88.57964922555635,0
1595877067.0502055,97.58225847848604,88.57964922555635,0
1595877067.0602064,99.38242842324922,88.57964922555635,0
1595877067.0702033,101.18186880716036,88.57964922555635,0
1595877067.080194,102.9801933921213,88.57964922555635,0
1595877067.0902069,104.78250910409639,88.57964922555635,0
1595877067.1001995,106.58117701181123,88.57964922555635,0
1595877067.1101937,108.38014532693575,88.57964922555635,0
1595877067.1202033,110.18186022409151,88.57964922555635,0
1595877067.130208,111.9827168143625,88.57964922555635,0
1595877067.1401968,113.78069807656954,88.57964922555635,0
1595877067.1502075,115.58262755044649,88.57964922555635,0
1595877067.1602068,117.3824970878,88.57964922555635,0
1595877067.1702027,119.18176581033418,88.57964922555635,0
1595877067.1802053,120.98223616250704,88.57964922555635,0
1595877067.1901937,122.78013159402559,88.57964922555635,0
1595877067.2002099,124.58304812082002,88.57964922555635,0
1595877067.2102015,126.38154436715791,88.57964922555635,0
1595877067.220192,128.1798260367746,88.57964922555635,0
1595877067.2302039,129.98197008737276,88.57964922555635,0
1595877067.2402034,131.7818825400705,88.57964922555635,0
1595877067.2501981,133.5809366858835,88.57964922555635,0
1595877067.260209,135.3829090751047,88.57964922555635,0
1595877067.2702036,137.18192030557344,88.57964922555635,0
1595877067.2801976,138.98084570535372,88.57964922555635,0
1595877067.2901988,140.78105856546114,88.57964922555635,0
1595877067.3001957,142.58049894937227,88.57964922555635,0
1595877067.3101947,144.38032557138155,88.57964922555635,0
1595877067.3201919,146.17980887063692,88.57964922555635,0
1595877067.330199,147.9810946143503,88.57964922555635,0
1595877067.3402045,149.782079950654,88.57964922555635,0
1595877067.3502002,151.58130575784395,88.57964922555635,0
1595877067.3601913,153.37971617349336,88.57964922555635,0
1595877067.3701978,155.18087317117403,88.57964922555635,0
1595877067.3802063,156.98241640695284,88.57964922555635,0
1595877067.390191,158.77966810830782,88.57964922555635,0
1595877067.4002063,160.5824129737253,88.57964922555635,0
1595877067.4102023,162.38168169625948,88.57964922555635,0
1595877067.420196,164.1805641806955,88.57964922555635,0
1595877067.4302053,165.98223616250704,88.57964922555635,0
1595877067.440209,167.78287817605684,88.57964922555635,0
1595877067.4502015,169.58154608377168,88.57964922555635,0
1595877067.4601927,171.3799564994211,88.57964922555635,0
1595877067.470204,173.18201471933077,88.57964922555635,0
1595877067.4802082,174.98274256356905,88.57964922555635,0
1595877067.490203,176.78179670938204,88.57964922555635,0
1595877067.5002053,178.58222414621065,88.57964922555635,0
1595877067.5101922,180.37986208566377,88.57964922555635,0
1595877067.520194,182.1802036918039,88.57964922555635,0
1595877067.5301957,183.9805023825998,88.57964922555635,0
1595877067.5401952,185.78041483529756,88.57964922555635,0
1595877067.5501943,187.58024145730684,88.57964922555635,0
1595877067.5601904,189.37955309518526,88.57964922555635,0
1595877067.570193,191.1800234473581,88.57964922555635,0
1595877067.5802085,192.98281122811983,88.57964922555635,0
1595877067.5902066,194.78246618875215,88.57964922555635,0
1595877067.6002066,196.58246447213838,88.57964922555635,0
1595877067.6101997,198.3812182105417,88.57964922555635,0
1595877067.6201952,200.1804011023874,88.57964922555635,0
1595877067.6302042,201.9820301688547,88.57964922555635,0
1595877067.64021,203.78305842050264,88.57964922555635,0
1595877067.6502023,205.58168341287325,88.57964922555635,0
1595877067.6602056,207.3822825110788,88.57964922555635,0
1595877067.670196,209.1805641806955,88.57964922555635,0
1595877067.6801941,210.98021914132784,88.57964922555635,0
1595877067.6902018,212.7815907157297,88.57964922555635,0
1595877067.7001905,214.57957197793672,88.57964922555635,0
1595877067.7101965,216.3806431449289,88.57964922555635,0
1595877067.7202055,218.1822722113962,88.57964922555635,0
1595877067.7301953,219.98042513498018,88.57964922555635,0
1595877067.7401948,221.78033758767793,88.57964922555635,0
1595877067.7501972,223.58076502450655,88.57964922555635,0
1595877067.7601972,225.38076330789278,88.57964922555635,0
1595877067.7702043,227.18204905160616,88.57964922555635,0
1595877067.7801964,228.98063112863252,88.57964922555635,0
1595877067.7901957,230.78050066598604,88.57964922555635,0
1595877067.8001914,232.57972647317598,88.57964922555635,0
1595877067.810191,234.37963892587373,88.57964922555635,0
1595877067.820199,236.18109633096407,88.57964922555635,0
1595877067.830194,237.9801933921213,88.57964922555635,0
1595877067.8402026,239.7817366279001,88.57964922555635,0
1595877067.8502028,241.58177782663057,88.57964922555635,0
1595877067.860204,243.381990686738,88.57964922555635,0
1595877067.8702068,245.18250395425508,88.57964922555635,0
1595877067.8801942,246.98022772439668,88.57964922555635,0
1595877067.8902018,248.78159929879854,88.57964922555635,0
1595877067.9002018,250.58159758218477,88.57964922555635,0
1595877067.9102004,252.38133837350557,88.57964922555635,0
1595877067.920208,254.18270994790743,88.57964922555635,0
1595877067.930208,255.98270823129366,88.57964922555635,0
1595877067.940203,257.7818052924509,88.57964922555635,0
1595877067.9501956,259.5804732001657,88.57964922555635,0
1595877067.9602017,261.38158728250215,88.57964922555635,0
1595877067.9701915,263.17974020608614,88.57964922555635,0
1595877067.9801984,264.9809830344553,88.57964922555635,0
1595877067.990202,266.7816250480051,88.57964922555635,0
1595877068.0001953,268.58042170175264,88.57964922555635,0
1595877068.0102098,270.3830378211374,88.57964922555635,0
1595877068.020195,272.18037535318086,88.57964922555635,0
1595877068.0301914,273.9797299064035,88.57964922555635,0
1595877068.0401962,275.7805864966745,88.57964922555635,0
1595877068.050192,277.5798552192087,88.57964922555635,0
1595877068.0601983,279.3809693015451,88.57964922555635,0
1595877068.0702064,281.18242670663545,88.57964922555635,0
1595877068.0802057,282.98229624398897,88.57964922555635,0
1595877068.0902076,284.7826378501291,88.57964922555635,0
1595877068.1001928,286.57997538217256,88.57964922555635,0
1595877068.110202,288.3816473639841,88.57964922555635,0
1595877068.1201925,290.1799290336008,88.57964922555635,0
1595877068.130207,291.98254515298555,88.57964922555635,0
1595877068.1401947,293.7803118384714,88.57964922555635,0
1595877068.1501932,295.5800526297922,88.57964922555635,0
1595877068.1602063,297.3824112571115,88.57964922555635,0
1595877068.1702,299.18129374154756,88.57964922555635,0
1595877068.1802082,300.9827511466379,88.57964922555635,0
1595877068.190204,302.78197695382784,88.57964922555635,0
1595877068.2001956,304.5804732001657,88.57964922555635,0
1595877068.2102022,306.38167311319063,88.57964922555635,0
1595877068.220193,308.17999769815157,88.57964922555635,0
1595877068.2301936,309.9801247275705,88.57964922555635,0
1595877068.2401936,311.78012301095674,88.57964922555635,0
1595877068.2501965,313.58063627847383,88.57964922555635,0
1595877068.260198,315.38093496926973,88.57964922555635,0
1595877068.2702026,317.1817486441965,88.57964922555635,0
1595877068.280195,318.9803736365671,88.57964922555635,0
1595877068.290193,320.7800285971994,88.57964922555635,0
1595877068.3002007,322.5814001716013,88.57964922555635,0
1595877068.3101978,324.38088347085665,88.57964922555635,0
1595877068.3202062,326.1823837912912,88.57964922555635,0
1595877068.330198,327.98092295297334,88.57964922555635,0
1595877068.3401945,329.780277506196,88.57964922555635,0
1595877068.3501933,331.58006121286104,88.57964922555635,0
1595877068.3601906,333.37958742746065,88.57964922555635,0
1595877068.3701982,335.1809590018625,88.57964922555635,0
1595877068.3801904,336.9795410788889,88.57964922555635,0
1595877068.3902056,338.78228594430635,88.57964922555635,0
1595877068.4002001,340.5812971747751,88.57964922555635,0
1595877068.410197,342.38073755868623,88.57964922555635,0
1595877068.4202087,344.18283869394014,88.57964922555635,0
1595877068.430204,345.9819786704416,88.57964922555635,0
1595877068.4402053,347.78223444589327,88.57964922555635,0
1595877068.4501948,349.580344454133,88.57964922555635,0
1595877068.460203,351.38180185922334,88.57964922555635,0
1595877068.4701977,353.18085600503633,88.57964922555635,0
1595877068.4801993,354.98115469583223,88.57964922555635,0
1595877068.4902081,356.7827408469553,88.57964922555635,0
1595877068.500191,358.57964922555635,88.57964922555635,0
1595877068.5080872,360,88.57964922555635,1
1595877068.5080872,0,88.57964922555635,0
1595877068.5159218,1.4102595008249068,88.57964922555635,0
1595877068.5159218,0.9871816505774348,88.15657137530889,0
1595877069.0102074,89.95858667987432,88.15657137530889,0
1595877069.0202007,91.75738333362187,88.15657137530889,0
1595877069.0302103,93.55909823077764,88.15657137530889,0
1595877069.040205,95.35815237659062,88.15657137530889,0
1595877069.0502021,97.157635675846,88.15657137530889,0
1595877069.0601974,98.95677565234746,88.15657137530889,0
1595877069.0702035,100.75788973468389,88.15657137530889,0
1595877069.08021,102.55904673236455,88.15657137530889,0
1595877069.0902152,104.35998915332402,88.15657137530889,0
1595877069.1002069,106.15848539966191,88.15657137530889,0
1595877069.110209,107.95886992114629,88.15657137530889,0
1595877069.1202145,109.75985525745,88.15657137530889,0
1595877069.1302073,111.55856608050908,88.15657137530889,0
1595877069.1402082,113.35873602527226,88.15657137530889,0
1595877069.1502085,115.15877722400273,88.15657137530889,0
1595877069.160202,116.95761679309453,88.15657137530889,0
1595877069.1701968,118.75667093890752,88.15657137530889,0
1595877069.1802046,120.55808542865361,88.15657137530889,0
1595877069.1901968,122.35666750567998,88.15657137530889,0
1595877069.2002094,124.15894030231084,88.15657137530889,0
1595877069.210212,125.95941065448369,88.15657137530889,0
1595877069.220212,127.75940893786992,88.15657137530889,0
1595877069.2302067,129.5584630836829,88.15657137530889,0
1595877069.2402132,131.35962008136357,88.15657137530889,0
1595877069.2502022,133.15764425891484,88.15657137530889,0
1595877069.2602108,134.95918749469365,88.15657137530889,0
1595877069.270203,136.75781248706426,88.15657137530889,0
1595877069.2802145,138.55987070697392,88.15657137530889,0
1595877069.2902086,140.3587961067542,88.15657137530889,0
1595877069.3002143,142.15982435840215,88.15657137530889,0
1595877069.3102143,143.95982264178838,88.15657137530889,0
1595877069.3202107,145.75917719501103,88.15657137530889,0
1595877069.3302062,147.55836008685674,88.15657137530889,0
1595877069.3402004,149.35732840198125,88.15657137530889,0
1595877069.3502011,151.1574554314002,88.15657137530889,0
1595877069.360206,152.9583120216712,88.15657137530889,0
1595877069.3702025,154.75770949023808,88.15657137530889,0
1595877069.3802054,156.55822275775517,88.15657137530889,0
1595877069.390214,158.35976599353398,88.15657137530889,0
1595877069.400199,160.1570606102332,88.15657137530889,0
1595877069.4102092,161.95890425342168,88.15657137530889,0
1595877069.4202006,163.75735758441533,88.15657137530889,0
1595877069.4301975,165.55679796832646,88.15657137530889,0
1595877069.440211,167.35924242633428,88.15657137530889,0
1595877069.4501963,169.15657995837773,88.15657137530889,0
1595877069.4602022,170.95765112536992,88.15657137530889,0
1595877069.4702027,172.75773523944463,88.15657137530889,0
1595877069.48021,174.55906389850225,88.15657137530889,0
1595877069.4902134,176.3596629967078,88.15657137530889,0
1595877069.500212,178.1594037880286,88.15657137530889,0
1595877069.5102122,179.95944498675908,88.15657137530889,0
1595877069.520201,181.7574262489661,88.15657137530889,0
1595877069.5302134,183.55965613025273,88.15657137530889,0
1595877069.5402114,185.35931109088506,88.15657137530889,0
1595877069.5502124,187.15948103564824,88.15657137530889,0
1595877069.5602107,188.9591789116248,88.15657137530889,0
1595877069.570212,190.75939177173223,88.15657137530889,0
1595877069.5802138,192.55973337787236,88.15657137530889,0
1595877069.5901978,194.35685633319463,88.15657137530889,0
1595877069.6001976,196.15681170123662,88.15657137530889,0
1595877069.610201,197.9574107994422,88.15657137530889,0
1595877069.620212,199.75942610400762,88.15657137530889,0
1595877069.630204,201.55796526568975,88.15657137530889,0
1595877069.6402025,203.35770605701055,88.15657137530889,0
1595877069.6502016,205.15753267901982,88.15657137530889,0
1595877069.660214,206.95976256030644,88.15657137530889,0
1595877069.6702142,208.7598037590369,88.15657137530889,0
1595877069.6802049,210.55812834399785,88.15657137530889,0
1595877069.6902027,212.35774038928594,88.15657137530889,0
1595877069.70021,214.15906904834355,88.15657137530889,0
1595877069.7102005,215.95735071796025,88.15657137530889,0
1595877069.7202039,217.75794981616582,88.15657137530889,0
1595877069.7301965,219.55661772388066,88.15657137530889,0
1595877069.7402096,221.3589763512,88.15657137530889,0
1595877069.750196,223.15652845996465,88.15657137530889,0
1595877069.7602139,224.95974539416875,88.15657137530889,0
1595877069.7702117,226.75935743945683,88.15657137530889,0
1595877069.7802064,228.55841158526982,88.15657137530889,0
1595877069.7902074,230.358581530033,88.15657137530889,0
1595877069.800203,232.15780733722295,88.15657137530889,0
1595877069.8102028,233.95776270526494,88.15657137530889,0
1595877069.8202147,235.75990675586308,88.15657137530889,0
1595877069.830211,237.5592183937415,88.15657137530889,0
1595877069.840197,239.3567275871619,88.15657137530889,0
1595877069.8502023,241.15767000812139,88.15657137530889,0
1595877069.8602128,242.9595565666541,88.15657137530889,0
1595877069.8702095,244.758954035221,88.15657137530889,0
1595877069.88021,246.5590381492957,88.15657137530889,0
1595877069.890201,248.35744856494512,88.15657137530889,0
1595877069.9001956,250.15645979541387,88.15657137530889,0
1595877069.9101987,251.9570159782752,88.15657137530889,0
1595877069.9201999,253.75722883838262,88.15657137530889,0
1595877069.9302096,255.55898665088262,88.15657137530889,0
1595877069.9402149,257.3599290718421,88.15657137530889,0
1595877069.9502082,259.15872572558965,88.15657137530889,0
1595877069.9602027,260.9577369560584,88.15657137530889,0
1595877069.9702096,262.75897978442754,88.15657137530889,0
1595877069.9801984,264.55696104663457,88.15657137530889,0
1595877069.9902039,266.3579463829383,88.15657137530889,0
1595877070.0002,268.1572580208167,88.15657137530889,0
1595877070.0101972,269.95674132007207,88.15657137530889,0
1595877070.0202143,271.75982950824346,88.15657137530889,0
1595877070.0302057,273.5582828392371,88.15657137530889,0
1595877070.040197,275.3566932548865,88.15657137530889,0
1595877070.0502114,277.1593093742713,88.15657137530889,0
1595877070.0602002,278.9572906364783,88.15657137530889,0
1595877070.070198,280.7569026817664,88.15657137530889,0
1595877070.0802083,282.5587463249549,88.15657137530889,0
1595877070.0901992,284.35711382526006,88.15657137530889,0
1595877070.100208,286.1586999763831,88.15657137530889,0
1595877070.1102135,287.9596853126868,88.15657137530889,0
1595877070.1201963,289.7565936912879,88.15657137530889,0
1595877070.1302137,291.5597247948035,88.15657137530889,0
1595877070.140214,293.359765993534,88.15657137530889,0
1595877070.1502125,295.1595067848548,88.15657137530889,0
1595877070.1602101,296.95907591479863,88.15657137530889,0
1595877070.170198,298.7568855156287,88.15657137530889,0
1595877070.1801972,300.5567550529822,88.15657137530889,0
1595877070.1901956,302.3564529289588,88.15657137530889,0
1595877070.200195,304.15636538165654,88.15657137530889,0
1595877070.2102046,305.9580802788123,88.15657137530889,0
1595877070.2202024,307.7576923241004,88.15657137530889,0
1595877070.2302005,309.5573472847327,88.15657137530889,0
1595877070.2402058,311.3582897056922,88.15657137530889,0
1595877070.2502077,313.1586313118323,88.15657137530889,0
1595877070.2602055,314.9582433571204,88.15657137530889,0
1595877070.270198,316.75691126483525,88.15657137530889,0
1595877070.2802014,318.5575103630408,88.15657137530889,0
1595877070.29021,320.3590535988196,88.15657137530889,0
1595877070.300208,322.15870855945195,88.15657137530889,0
1595877070.3101962,323.95656107562627,88.15657137530889,0
1595877070.320198,325.7569026817664,88.15657137530889,0
1595877070.330204,327.5579738487586,88.15657137530889,0
1595877070.3402007,329.3573713173255,88.15657137530889,0
1595877070.3501997,331.15719793933476,88.15657137530889,0
1595877070.3602064,332.95839785235967,88.15657137530889,0
1595877070.370198,334.75689409869756,88.15657137530889,0
1595877070.380196,336.5565490593299,88.15657137530889,0
1595877070.390207,338.3585214485511,88.15657137530889,0
1595877070.4002104,340.15912054675664,88.15657137530889,0
1595877070.410209,341.95886133807744,88.15657137530889,0
1595877070.4202087,343.75881670611943,88.15657137530889,0
1595877070.4302042,345.55799959796514,88.15657137530889,0
1595877070.4402096,347.35898493426885,88.15657137530889,0
1595877070.4502048,349.1581249107703,88.15657137530889,0
1595877070.460207,350.9585094322547,88.15657137530889,0
1595877070.4701958,352.7564906944617,88.15657137530889,0
1595877070.4802136,354.5597076286658,88.15657137530889,0
1595877070.4902043,356.35803221362676,88.15657137530889,0
1595877070.5002062,358.1583738197669,88.15657137530889,0
1595877070.5102,359.95725630420293,88.15657137530889,0
1595877070.5104394,360,88.15657137530889,1
1595877070.5104394,0,88.15657137530889,0
1595877070.517268,1.2291383613928701,88.15657137530889,0
1595877070.517268,0.8603968529750091,87.78782986689103,0
1595877071.0102038,89.58885811853898,87.78782986689103,0
1595877071.0202024,91.38859890985978,87.78782986689103,0
1595877071.030199,93.18799637842667,87.78782986689103,0
1595877071.040207,94.98941086817277,87.78782986689103,0
1595877071.0502155,96.79095410395158,87.78782986689103,0
1595877071.0602076,98.58953618097794,87.78782986689103,0
1595877071.0702105,100.39004944849503,87.78782986689103,0
1595877071.0802,102.18815945673478,87.78782986689103,0
1595877071.0902038,103.98884438562882,87.78782986689103,0
1595877071.1002173,105.79128884363664,87.78782986689103,0
1595877071.110213,107.59051465082658,87.78782986689103,0
1595877071.1202033,109.38875340509904,87.78782986689103,0
1595877071.130217,111.19124077845109,87.78782986689103,0
1595877071.1402,112.98814915705216,87.78782986689103,0
1595877071.150217,114.79123734522355,87.78782986689103,0
1595877071.16021,116.58994816828263,87.78782986689103,0
1595877071.170212,118.390332689767,87.78782986689103,0
1595877071.1802132,120.19054554987443,87.78782986689103,0
1595877071.190217,121.99123047876847,87.78782986689103,0
1595877071.2002063,123.78929757166398,87.78782986689103,0
1595877071.210212,125.59032582331193,87.78782986689103,0
1595877071.2201986,127.38792084742082,87.78782986689103,0
1595877071.2302103,129.19002198267472,87.78782986689103,0
1595877071.2402143,130.990749826913,87.78782986689103,0
1595877071.2502148,132.7908339409877,87.78782986689103,0
1595877071.2602005,134.58825730371964,87.78782986689103,0
1595877071.270198,136.3878264336635,87.78782986689103,0
1595877071.2801988,138.18795346308244,87.78782986689103,0
1595877071.2902021,139.988552561288,87.78782986689103,0
1595877071.3002076,141.7895378975917,87.78782986689103,0
1595877071.3102121,143.59035157251847,87.78782986689103,0
1595877071.3202043,145.38893364954484,87.78782986689103,0
1595877071.3302155,147.19094895411027,87.78782986689103,0
1595877071.3402061,148.9892735390712,87.78782986689103,0
1595877071.3502002,150.78819893885148,87.78782986689103,0
1595877071.3602157,152.5909867196132,87.78782986689103,0
1595877071.3701978,154.38776635218156,87.78782986689103,0
1595877071.3802156,156.19098328638566,87.78782986689103,0
1595877071.3902009,157.98832081842912,87.78782986689103,0
1595877071.4002004,159.78823327112687,87.78782986689103,0
1595877071.4102015,161.5884461312343,87.78782986689103,0
1595877071.4202056,163.38917397547257,87.78782986689103,0
1595877071.4302168,165.191189280038,87.78782986689103,0
1595877071.4402156,166.99097298670304,87.78782986689103,0
