Timestamp,Phase,Heading,Ping?
1596033726.000106,100.0,100.0,0
1596033726.0101337,101.8034315109253,100.0,0
1596033726.020134,103.60347270965576,100.0,0
1596033726.0301356,105.40377140045166,100.0,0
1596033726.0401294,107.2026538848877,100.0,0
1596033726.050124,109.00166511535645,100.0,0
1596033726.0601218,110.80127716064453,100.0,0
1596033726.0701218,112.60127544403076,100.0,0
1596033726.080127,114.40221786499023,100.0,0
1596033726.0901327,116.20324611663818,100.0,0
1596033726.1001348,118.00363063812256,100.0,0
1596033726.1101274,119.8022985458374,100.0,0
1596033726.1201248,121.60182476043701,100.0,0
1596033726.1301186,123.40070724487305,100.0,0
1596033726.1401193,125.20083427429199,100.0,0
1596033726.1501353,127.00370788574219,100.0,0
1596033726.160126,128.80203247070312,100.0,0
1596033726.170132,130.6031036376953,100.0,0
1596033726.180115,132.40005493164062,100.0,0
1596033726.1901171,134.200439453125,100.0,0
1596033726.20012,136.0009527206421,100.0,0
1596033726.2101257,137.80198097229004,100.0,0
1596033726.2201145,139.59996223449707,100.0,0
1596033726.230116,141.40021800994873,100.0,0
1596033726.2401185,143.20068836212158,100.0,0
1596033726.250129,145.0025749206543,100.0,0
1596033726.2601337,146.8034315109253,100.0,0
1596033726.2701266,148.60214233398438,100.0,0
1596033726.280128,150.40239810943604,100.0,0
1596033726.2901213,152.2011947631836,100.0,0
1596033726.3001359,154.00381088256836,100.0,0
1596033726.3101144,155.79994678497314,100.0,0
1596033726.320131,157.60294914245605,100.0,0
1596033726.3301349,159.4036340713501,100.0,0
1596033726.340121,161.2011432647705,100.0,0
1596033726.3501265,163.00212860107422,100.0,0
1596033726.3601294,164.8026418685913,100.0,0
1596033726.3701174,166.60049438476562,100.0,0
1596033726.38012,168.40096473693848,100.0,0
1596033726.3901207,170.20109176635742,100.0,0
1596033726.400134,172.003493309021,100.0,0
1596033726.410129,173.80259037017822,100.0,0
1596033726.420134,175.60348987579346,100.0,0
1596033726.4301226,177.40142822265625,100.0,0
1596033726.4401352,179.2037010192871,100.0,0
1596033726.450128,181.0024118423462,100.0,0
1596033726.4601233,182.80155181884766,100.0,0
1596033726.470121,184.6011209487915,100.0,0
1596033726.480117,186.40043258666992,100.0,0
1596033726.4901326,188.20322036743164,100.0,0
1596033726.5001252,190.00188827514648,100.0,0
1596033726.5101197,191.80089950561523,100.0,0
1596033726.5201266,193.60214233398438,100.0,0
1596033726.5301168,195.40038108825684,100.0,0
1596033726.5401356,197.2037696838379,100.0,0
1596033726.5501323,199.00316715240479,100.0,0
1596033726.5601213,200.80119132995605,100.0,0
1596033726.5701187,202.60071754455566,100.0,0
1596033726.5801218,204.401273727417,100.0,0
1596033726.5901318,206.20307445526123,100.0,0
1596033726.6001318,208.00307273864746,100.0,0
1596033726.610123,209.80148315429688,100.0,0
1596033726.620122,211.60130977630615,100.0,0
1596033726.630124,213.40169429779053,100.0,0
1596033726.6401346,215.20358085632324,100.0,0
1596033726.6501222,217.00134754180908,100.0,0
1596033726.6601343,218.80353450775146,100.0,0
1596033726.6701176,220.60052871704102,100.0,0
1596033726.6801236,222.4015998840332,100.0,0
1596033726.6901214,224.2012119293213,100.0,0
1596033726.7001312,226.0029697418213,100.0,0
1596033726.7101164,227.80030727386475,100.0,0
1596033726.7201302,229.6027946472168,100.0,0
1596033726.7301304,231.40283584594727,100.0,0
1596033726.7401161,233.2002592086792,100.0,0
1596033726.7501314,235.00300407409668,100.0,0
1596033726.760119,236.80077075958252,100.0,0
1596033726.7701242,238.601713180542,100.0,0
1596033726.78012,240.40093898773193,100.0,0
1596033726.7901335,242.20338344573975,100.0,0
1596033726.8001177,244.00054931640625,100.0,0
1596033726.8101342,245.80350875854492,100.0,0
1596033726.8201227,247.60144710540771,100.0,0
1596033726.8301244,249.4017457962036,100.0,0
1596033726.8401318,251.20307445526123,100.0,0
1596033726.8501341,253.00350189208984,100.0,0
1596033726.8601334,254.80337142944336,100.0,0
1596033726.8701143,256.5999364852905,100.0,0
1596033726.8801186,258.40070724487305,100.0,0
1596033726.8901165,260.20031929016113,100.0,0
1596033726.9001296,262.00267791748047,100.0,0
1596033726.9101305,263.80284786224365,100.0,0
1596033726.920128,265.6024169921875,100.0,0
1596033726.930121,267.4011278152466,100.0,0
1596033726.9401224,269.20138359069824,100.0,0
1596033726.9501324,271.0031843185425,100.0,0
1596033726.9601336,272.8033971786499,100.0,0
1596033726.9701347,274.6036100387573,100.0,0
1596033726.9801204,276.40103340148926,100.0,0
1596033726.9901195,278.20086002349854,100.0,0
1596033727.0001156,280.00017166137695,100.0,0
1596033727.0101342,281.80351734161377,100.0,0
1596033727.0201275,283.6023139953613,100.0,0
1596033727.0301151,285.40008068084717,100.0,0
1596033727.04013,287.2027397155762,100.0,0
1596033727.0501301,289.00278091430664,100.0,0
1596033727.0601172,290.800461769104,100.0,0
1596033727.0701313,292.6029920578003,100.0,0
1596033727.0801249,294.4018316268921,100.0,0
1596033727.0901165,296.20032787323,100.0,0
1596033727.1001306,298.00285816192627,100.0,0
1596033727.1101174,299.8004961013794,100.0,0
1596033727.120114,301.5998935699463,100.0,0
1596033727.1301143,303.39993476867676,100.0,0
1596033727.140134,305.20349502563477,100.0,0
1596033727.1501136,306.9998025894165,100.0,0
1596033727.1601343,308.80353450775146,100.0,0
1596033727.1701267,310.60215950012207,100.0,0
1596033727.1801255,312.4019432067871,100.0,0
1596033727.1901252,314.2018985748291,100.0,0
1596033727.20013,316.0027551651001,100.0,0
1596033727.2101219,317.8012943267822,100.0,0
1596033727.2195215,319.49323177337646,100.0,0
1596033727.2195215,347.84796953201294,100.0,0
1596033727.2201169,347.9551291465759,100.0,0
1596033727.2301304,349.75757360458374,100.0,0
1596033727.2401211,351.5558981895447,100.0,0
1596033727.250135,353.35838556289673,100.0,0
1596033727.2601235,355.1563239097595,100.0,0
1596033727.2701137,356.954562664032,100.0,0
1596033727.2801151,358.75481843948364,100.0,0
1596033727.2870502,360,100.0,1
1596033727.2901332,360.558078289032,100.0,0
1596033727.300114,362.3546004295349,100.0,0
1596033727.3101232,364.15627241134644,100.0,0
1596033727.3196347,365.8683371543884,100.0,0
1596033727.3196347,361.7605011463165,100.0,0
1596033727.3201265,361.8490355014801,100.0,0
1596033727.3301194,363.6477463245392,100.0,0
1596033727.3401237,365.4485170841217,100.0,0
1596033727.3501287,367.24941658973694,100.0,0
1596033727.3601155,369.04705452919006,100.0,0
1596033727.3701184,370.84756779670715,100.0,0
1596033727.38013,372.64966893196106,100.0,0
1596033727.3901207,374.447993516922,100.0,0
1596033727.4001286,376.2494080066681,100.0,0
1596033727.410128,378.04932045936584,100.0,0
1596033727.420119,379.847687959671,100.0,0
1596033727.4301243,381.6486303806305,100.0,0
1596033727.4401174,383.4473841190338,100.0,0
1596033727.4501185,385.24759697914124,100.0,0
1596033727.4601164,387.0472090244293,100.0,0
1596033727.470117,388.84733605384827,100.0,0
1596033727.4801216,390.648149728775,100.0,0
1596033727.4901195,392.4477617740631,100.0,0
1596033727.500127,394.24913334846497,100.0,0
1596033727.5101192,396.04771542549133,100.0,0
1596033727.5201292,397.84951615333557,100.0,0
1596033727.530129,399.64947152137756,100.0,0
1596033727.540128,401.44929814338684,100.0,0
1596033727.5501304,403.24972558021545,100.0,0
1596033727.5601335,405.0502817630768,100.0,0
1596033727.5701294,406.84955048561096,100.0,0
1596033727.5801315,408.64993500709534,100.0,0
1596033727.590129,410.44946122169495,100.0,0
1596033727.6001272,412.2491590976715,100.0,0
1596033727.6101265,414.049028635025,100.0,0
1596033727.6201277,415.84924149513245,100.0,0
1596033727.6301138,417.64675068855286,100.0,0
1596033727.640116,419.44713521003723,100.0,0
1596033727.6501267,421.2490646839142,100.0,0
1596033727.6601336,423.0503075122833,100.0,0
1596033727.670113,424.84661507606506,100.0,0
1596033727.680114,426.64678502082825,100.0,0
1596033727.6901143,428.4468262195587,100.0,0
1596033727.700132,430.2500002384186,100.0,0
1596033727.7101247,432.04871106147766,100.0,0
1596033727.720121,433.8480226993561,100.0,0
1596033727.7301347,435.65051007270813,100.0,0
1596033727.7401335,437.45029377937317,100.0,0
1596033727.7501223,439.2482750415802,100.0,0
1596033727.7601192,441.04771542549133,100.0,0
1596033727.7701325,442.8501169681549,100.0,0
1596033727.7801201,444.64788365364075,100.0,0
1596033727.7901294,446.44955563545227,100.0,0
1596033727.8001146,448.2468931674957,100.0,0
1596033727.81013,450.0496380329132,100.0,0
1596033727.8201299,451.84963631629944,100.0,0
1596033727.830134,453.6503641605377,100.0,0
1596033727.8401327,455.45014786720276,100.0,0
1596033727.850121,457.2480432987213,100.0,0
1596033727.8601153,459.0470116138458,100.0,0
1596033727.87013,460.84967064857483,100.0,0
1596033727.880131,462.649840593338,100.0,0
1596033727.8901327,464.4501392841339,100.0,0
1596033727.9001155,466.247047662735,100.0,0
1596033727.9101138,468.04674553871155,100.0,0
1596033727.920129,469.849490404129,100.0,0
1596033727.9301257,471.6488878726959,100.0,0
1596033727.9401164,473.44721245765686,100.0,0
1596033727.9501262,475.24897027015686,100.0,0
1596033727.9601345,477.05047059059143,100.0,0
1596033727.9701242,478.8486235141754,100.0,0
1596033727.980117,480.6473343372345,100.0,0
1596033727.990113,482.4466030597687,100.0,0
1596033728.000116,484.24715924263,100.0,0
1596033728.000116,0,100.0,0
1596033728.0101194,101.80059909820557,100.0,0
1596033728.0201302,103.60252857208252,100.0,0
1596033728.0301185,105.40042400360107,100.0,0
1596033728.040121,107.20089435577393,100.0,0
1596033728.0501359,109.00355339050293,100.0,0
1596033728.060131,110.8026933670044,100.0,0
1596033728.0701227,112.60118961334229,100.0,0
1596033728.0801177,114.40028667449951,100.0,0
1596033728.0901332,116.20307445526123,100.0,0
1596033728.100125,118.00161361694336,100.0,0
1596033728.1101184,119.80041027069092,100.0,0
1596033728.1201289,121.60229682922363,100.0,0
1596033728.1301358,123.40353965759277,100.0,0
1596033728.1401343,125.20328044891357,100.0,0
1596033728.1501327,127.00297832489014,100.0,0
1596033728.1601355,128.80349159240723,100.0,0
1596033728.170122,130.60104370117188,100.0,0
1596033728.1801171,132.40018367767334,100.0,0
1596033728.1901207,134.20082569122314,100.0,0
1596033728.2001226,136.00116729736328,100.0,0
1596033728.2101312,137.8027105331421,100.0,0
1596033728.22013,139.60249423980713,100.0,0
1596033728.2301261,141.40180587768555,100.0,0
1596033728.24013,143.2024908065796,100.0,0
1596033728.2501369,145.00373363494873,100.0,0
1596033728.2601333,146.8030881881714,100.0,0
1596033728.2701201,148.6007261276245,100.0,0
1596033728.2801328,150.40299892425537,100.0,0
1596033728.290137,152.2037696838379,100.0,0
1596033728.300116,153.99999141693115,100.0,0
1596033728.310125,155.80162048339844,100.0,0
1596033728.3201268,157.60191917419434,100.0,0
1596033728.3301332,159.403076171875,100.0,0
1596033728.340116,161.19998455047607,100.0,0
1596033728.3501172,163.0001974105835,100.0,0
1596033728.360119,164.80053901672363,100.0,0
1596033728.3701315,166.60276889801025,100.0,0
1596033728.3801174,168.40023517608643,100.0,0
1596033728.3901172,170.20019054412842,100.0,0
1596033728.4001338,172.00319290161133,100.0,0
1596033728.4101374,173.80383491516113,100.0,0
1596033728.4201374,175.60383319854736,100.0,0
1596033728.4301236,177.40134239196777,100.0,0
1596033728.4401264,179.20185565948486,100.0,0
1596033728.4501333,181.003098487854,100.0,0
1596033728.4601336,182.80313968658447,100.0,0
1596033728.4701283,184.60219383239746,100.0,0
1596033728.4801352,186.4034366607666,100.0,0
1596033728.4901168,188.20013046264648,100.0,0
1596033728.5001223,190.0011157989502,100.0,0
1596033728.5101368,191.80373191833496,100.0,0
1596033728.5201306,193.602614402771,100.0,0
1596033728.5301185,195.40042400360107,100.0,0
1596033728.5401356,197.20351219177246,100.0,0
1596033728.5501246,199.00153636932373,100.0,0
1596033728.560125,200.80162048339844,100.0,0
1596033728.5701172,202.6002025604248,100.0,0
1596033728.5801303,204.40256118774414,100.0,0
1596033728.590119,206.20049953460693,100.0,0
1596033728.6001215,208.00096988677979,100.0,0
1596033728.6101272,209.80199813842773,100.0,0
1596033728.6201258,211.60173892974854,100.0,0
1596033728.63012,213.40070724487305,100.0,0
1596033728.640127,215.2019500732422,100.0,0
1596033728.6501276,217.00207710266113,100.0,0
1596033728.6601284,218.80220413208008,100.0,0
1596033728.6701353,220.60344696044922,100.0,0
1596033728.6801155,222.39988327026367,100.0,0
1596033728.6901367,224.2037010192871,100.0,0
1596033728.7001185,226.00043773651123,100.0,0
1596033728.7101321,227.80288219451904,100.0,0
1596033728.7201357,229.60352420806885,100.0,0
1596033728.7301238,231.40137672424316,100.0,0
1596033728.7401168,233.20013046264648,100.0,0
1596033728.7501228,235.00120162963867,100.0,0
1596033728.7601311,236.80270195007324,100.0,0
1596033728.7701187,238.60046863555908,100.0,0
1596033728.7801352,240.40342807769775,100.0,0
1596033728.7901275,242.20205307006836,100.0,0
1596033728.8001268,244.00192260742188,100.0,0
1596033728.8101304,245.80256462097168,100.0,0
1596033728.8201187,247.60046005249023,100.0,0
1596033728.8301194,249.40058708190918,100.0,0
1596033728.8401163,251.2000274658203,100.0,0
1596033728.8501325,253.00294399261475,100.0,0
1596033728.8601196,254.8006248474121,100.0,0
1596033728.8701293,256.6023826599121,100.0,0
1596033728.8801196,258.40062141418457,100.0,0
1596033728.8901193,260.20057678222656,100.0,0
1596033728.9001195,262.00061798095703,100.0,0
1596033728.910123,263.80125999450684,100.0,0
1596033728.920135,265.603404045105,100.0,0
1596033728.9301183,267.40039825439453,100.0,0
1596033728.940134,269.2032289505005,100.0,0
1596033728.9501212,271.00090980529785,100.0,0
1596033728.9601216,272.80099391937256,100.0,0
1596033728.9701314,274.60275173187256,100.0,0
1596033728.9801173,276.40021800994873,100.0,0
1596033728.9901319,278.2028341293335,100.0,0
1596033729.0001168,280.0001287460327,100.0,0
1596033729.010117,281.8001699447632,100.0,0
1596033729.0201166,283.60008239746094,100.0,0
1596033729.0301178,285.40029525756836,100.0,0
1596033729.0401275,287.20205307006836,100.0,0
1596033729.050122,289.0010643005371,100.0,0
1596033729.0601249,290.8015775680542,100.0,0
1596033729.0701313,292.60273456573486,100.0,0
1596033729.0801358,294.4035482406616,100.0,0
1596033729.09013,296.20251655578613,100.0,0
1596033729.100125,298.00161361694336,100.0,0
1596033729.1101327,299.8029851913452,100.0,0
1596033729.1201348,301.6033697128296,100.0,0
1596033729.1301284,303.4022092819214,100.0,0
1596033729.140124,305.2014350891113,100.0,0
1596033729.1501343,307.0032787322998,100.0,0
1596033729.1601243,308.801474571228,100.0,0
1596033729.1701324,310.60293197631836,100.0,0
1596033729.1801195,312.4006128311157,100.0,0
1596033729.190118,314.2003536224365,100.0,0
1596033729.200122,316.0010814666748,100.0,0
1596033729.210116,317.79996395111084,100.0,0
1596033729.2184906,319.3074083328247,100.0,0
1596033729.2184906,347.7922224998474,100.0,0
1596033729.2201345,348.08812379837036,100.0,0
1596033729.2301273,349.88683462142944,100.0,0
1596033729.240115,351.6846013069153,100.0,0
1596033729.2501283,353.48700284957886,100.0,0
1596033729.2548635,354.33934450149536,100.0,0
1596033729.2548635,358.3018033504486,100.0,0
1596033729.2601254,359.2489449977875,100.0,0
1596033729.2643104,360,100.0,1
1596033729.2701335,361.0504024028778,100.0,0
1596033729.2801273,362.84928488731384,100.0,0
1596033729.290126,364.6490685939789,100.0,0
1596033729.3001223,366.4483802318573,100.0,0
1596033729.310133,368.25030970573425,100.0,0
1596033729.3201237,370.0486342906952,100.0,0
1596033729.330136,371.8508641719818,100.0,0
1596033729.3401303,373.6498324871063,100.0,0
1596033729.3501153,375.44712710380554,100.0,0
1596033729.3601203,377.2480266094208,100.0,0
1596033729.3701189,379.0477674007416,100.0,0
1596033729.3801174,380.8475081920624,100.0,0
1596033729.3901198,382.647935628891,100.0,0
1596033729.400133,384.4502942562103,100.0,0
1596033729.4101174,386.24750304222107,100.0,0
1596033729.420125,388.0488746166229,100.0,0
1596033729.430116,389.8472421169281,100.0,0
1596033729.440115,391.6470687389374,100.0,0
1596033729.4501293,393.4496419429779,100.0,0
1596033729.4601338,395.25045561790466,100.0,0
1596033729.4701262,397.04908061027527,100.0,0
1596033729.4801185,398.8477056026459,100.0,0
1596033729.4901264,400.64912009239197,100.0,0
1596033729.500126,402.4490325450897,100.0,0
1596033729.5101316,404.25006079673767,100.0,0
1596033729.5201337,406.05044531822205,100.0,0
1596033729.53012,407.84795451164246,100.0,0
1596033729.5401146,409.64700865745544,100.0,0
1596033729.5501301,411.44979643821716,100.0,0
1596033729.5601146,413.2470052242279,100.0,0
1596033729.5701218,415.0482909679413,100.0,0
1596033729.5801232,416.84854674339294,100.0,0
1596033729.5901318,418.65008997917175,100.0,0
1596033729.6001306,420.4498736858368,100.0,0
1596033729.6101236,422.2486274242401,100.0,0
1596033729.6201339,424.0504710674286,100.0,0
1596033729.630119,425.84780859947205,100.0,0
1596033729.6401198,427.647935628891,100.0,0
1596033729.6501272,429.4492642879486,100.0,0
1596033729.66012,431.2479751110077,100.0,0
1596033729.670132,433.05011916160583,100.0,0
1596033729.6801279,434.84938788414,100.0,0
1596033729.690135,436.6506736278534,100.0,0
1596033729.7001197,438.4479253292084,100.0,0
1596033729.710118,440.24762320518494,100.0,0
1596033729.7201304,442.04985308647156,100.0,0
1596033729.730134,443.85049510002136,100.0,0
1596033729.7401361,445.65087962150574,100.0,0
1596033729.7501144,447.4469726085663,100.0,0
1596033729.7601259,449.24903082847595,100.0,0
1596033729.7701287,451.04954409599304,100.0,0
1596033729.7801156,452.84718203544617,100.0,0
1596033729.7901266,454.64915442466736,100.0,0
1596033729.8001313,456.45001101493835,100.0,0
1596033729.810133,458.25030970573425,100.0,0
1596033729.8201237,460.0486342906952,100.0,0
1596033729.830127,461.84923338890076,100.0,0
1596033729.8401217,463.64828753471375,100.0,0
1596033729.8501205,465.4480712413788,100.0,0
1596033729.8601267,467.2491853237152,100.0,0
1596033729.8701355,469.05077147483826,100.0,0
1596033729.880125,470.848881483078,100.0,0
1596033729.8901343,472.6505534648895,100.0,0
1596033729.900136,474.4508521556854,100.0,0
1596033729.9101326,476.2502496242523,100.0,0
1596033729.920135,478.05067706108093,100.0,0
1596033729.9301157,479.84719920158386,100.0,0
1596033729.9401226,481.648442029953,100.0,0
1596033729.9501245,483.44878363609314,100.0,0
1596033729.9601288,485.24955439567566,100.0,0
1596033729.9701238,487.0486514568329,100.0,0
1596033729.9801266,488.84916472435,100.0,0
1596033729.990135,490.65066504478455,100.0,0
1596033730.0001335,492.45040583610535,100.0,0
1596033730.0001335,0,100.0,0
1596033730.0101361,101.80047035217285,100.0,0
1596033730.0201402,103.60119819641113,100.0,0
1596033730.0301518,105.40329933166504,100.0,0
1596033730.0401409,107.20132350921631,100.0,0
1596033730.0501497,109.00290966033936,100.0,0
1596033730.0601487,110.80273628234863,100.0,0
1596033730.0701492,112.60282039642334,100.0,0
1596033730.0801415,114.40144538879395,100.0,0
1596033730.0901392,116.2010145187378,100.0,0
1596033730.1001363,118.00049781799316,100.0,0
1596033730.1101549,119.80384349822998,100.0,0
1596033730.1201336,121.600022315979,100.0,0
1596033730.130145,123.40208053588867,100.0,0
1596033730.1401534,125.20358085632324,100.0,0
1596033730.1501505,127.00306415557861,100.0,0
1596033730.1601403,128.8012170791626,100.0,0
1596033730.1701345,130.6001853942871,100.0,0
1596033730.180151,132.40314483642578,100.0,0
1596033730.190154,134.2037010192871,100.0,0
1596033730.200139,136.00099563598633,100.0,0
1596033730.2101426,137.80163764953613,100.0,0
1596033730.2201545,139.60378170013428,100.0,0
1596033730.2301517,141.40326499938965,100.0,0
1596033730.2401483,143.20266246795654,100.0,0
1596033730.2501485,145.002703666687,100.0,0
1596033730.260148,146.80261611938477,100.0,0
1596033730.2701404,148.60124111175537,100.0,0
1596033730.2801492,150.40282726287842,100.0,0
1596033730.290148,152.20261096954346,100.0,0
1596033730.3001382,154.00084972381592,100.0,0
1596033730.3101418,155.80149173736572,100.0,0
1596033730.3201504,157.60303497314453,100.0,0
1596033730.3301404,159.40123081207275,100.0,0
1596033730.3401387,161.20092868804932,100.0,0
1596033730.3501475,163.00251483917236,100.0,0
1596033730.3601527,164.80345726013184,100.0,0
1596033730.3701472,166.6024684906006,100.0,0
1596033730.3801358,168.40040683746338,100.0,0
1596033730.390151,170.20315170288086,100.0,0
1596033730.400144,172.00190544128418,100.0,0
1596033730.4101357,173.80040168762207,100.0,0
1596033730.4201388,175.6009578704834,100.0,0
1596033730.4301522,177.40335941314697,100.0,0
1596033730.4401503,179.2030143737793,100.0,0
1596033730.4501424,181.00159645080566,100.0,0
1596033730.4601471,182.80245304107666,100.0,0
1596033730.4701362,184.60047721862793,100.0,0
1596033730.4801438,186.40184879302979,100.0,0
1596033730.4901457,188.20219039916992,100.0,0
1596033730.500135,190.00025749206543,100.0,0
1596033730.5101364,191.8005132675171,100.0,0
1596033730.5201442,193.60192775726318,100.0,0
1596033730.5301445,195.40196895599365,100.0,0
1596033730.5401404,197.20123767852783,100.0,0
1596033730.550149,199.00278091430664,100.0,0
1596033730.5601435,200.8017921447754,100.0,0
1596033730.5701447,202.6020050048828,100.0,0
1596033730.5801415,204.40144538879395,100.0,0
1596033730.5901504,206.203031539917,100.0,0
1596033730.6001499,208.00294399261475,100.0,0
1596033730.610141,209.80135440826416,100.0,0
1596033730.6201422,211.60156726837158,100.0,0
1596033730.6301422,213.4015655517578,100.0,0
1596033730.6401536,215.20362377166748,100.0,0
1596033730.6501338,217.00006008148193,100.0,0
1596033730.660147,218.80241870880127,100.0,0
1596033730.6701403,220.60121536254883,100.0,0
1596033730.6801405,222.4012565612793,100.0,0
1596033730.6901503,224.2030143737793,100.0,0
1596033730.7001529,226.00348472595215,100.0,0
1596033730.7101367,227.80056476593018,100.0,0
1596033730.7201412,229.60137844085693,100.0,0
1596033730.7301528,231.40347957611084,100.0,0
1596033730.7401395,233.20107460021973,100.0,0
1596033730.7501512,235.00317573547363,100.0,0
1596033730.7601478,236.80257320404053,100.0,0
1596033730.770145,238.6020565032959,100.0,0
1596033730.780141,240.40136814117432,100.0,0
1596033730.7901533,242.2035551071167,100.0,0
1596033730.8001494,244.00286674499512,100.0,0
1596033730.8101418,245.80149173736572,100.0,0
1596033730.8201468,247.60239124298096,100.0,0
1596033730.8301337,249.40002918243408,100.0,0
1596033730.84014,251.20118618011475,100.0,0
1596033730.850135,253.00028324127197,100.0,0
1596033730.8601534,254.80358600616455,100.0,0
1596033730.8701534,256.6035842895508,100.0,0
1596033730.8801334,258.399977684021,100.0,0
1596033730.8901374,260.2007055282593,100.0,0
1596033730.9001403,262.00121879577637,100.0,0
1596033730.9101377,263.800745010376,100.0,0
1596033730.9201515,265.603232383728,100.0,0
1596033730.9301443,267.4019432067871,100.0,0
1596033730.9401433,269.2017698287964,100.0,0
1596033730.9501462,271.0022830963135,100.0,0
1596033730.9601514,272.80322551727295,100.0,0
1596033730.9701483,274.6026659011841,100.0,0
1596033730.9801433,276.4017629623413,100.0,0
1596033730.9901402,278.20120334625244,100.0,0
1596033731.0001469,280.00240325927734,100.0,0
1596033731.0101418,281.80150032043457,100.0,0
1596033731.020139,283.60098361968994,100.0,0
1596033731.0301497,285.4029130935669,100.0,0
1596033731.04014,287.20115184783936,100.0,0
1596033731.0501373,289.00067806243896,100.0,0
1596033731.060139,290.80097675323486,100.0,0
1596033731.0701463,292.6023054122925,100.0,0
1596033731.080134,294.4000720977783,100.0,0
1596033731.090138,296.2007999420166,100.0,0
1596033731.1001487,298.00272941589355,100.0,0
1596033731.1101365,299.80053901672363,100.0,0
1596033731.1201396,301.60109519958496,100.0,0
1596033731.1301446,303.4019947052002,100.0,0
1596033731.1401439,305.2018642425537,100.0,0
1596033731.1501467,307.0023775100708,100.0,0
1596033731.1601503,308.8030195236206,100.0,0
1596033731.1701345,310.6001853942871,100.0,0
1596033731.1801379,312.4007844924927,100.0,0
1596033731.1901405,314.2012548446655,100.0,0
1596033731.200144,316.00189685821533,100.0,0
1596033731.210146,317.80223846435547,100.0,0
1596033731.218727,319.3468475341797,100.0,0
1596033731.218727,347.8040542602539,100.0,0
1596033731.220154,348.06090259552,100.0,0
1596033731.2301538,349.860857963562,100.0,0
1596033731.2350986,350.75092220306396,100.0,0
1596033731.2350986,357.2252766609192,100.0,0
1596033731.2401435,358.1333653450012,100.0,0
1596033731.250138,359.93237657546996,100.0,0
1596033731.2505145,360,100.0,1
1596033731.2601466,361.73391981124877,100.0,0
1596033731.2701468,363.53396100997924,100.0,0
1596033731.2801418,365.33305807113646,100.0,0
1596033731.2901442,367.1334855079651,100.0,0
1596033731.300146,368.9338271141052,100.0,0
1596033731.310142,370.7330958366394,100.0,0
1596033731.320154,372.53523988723754,100.0,0
1596033731.3301468,374.3339507102966,100.0,0
1596033731.3401432,376.1333052635193,100.0,0
1596033731.3501515,377.93480558395385,100.0,0
1596033731.3601444,379.7335164070129,100.0,0
1596033731.3701367,381.53214139938353,100.0,0
1596033731.3801327,383.3314101219177,100.0,0
1596033731.390136,385.1320092201233,100.0,0
1596033731.4001482,386.93419618606566,100.0,0
1596033731.410149,388.73436613082885,100.0,0
1596033731.4201531,390.5350939750671,100.0,0
1596033731.430139,392.3325602531433,100.0,0
1596033731.4401448,394.13358850479125,100.0,0
1596033731.4501472,395.93401594161986,100.0,0
1596033731.4601364,397.73208303451537,100.0,0
1596033731.4701374,399.53225297927855,100.0,0
1596033731.4801536,401.335169506073,100.0,0
1596033731.490134,403.1316487312317,100.0,0
1596033731.5001395,404.9326340675354,100.0,0
1596033731.5101495,406.7344347953796,100.0,0
1596033731.5201478,408.5341326713562,100.0,0
1596033731.5301342,410.33168478012084,100.0,0
1596033731.5401347,412.13176889419555,100.0,0
1596033731.550137,413.93219633102416,100.0,0
1596033731.560154,415.7352416038513,100.0,0
1596033731.570151,417.5347249031067,100.0,0
1596033731.5801437,419.3333928108215,100.0,0
1596033731.5901425,421.13317651748656,100.0,0
1596033731.6001406,422.9328314781189,100.0,0
1596033731.6101458,424.73377389907836,100.0,0
1596033731.6201434,426.5333430290222,100.0,0
1596033731.630139,428.33256883621215,100.0,0
1596033731.6401424,430.1331679344177,100.0,0
1596033731.6501322,431.9313208580017,100.0,0
1596033731.6601467,433.73393697738646,100.0,0
1596033731.6701498,435.5344931602478,100.0,0
1596033731.6801364,437.3320881843567,100.0,0
1596033731.6901438,439.1334168434143,100.0,0
1596033731.7001474,440.9340588569641,100.0,0
1596033731.7101355,442.7319113731384,100.0,0
1596033731.7201488,444.534312915802,100.0,0
1596033731.7301524,446.3349549293518,100.0,0
1596033731.7401533,448.135124874115,100.0,0
1596033731.7501414,449.9329773902893,100.0,0
1596033731.7601397,451.73267526626586,100.0,0
1596033731.7701337,453.53160066604613,100.0,0
1596033731.780152,455.3349034309387,100.0,0
1596033731.7901423,457.13314218521117,100.0,0
1596033731.8001416,458.9330117225647,100.0,0
1596033731.810135,460.73180837631224,100.0,0
1596033731.8201437,462.5333945274353,100.0,0
1596033731.830133,464.3314616203308,100.0,0
1596033731.840144,466.133434009552,100.0,0
1596033731.8501418,467.9330460548401,100.0,0
1596033731.8601458,469.73377389907836,100.0,0
1596033731.8701367,471.53214139938353,100.0,0
1596033731.8801508,473.3346716880798,100.0,0
1596033731.8901398,475.1326958656311,100.0,0
1596033731.900145,476.93363828659056,100.0,0
1596033731.9101388,478.7325207710266,100.0,0
1596033731.9201365,480.53208990097045,100.0,0
1596033731.9301422,482.3331181526184,100.0,0
1596033731.940151,484.13470430374144,100.0,0
1596033731.9501467,485.9339301109314,100.0,0
1596033731.960146,487.7337996482849,100.0,0
1596033731.9701338,489.531609249115,100.0,0
1596033731.980152,491.3348690986633,100.0,0
1596033731.9901457,493.13375158309935,100.0,0
1596033732.0001361,494.93203325271605,100.0,0
1596033732.0001361,0,100.0,0
1596033732.0101533,101.80308818817139,100.0,0
1596033732.020146,103.60175609588623,100.0,0
1596033732.030144,105.40141105651855,100.0,0
1596033732.040143,107.20123767852783,100.0,0
1596033732.0501435,109.00132179260254,100.0,0
1596033732.0601437,110.80136299133301,100.0,0
1596033732.070156,112.60359287261963,100.0,0
1596033732.0801566,114.40367698669434,100.0,0
1596033732.0901384,116.20041370391846,100.0,0
1596033732.100137,118.00015449523926,100.0,0
1596033732.1101556,119.80350017547607,100.0,0
1596033732.1201448,121.60156726837158,100.0,0
1596033732.130136,123.399977684021,100.0,0
1596033732.1401439,125.20139217376709,100.0,0
1596033732.1501503,127.00254917144775,100.0,0
1596033732.1601386,128.8004446029663,100.0,0
1596033732.1701496,130.6024169921875,100.0,0
1596033732.1801505,132.40258693695068,100.0,0
1596033732.1901531,134.20305728912354,100.0,0
1596033732.2001562,136.00361347198486,100.0,0
1596033732.2101426,137.8011655807495,100.0,0
1596033732.2201495,139.60240840911865,100.0,0
1596033732.2301517,141.40279293060303,100.0,0
1596033732.2401493,143.20236206054688,100.0,0
1596033732.2501416,145.00098705291748,100.0,0
1596033732.2601495,146.80240154266357,100.0,0
1596033732.2701375,148.6002540588379,100.0,0
1596033732.2801485,150.40222644805908,100.0,0
1596033732.2901495,152.20239639282227,100.0,0
1596033732.3001478,154.00209426879883,100.0,0
1596033732.3101473,155.80200672149658,100.0,0
1596033732.3201559,157.6035499572754,100.0,0
1596033732.3301415,159.40097332000732,100.0,0
1596033732.340145,161.20161533355713,100.0,0
1596033732.3501508,163.00264358520508,100.0,0
1596033732.3601382,164.80036735534668,100.0,0
1596033732.3701487,166.6022539138794,100.0,0
1596033732.380145,168.40160846710205,100.0,0
1596033732.3901365,170.2000617980957,100.0,0
1596033732.400146,172.00177669525146,100.0,0
1596033732.4101388,173.80048751831055,100.0,0
1596033732.4201443,175.60147285461426,100.0,0
1596033732.4301357,177.3999261856079,100.0,0
1596033732.4401526,179.20297145843506,100.0,0
1596033732.4501562,181.00361347198486,100.0,0
1596033732.460153,182.803053855896,100.0,0
1596033732.470157,184.60373878479004,100.0,0
1596033732.4801393,186.40056133270264,100.0,0
1596033732.4901493,188.20236206054688,100.0,0
1596033732.5001469,190.00193119049072,100.0,0
1596033732.510155,191.80338859558105,100.0,0
1596033732.5201528,193.60300064086914,100.0,0
1596033732.5301552,195.40342807769775,100.0,0
1596033732.5401363,197.20003604888916,100.0,0
1596033732.5501397,199.00063514709473,100.0,0
1596033732.5601394,200.80059051513672,100.0,0
1596033732.570152,202.60286331176758,100.0,0
1596033732.5801547,204.40333366394043,100.0,0
1596033732.5901499,206.2024736404419,100.0,0
1596033732.6001418,208.00101280212402,100.0,0
1596033732.6101487,209.80225563049316,100.0,0
1596033732.6201403,211.60075187683105,100.0,0
1596033732.6301427,213.40117931365967,100.0,0
1596033732.6401484,215.20220756530762,100.0,0
1596033732.65015,217.00250625610352,100.0,0
1596033732.660143,218.8012170791626,100.0,0
1596033732.6701472,220.60198783874512,100.0,0
1596033732.6801562,222.4036169052124,100.0,0
1596033732.690151,224.2026710510254,100.0,0
1596033732.7001376,226.00026607513428,100.0,0
1596033732.7101495,227.80241012573242,100.0,0
1596033732.7201474,229.6020221710205,100.0,0
1596033732.730143,231.40124797821045,100.0,0
1596033732.7401414,233.200945854187,100.0,0
1596033732.750157,235.00377655029297,100.0,0
1596033732.760153,236.80304527282715,100.0,0
1596033732.7701516,238.60278606414795,100.0,0
1596033732.7801504,240.402569770813,100.0,0
1596033732.7901413,242.20093727111816,100.0,0
1596033732.8001397,244.00063514709473,100.0,0
1596033732.8101382,245.80037593841553,100.0,0
1596033732.8201475,247.60204792022705,100.0,0
1596033732.830137,249.4001579284668,100.0,0
1596033732.8401384,251.20041370391846,100.0,0
1596033732.850149,253.00230026245117,100.0,0
1596033732.8601553,254.80345726013184,100.0,0
1596033732.8701367,256.6001081466675,100.0,0
1596033732.880136,258.399977684021,100.0,0
1596033732.8901527,260.2029800415039,100.0,0
1596033732.900143,262.00121879577637,100.0,0
1596033732.9101465,263.8018608093262,100.0,0
1596033732.920153,265.60301780700684,100.0,0
1596033732.9301515,267.40275859832764,100.0,0
1596033732.9401567,269.2037010192871,100.0,0
1596033732.950137,271.00013732910156,100.0,0
1596033732.960142,272.8010368347168,100.0,0
1596033732.97014,274.6006917953491,100.0,0
1596033732.980137,276.4001750946045,100.0,0
1596033732.9901402,278.2007312774658,100.0,0
1596033733.000156,280.0035619735718,100.0,0
1596033733.0101552,281.8034315109253,100.0,0
1596033733.0201516,283.60278606414795,100.0,0
1596033733.0301375,285.4002523422241,100.0,0
1596033733.040153,287.20304012298584,100.0,0
1596033733.0501468,289.0019226074219,100.0,0
1596033733.0601423,290.8011054992676,100.0,0
1596033733.070148,292.6021337509155,100.0,0
1596033733.0801544,294.4032907485962,100.0,0
1596033733.0901458,296.20174407958984,100.0,0
1596033733.1001482,298.00217151641846,100.0,0
1596033733.1101487,299.80225563049316,100.0,0
1596033733.1201515,301.60276889801025,100.0,0
1596033733.130136,303.399977684021,100.0,0
1596033733.1401405,305.20079135894775,100.0,0
1596033733.1501427,307.00117588043213,100.0,0
1596033733.1601427,308.80117416381836,100.0,0
1596033733.1701553,310.6034469604492,100.0,0
1596033733.1801457,312.4017286300659,100.0,0
1596033733.1901388,314.20048236846924,100.0,0
1596033733.2001386,316.00043773651123,100.0,0
1596033733.2101514,317.8027534484863,100.0,0
1596033733.2189622,319.388689994812,100.0,0
1596033733.2189622,347.8166069984436,100.0,0
1596033733.2201395,348.02852296829224,100.0,0
1596033733.229093,349.64016580581665,100.0,0
1596033733.229093,356.892049741745,100.0,0
1596033733.2301404,357.08057684898375,100.0,0
1596033733.2401514,358.88254923820494,100.0,0
1596033733.2463658,360,100.0,1
1596033733.2501516,360.6825904369354,100.0,0
1596033733.2601452,362.4814300060272,100.0,0
1596033733.2701445,364.2812995433807,100.0,0
1596033733.280146,366.0815553188324,100.0,0
1596033733.2901359,367.8797511577606,100.0,0
1596033733.3001494,369.6821956157684,100.0,0
1596033733.31014,371.4804772853851,100.0,0
1596033733.3201468,373.28172011375426,100.0,0
1596033733.33014,375.0805167675018,100.0,0
1596033733.3401408,376.88064379692076,100.0,0
1596033733.3501434,378.6811141490936,100.0,0
1596033733.3601506,380.482399892807,100.0,0
1596033733.3701434,382.2811107158661,100.0,0
1596033733.3801403,384.0805510997772,100.0,0
1596033733.3901393,385.8803777217865,100.0,0
1596033733.4001396,387.68041892051696,100.0,0
1596033733.4101536,389.48294920921325,100.0,0
1596033733.420155,391.2832049846649,100.0,0
1596033733.430151,393.0824737071991,100.0,0
1596033733.4401422,394.8808841228485,100.0,0
1596033733.450142,396.6808394908905,100.0,0
1596033733.460145,398.4813956737518,100.0,0
1596033733.4701474,400.28182311058043,100.0,0
1596033733.4801562,402.0834092617035,100.0,0
1596033733.4901533,403.88289256095885,100.0,0
1596033733.5001392,405.680358839035,100.0,0
1596033733.510135,407.47958464622496,100.0,0
1596033733.520156,409.28335947990416,100.0,0
1596033733.5301433,411.08108325004576,100.0,0
1596033733.54014,412.88048071861266,100.0,0
1596033733.5501559,414.68335433006285,100.0,0
1596033733.5601368,416.47991938591,100.0,0
1596033733.5701346,418.2795314311981,100.0,0
1596033733.5801382,420.0801734447479,100.0,0
1596033733.5901399,421.8804721355438,100.0,0
1596033733.6001515,423.6825732707977,100.0,0
1596033733.6101499,425.4822711467743,100.0,0
1596033733.620135,427.27960867881774,100.0,0
1596033733.6301389,429.0802936077118,100.0,0
1596033733.6401489,430.882094335556,100.0,0
1596033733.6501384,432.68020434379576,100.0,0
1596033733.6601503,434.4823483943939,100.0,0
1596033733.6701472,436.28178877830504,100.0,0
1596033733.6801434,438.08110041618346,100.0,0
1596033733.6901407,439.88062663078307,100.0,0
1596033733.7001538,441.6829852581024,100.0,0
1596033733.7101448,443.4813527584076,100.0,0
1596033733.7201405,445.2805785655975,100.0,0
1596033733.7301545,447.0831088542938,100.0,0
1596033733.7401383,448.88018889427184,100.0,0
1596033733.7501485,450.6820325374603,100.0,0
1596033733.7601554,452.48327536582946,100.0,0
1596033733.7701457,454.2815141201019,100.0,0
1596033733.7801356,456.07970995903014,100.0,0
1596033733.7901537,457.8829698085785,100.0,0
1596033733.8001492,459.6821527004242,100.0,0
1596033733.8101418,461.480820608139,100.0,0
1596033733.8201468,463.28172011375426,100.0,0
1596033733.8301525,465.0827483654022,100.0,0
1596033733.8401387,466.8802575588226,100.0,0
1596033733.8501477,468.6818866252899,100.0,0
1596033733.8601546,470.48312945365905,100.0,0
1596033733.8701468,472.2817115306854,100.0,0
1596033733.8801372,474.0799932003021,100.0,0
1596033733.8901515,475.88256640434264,100.0,0
1596033733.9001346,477.67951769828795,100.0,0
1596033733.9101508,479.4824342250824,100.0,0
1596033733.9201412,481.2807158946991,100.0,0
1596033733.9301522,483.0826882839203,100.0,0
1596033733.9401348,484.8795537471771,100.0,0
1596033733.9501545,486.6831140041351,100.0,0
1596033733.9601386,488.4802369594574,100.0,0
1596033733.9701424,490.28092188835143,100.0,0
1596033733.980136,492.0797614574432,100.0,0
1596033733.9901416,493.8807897090912,100.0,0
1596033734.0001435,495.6811313152313,100.0,0
1596033734.0001435,0,100.0,0
1596033734.0101597,101.80291652679443,100.0,0
1596033734.0201583,103.60265731811523,100.0,0
1596033734.0301533,105.40175437927246,100.0,0
1596033734.0401456,107.20037937164307,100.0,0
1596033734.050147,109.00063514709473,100.0,0
1596033734.0601578,110.80256462097168,100.0,0
1596033734.07016,112.60294914245605,100.0,0
1596033734.0801477,114.40075874328613,100.0,0
1596033734.090152,116.20152950286865,100.0,0
1596033734.1001642,118.00371646881104,100.0,0
1596033734.110147,119.80062484741211,100.0,0
1596033734.1201546,121.60199642181396,100.0,0
1596033734.1301587,123.40272426605225,100.0,0
1596033734.140155,125.2020788192749,100.0,0
1596033734.1501474,127.00070381164551,100.0,0
1596033734.1601446,128.80018711090088,100.0,0
1596033734.1701565,130.60233116149902,100.0,0
1596033734.1801453,132.40031242370605,100.0,0
1596033734.1901538,134.20185565948486,100.0,0
1596033734.2001593,136.00284099578857,100.0,0
1596033734.2101605,137.803053855896,100.0,0
1596033734.2201507,139.60129261016846,100.0,0
1596033734.2301595,141.4028787612915,100.0,0
1596033734.2401495,143.20107460021973,100.0,0
1596033734.2501462,145.00047206878662,100.0,0
1596033734.2601633,146.803560256958,100.0,0
1596033734.2701592,148.6028289794922,100.0,0
1596033734.2801578,150.402569770813,100.0,0
1596033734.2901497,152.20110893249512,100.0,0
1596033734.3001454,154.00033473968506,100.0,0
1596033734.3101466,155.80054759979248,100.0,0
1596033734.3201504,157.60123252868652,100.0,0
1596033734.3301513,159.4014024734497,100.0,0
1596033734.340156,161.2022590637207,100.0,0
1596033734.3501503,163.00122737884521,100.0,0
1596033734.360145,164.8002815246582,100.0,0
1596033734.3701599,166.6029405593872,100.0,0
1596033734.3801496,168.4010934829712,100.0,0
1596033734.3901606,170.20306587219238,100.0,0
1596033734.4001513,172.00139045715332,100.0,0
1596033734.4101539,173.80186080932617,100.0,0
1596033734.4201496,175.6010866165161,100.0,0
1596033734.4301643,177.40374565124512,100.0,0
1596033734.4401445,179.20018196105957,100.0,0
1596033734.450162,181.0033130645752,100.0,0
1596033734.460154,182.80189514160156,100.0,0
1596033734.4701533,184.60176467895508,100.0,0
1596033734.4801474,186.40069007873535,100.0,0
1596033734.4901555,188.20214748382568,100.0,0
1596033734.500161,190.0031328201294,100.0,0
1596033734.510151,191.80132865905762,100.0,0
1596033734.5201476,193.6007261276245,100.0,0
1596033734.5301552,195.40209770202637,100.0,0
1596033734.5401638,197.20364093780518,100.0,0
1596033734.5501456,199.0003776550293,100.0,0
1596033734.5601435,200.79998970031738,100.0,0
1596033734.5701523,202.60157585144043,100.0,0
1596033734.580163,204.40350532531738,100.0,0
1596033734.5901623,206.2033748626709,100.0,0
1596033734.6001456,208.00036907196045,100.0,0
1596033734.610162,209.80332851409912,100.0,0
1596033734.6201503,211.60122394561768,100.0,0
1596033734.6301532,213.40173721313477,100.0,0
1596033734.6401606,215.20306587219238,100.0,0
1596033734.650165,217.00387954711914,100.0,0
1596033734.6601517,218.80147457122803,100.0,0
1596033734.6701488,220.6009578704834,100.0,0
1596033734.6801567,222.4023723602295,100.0,0
1596033734.6901577,224.20254230499268,100.0,0
1596033734.7001543,226.00193977355957,100.0,0
1596033734.7101572,227.80245304107666,100.0,0
1596033734.720148,229.60082054138184,100.0,0
1596033734.7301555,231.40214920043945,100.0,0
1596033734.7401454,233.20034503936768,100.0,0
1596033734.7501621,235.0033473968506,100.0,0
1596033734.7601573,236.80248737335205,100.0,0
1596033734.7701485,238.60089778900146,100.0,0
1596033734.7801604,240.4030418395996,100.0,0
1596033734.7901435,242.19999313354492,100.0,0
1596033734.8001568,244.0023946762085,100.0,0
1596033734.8101523,245.8015775680542,100.0,0
1596033734.820153,247.60170459747314,100.0,0
1596033734.8301642,249.40371990203857,100.0,0
1596033734.840151,251.2013578414917,100.0,0
1596033734.850153,253.00169944763184,100.0,0
1596033734.8601527,254.80165481567383,100.0,0
1596033734.8701506,256.6012668609619,100.0,0
1596033734.880162,258.4033250808716,100.0,0
1596033734.89016,260.2029800415039,100.0,0
1596033734.9001434,261.99997425079346,100.0,0
1596033734.9101524,263.80160331726074,100.0,0
1596033734.9201636,265.6036186218262,100.0,0
1596033734.9301634,267.40357398986816,100.0,0
1596033734.940159,269.2027997970581,100.0,0
1596033734.9501607,271.003098487854,100.0,0
1596033734.9601529,272.80168056488037,100.0,0
1596033734.9701514,274.6014213562012,100.0,0
1596033734.9801598,276.40292167663574,100.0,0
1596033734.9901514,278.20141792297363,100.0,0
1596033735.000147,280.0006437301636,100.0,0
1596033735.0101473,281.80068492889404,100.0,0
1596033735.0201547,283.60201358795166,100.0,0
1596033735.0301497,285.4011106491089,100.0,0
1596033735.0401487,287.20093727111816,100.0,0
1596033735.0501454,289.00033473968506,100.0,0
1596033735.0601485,290.8008909225464,100.0,0
1596033735.0701594,292.6028633117676,100.0,0
1596033735.0801475,294.4007158279419,100.0,0
1596033735.090151,296.2013578414917,100.0,0
1596033735.1001587,298.00272941589355,100.0,0
1596033735.1101465,299.80053901672363,100.0,0
1596033735.1201434,301.59997940063477,100.0,0
1596033735.130144,303.4000635147095,100.0,0
1596033735.140161,305.20315170288086,100.0,0
1596033735.1501615,307.00323581695557,100.0,0
1596033735.1601455,308.80035877227783,100.0,0
1596033735.1701424,310.59979915618896,100.0,0
1596033735.1801424,312.3997974395752,100.0,0
1596033735.1901567,314.2023706436157,100.0,0
1596033735.200162,316.0033130645752,100.0,0
1596033735.210164,317.80369758605957,100.0,0
1596033735.2191842,319.42731380462646,100.0,0
1596033735.2191842,347.82819414138794,100.0,0
1596033735.2201452,348.00118589401245,100.0,0
1596033735.2280743,349.42842149734497,100.0,0
1596033735.2280743,356.8285264492035,100.0,0
1596033735.230159,357.203778219223,100.0,0
1596033735.2401586,359.00369067192076,100.0,0
1596033735.2456956,360,100.0,1
1596033735.2501512,360.8023585796356,100.0,0
1596033735.260154,362.6028718471527,100.0,0
1596033735.270164,364.40467257499694,100.0,0
1596033735.280155,366.2030400753021,100.0,0
1596033735.2901466,368.00153632164,100.0,0
1596033735.3001518,369.8024787425995,100.0,0
1596033735.3101616,371.6042365550995,100.0,0
1596033735.3201542,373.4029044628143,100.0,0
1596033735.3301587,375.2037181377411,100.0,0
1596033735.3401587,377.0037164211273,100.0,0
1596033735.3501525,378.80259890556334,100.0,0
1596033735.360147,380.6016101360321,100.0,0
1596033735.3701468,382.4015655040741,100.0,0
1596033735.3801634,384.204567861557,100.0,0
1596033735.3901446,386.0011758327484,100.0,0
1596033735.4001484,387.80186076164244,100.0,0
1596033735.4101489,389.60194487571715,100.0,0
1596033735.420149,391.4019860744476,100.0,0
1596033735.4301426,393.2008256435394,100.0,0
1596033735.4401567,395.0033559322357,100.0,0
1596033735.4501586,396.80369753837584,100.0,0
1596033735.4601421,398.60073466300963,100.0,0
1596033735.4701607,400.40408034324645,100.0,0
1596033735.4801524,402.20257658958434,100.0,0
1596033735.490162,404.0042914867401,100.0,0
1596033735.5001497,405.8021010875702,100.0,0
1596033735.5101478,407.6017560482025,100.0,0
1596033735.5201426,409.4008101940155,100.0,0
1596033735.5301497,411.20209593772887,100.0,0
1596033735.5401585,413.0036820888519,100.0,0
1596033735.5501544,414.8029508113861,100.0,0
1596033735.5601625,416.60440821647643,100.0,0
1596033735.5701504,418.4022178173065,100.0,0
1596033735.5801423,420.20075697898864,100.0,0
1596033735.5901632,422.00453181266784,100.0,0
1596033735.6001556,423.80315680503844,100.0,0
1596033735.6101599,425.60392756462096,100.0,0
1596033735.6201577,427.40353960990905,100.0,0
1596033735.6301622,429.2043532848358,100.0,0
1596033735.6401477,431.0017337322235,100.0,0
1596033735.6501486,432.8019036769867,100.0,0
1596033735.660146,434.6014298915863,100.0,0
1596033735.6701627,436.4044322490692,100.0,0
1596033735.680162,438.2043017864227,100.0,0
1596033735.6901433,440.00095267295836,100.0,0
1596033735.7001607,441.804083776474,100.0,0
1596033735.7101548,443.60300917625426,100.0,0
1596033735.7201457,445.40137667655944,100.0,0
1596033735.730159,447.203778219223,100.0,0
1596033735.7401466,449.00154490470885,100.0,0
1596033735.7501547,450.8030023097992,100.0,0
1596033735.7601583,452.603644323349,100.0,0
1596033735.77015,454.4021405696869,100.0,0
1596033735.7801511,456.2023534297943,100.0,0
1596033735.7901578,458.0035533428192,100.0,0
1596033735.8001623,459.80436701774596,100.0,0
1596033735.8101614,461.60419363975524,100.0,0
1596033735.8201616,463.4042348384857,100.0,0
1596033735.830155,465.20303149223326,100.0,0
1596033735.8401573,467.0034589290619,100.0,0
1596033735.8501601,468.80397219657897,100.0,0
1596033735.8601487,470.60191054344176,100.0,0
1596033735.8701558,472.40319628715514,100.0,0
1596033735.8801594,474.20383830070494,100.0,0
1596033735.8901625,476.0043944835663,100.0,0
1596033735.9001436,477.8010024547577,100.0,0
1596033735.9101424,479.6007861614227,100.0,0
1596033735.9201503,481.4022006511688,100.0,0
1596033735.930158,483.20357222557067,100.0,0
1596033735.9401505,485.0022401332855,100.0,0
1596033735.9501512,486.80236716270446,100.0,0
1596033735.9601524,488.6025800228119,100.0,0
1596033735.970151,490.4023208141327,100.0,0
1596033735.9801621,492.2043361186981,100.0,0
1596033735.9901605,494.00403399467467,100.0,0
1596033736.0001483,495.80184359550475,100.0,0
1596033736.0001483,0,100.0,0
1596033736.0101607,101.80222988128662,100.0,0
1596033736.0201662,103.60321521759033,100.0,0
1596033736.0301588,105.40188312530518,100.0,0
1596033736.0401564,107.20145225524902,100.0,0
1596033736.050149,109.00012016296387,100.0,0
1596033736.060167,110.8033800125122,100.0,0
1596033736.070161,112.60230541229248,100.0,0
1596033736.0801494,114.40020084381104,100.0,0
1596033736.0901632,116.20268821716309,100.0,0
1596033736.1001623,118.00251483917236,100.0,0
1596033736.110167,119.80337142944336,100.0,0
1596033736.1201532,121.60088062286377,100.0,0
1596033736.1301534,123.40092182159424,100.0,0
1596033736.14015,125.20031929016113,100.0,0
1596033736.1501534,127.0009183883667,100.0,0
1596033736.1601493,128.80018711090088,100.0,0
1596033736.170158,130.6017303466797,100.0,0
1596033736.1801617,132.40241527557373,100.0,0
1596033736.1901608,134.202241897583,100.0,0
1596033736.2001653,136.00305557250977,100.0,0
1596033736.2101653,137.803053855896,100.0,0
1596033736.2201626,139.6025800704956,100.0,0
1596033736.2301683,141.40360832214355,100.0,0
1596033736.2401543,143.20107460021973,100.0,0
1596033736.2501678,145.00351905822754,100.0,0
1596033736.2601535,146.80094242095947,100.0,0
1596033736.27015,148.60029697418213,100.0,0
1596033736.2801542,150.40106773376465,100.0,0
1596033736.2901506,152.2004222869873,100.0,0
1596033736.3001678,154.0035104751587,100.0,0
1596033736.310169,155.8037233352661,100.0,0
1596033736.3201525,157.6007604598999,100.0,0
1596033736.3301673,159.4034194946289,100.0,0
1596033736.3401575,161.20165824890137,100.0,0
1596033736.350152,163.00066947937012,100.0,0
1596033736.3601646,164.80294227600098,100.0,0
1596033736.3701692,166.60375595092773,100.0,0
1596033736.3801508,168.40044975280762,100.0,0
1596033736.390155,170.20122051239014,100.0,0
1596033736.4001596,172.0020341873169,100.0,0
1596033736.4101663,173.8032341003418,100.0,0
1596033736.4201698,175.6038761138916,100.0,0
1596033736.4301555,177.40129947662354,100.0,0
1596033736.4401681,179.2035722732544,100.0,0
1596033736.450148,180.9999656677246,100.0,0
1596033736.4601486,182.80004978179932,100.0,0
1596033736.4701588,184.6018934249878,100.0,0
1596033736.4801495,186.40021800994873,100.0,0
1596033736.4901493,188.20017337799072,100.0,0
1596033736.5001547,190.00115871429443,100.0,0
1596033736.5101686,191.80364608764648,100.0,0
1596033736.5201635,193.6027431488037,100.0,0
1596033736.5301652,195.4030418395996,100.0,0
1596033736.5401652,197.20304012298584,100.0,0
1596033736.550156,199.00140762329102,100.0,0
1596033736.5601609,200.802264213562,100.0,0
1596033736.5701556,202.601318359375,100.0,0
1596033736.5801675,204.40346240997314,100.0,0
1596033736.5901508,206.2004566192627,100.0,0
1596033736.6001494,208.0001974105835,100.0,0
1596033736.6101604,209.8021697998047,100.0,0
1596033736.6201615,211.6023826599121,100.0,0
1596033736.6301494,213.4001922607422,100.0,0
1596033736.6401498,215.2002763748169,100.0,0
1596033736.6501563,217.00143337249756,100.0,0
1596033736.66015,218.8003158569336,100.0,0
1596033736.6701639,220.60280323028564,100.0,0
1596033736.6801488,222.40009784698486,100.0,0
1596033736.690154,224.20104026794434,100.0,0
1596033736.7001617,226.0024118423462,100.0,0
1596033736.7101626,227.80258178710938,100.0,0
1596033736.720166,229.60318088531494,100.0,0
1596033736.730152,231.4006471633911,100.0,0
1596033736.7401557,233.20133209228516,100.0,0
1596033736.7501593,235.00197410583496,100.0,0
1596033736.7601628,236.80261611938477,100.0,0
1596033736.7701514,238.60055446624756,100.0,0
1596033736.780166,240.40317058563232,100.0,0
1596033736.7901664,242.20325469970703,100.0,0
1596033736.800151,244.000506401062,100.0,0
1596033736.8101566,245.80149173736572,100.0,0
1596033736.8201597,247.60204792022705,100.0,0
1596033736.830154,249.40101623535156,100.0,0
1596033736.8401654,251.20307445526123,100.0,0
1596033736.85015,253.0003261566162,100.0,0
1596033736.8601642,254.8028564453125,100.0,0
1596033736.8701527,256.6007947921753,100.0,0
1596033736.8801572,258.40160846710205,100.0,0
1596033736.8901637,260.2027654647827,100.0,0
1596033736.9001648,262.00297832489014,100.0,0
1596033736.9101577,263.8016891479492,100.0,0
1596033736.9201543,265.6010866165161,100.0,0
1596033736.9301631,267.40267276763916,100.0,0
1596033736.9401648,269.20297145843506,100.0,0
1596033736.9501646,271.00292682647705,100.0,0
1596033736.9601617,272.8024101257324,100.0,0
1596033736.970148,274.59996223449707,100.0,0
1596033736.9801576,276.40167713165283,100.0,0
1596033736.9901595,278.20201873779297,100.0,0
1596033737.0001667,280.00330448150635,100.0,0
1596033737.0101495,281.8002128601074,100.0,0
1596033737.0201535,283.6009407043457,100.0,0
1596033737.0301473,285.39982318878174,100.0,0
1596033737.0401583,287.20179557800293,100.0,0
1596033737.0501602,289.00213718414307,100.0,0
1596033737.0601594,290.8020067214966,100.0,0
1596033737.0701575,292.6016616821289,100.0,0
1596033737.0801492,294.4001579284668,100.0,0
1596033737.090168,296.20354652404785,100.0,0
1596033737.1001642,298.00285816192627,100.0,0
1596033737.1101496,299.80023860931396,100.0,0
1596033737.1201477,301.5998935699463,100.0,0
1596033737.1301572,303.40160846710205,100.0,0
1596033737.1401482,305.1999759674072,100.0,0
1596033737.150153,307.0008325576782,100.0,0
1596033737.1601553,308.80125999450684,100.0,0
1596033737.170167,310.60336112976074,100.0,0
1596033737.1801596,312.4020290374756,100.0,0
1596033737.190162,314.2024564743042,100.0,0
1596033737.2001505,316.000394821167,100.0,0
1596033737.2101614,317.8023672103882,100.0,0
1596033737.219424,319.4696283340454,100.0,0
1596033737.219424,347.8408885002136,100.0,0
1596033737.2201486,347.97130823135376,100.0,0
1596033737.2270548,349.21443700790405,100.0,0
1596033737.2270548,356.7643311023712,100.0,0
1596033737.2301605,357.32334637641907,100.0,0
1596033737.240153,359.1220142841339,100.0,0
1596033737.245036,360,100.0,1
1596033737.2501671,360.9245445728302,100.0,0
1596033737.2601554,362.72244000434875,100.0,0
1596033737.2701602,364.52329659461975,100.0,0
1596033737.2801561,366.32256531715393,100.0,0
1596033737.2901623,368.12367939949036,100.0,0
1596033737.3001554,369.9224331378937,100.0,0
1596033737.3101492,371.7213156223297,100.0,0
1596033737.3201652,373.5241892337799,100.0,0
1596033737.3301604,375.3233292102814,100.0,0
1596033737.3401654,377.1242287158966,100.0,0
1596033737.3501637,378.92392659187317,100.0,0
1596033737.3601575,380.7228090763092,100.0,0
1596033737.3701665,382.5244381427765,100.0,0
1596033737.380169,384.3248655796051,100.0,0
1596033737.3901582,386.1229326725006,100.0,0
1596033737.4001539,387.92215847969055,100.0,0
1596033737.410156,389.7225430011749,100.0,0
1596033737.4201572,391.52275586128235,100.0,0
1596033737.4301617,393.3235695362091,100.0,0
1596033737.440155,395.12236618995667,100.0,0
1596033737.450149,396.92129158973694,100.0,0
1596033737.4601533,398.72206234931946,100.0,0
1596033737.470168,400.52472138404846,100.0,0
1596033737.4801636,402.32390427589417,100.0,0
1596033737.4901485,404.1211988925934,100.0,0
1596033737.5001612,405.92347168922424,100.0,0
1596033737.510147,407.7209379673004,100.0,0
1596033737.5201511,409.5216658115387,100.0,0
1596033737.5301502,411.321492433548,100.0,0
1596033737.540157,413.1227352619171,100.0,0
1596033737.5501554,414.9224331378937,100.0,0
1596033737.5601647,416.7241051197052,100.0,0
1596033737.5701666,418.52444672584534,100.0,0
1596033737.5801492,420.3213121891022,100.0,0
1596033737.5901587,422.12302708625793,100.0,0
1596033737.6001623,423.92366909980774,100.0,0
1596033737.6101506,425.7215645313263,100.0,0
1596033737.6201594,427.52315068244934,100.0,0
1596033737.6301486,429.32121777534485,100.0,0
1596033737.6401494,431.1213448047638,100.0,0
1596033737.6501565,432.9226305484772,100.0,0
1596033737.6601603,434.7233154773712,100.0,0
1596033737.6701658,436.5243008136749,100.0,0
1596033737.6801603,438.3233120441437,100.0,0
1596033737.6901636,440.12391114234924,100.0,0
1596033737.7001524,441.9218924045563,100.0,0
1596033737.7101586,443.7230064868927,100.0,0
1596033737.7201657,445.5242922306061,100.0,0
1596033737.7301605,447.32334637641907,100.0,0
1596033737.7401552,449.12240052223206,100.0,0
1596033737.7501535,450.9220983982086,100.0,0
1596033737.7601633,452.7238562107086,100.0,0
1596033737.7701528,454.52196621894836,100.0,0
1596033737.7801683,456.3247539997101,100.0,0
1596033737.7901473,458.12097573280334,100.0,0
1596033737.8001628,459.92376351356506,100.0,0
1596033737.8101666,461.7244484424591,100.0,0
1596033737.8201497,463.5213997364044,100.0,0
1596033737.8301616,465.32354378700256,100.0,0
1596033737.8401644,467.12405705451965,100.0,0
1596033737.8501506,468.92156624794006,100.0,0
1596033737.860162,470.72362446784973,100.0,0
1596033737.8701565,472.5226356983185,100.0,0
1596033737.880153,474.32199025154114,100.0,0
1596033737.8901687,476.1248209476471,100.0,0
1596033737.900148,477.9210855960846,100.0,0
1596033737.9101548,479.72232842445374,100.0,0
1596033737.9201672,481.52455830574036,100.0,0
1596033737.9301553,483.3224108219147,100.0,0
1596033737.940158,485.1228811740875,100.0,0
1596033737.950159,486.92309403419495,100.0,0
1596033737.9601483,488.72116112709045,100.0,0
1596033737.9701562,490.52257561683655,100.0,0
1596033737.9801483,492.3211576938629,100.0,0
1596033737.990152,494.1217997074127,100.0,0
1596033738.0001526,495.92192673683167,100.0,0
1596033738.0001526,0,100.0,0
1596033738.0101738,101.80381774902344,100.0,0
1596033738.020157,103.60081195831299,100.0,0
1596033738.0301664,105.40248394012451,100.0,0
1596033738.0401685,107.20286846160889,100.0,0
1596033738.0501628,109.0018367767334,100.0,0
1596033738.0601716,110.80342292785645,100.0,0
1596033738.0701594,112.60123252868652,100.0,0
1596033738.0801613,114.40157413482666,100.0,0
1596033738.0901704,116.20320320129395,100.0,0
1596033738.1001527,118.00002574920654,100.0,0
1596033738.1101549,119.80041027069092,100.0,0
1596033738.1201692,121.60298347473145,100.0,0
1596033738.1301732,123.40371131896973,100.0,0
1596033738.1401737,125.20379543304443,100.0,0
1596033738.1501586,127.00109004974365,100.0,0
1596033738.1601598,128.80130290985107,100.0,0
1596033738.170165,130.60224533081055,100.0,0
1596033738.1801605,132.40142822265625,100.0,0
1596033738.1901705,134.2032289505005,100.0,0
1596033738.2001612,136.00155353546143,100.0,0
1596033738.2101712,137.80335426330566,100.0,0
1596033738.2201643,139.60210800170898,100.0,0
1596033738.230169,141.40296459197998,100.0,0
1596033738.2401726,143.20360660552979,100.0,0
1596033738.2501564,145.0006866455078,100.0,0
1596033738.260164,146.80205821990967,100.0,0
1596033738.2701669,148.60257148742676,100.0,0
1596033738.2801616,150.40162563323975,100.0,0
1596033738.290153,152.2000789642334,100.0,0
1596033738.3001523,153.9999485015869,100.0,0
1596033738.3101583,155.8010196685791,100.0,0
1596033738.3201585,157.60106086730957,100.0,0
1596033738.3301592,159.40118789672852,100.0,0
1596033738.3401678,161.20273113250732,100.0,0
1596033738.3501647,163.00217151641846,100.0,0
1596033738.360172,164.80350017547607,100.0,0
1596033738.370166,166.60242557525635,100.0,0
1596033738.3801525,168.399977684021,100.0,0
1596033738.3901575,170.20087718963623,100.0,0
1596033738.4001584,172.0010471343994,100.0,0
1596033738.4101737,173.8037919998169,100.0,0
1596033738.4201658,175.60237407684326,100.0,0
1596033738.4301643,177.40211486816406,100.0,0
1596033738.4401643,179.2021131515503,100.0,0
1596033738.4501722,181.0035276412964,100.0,0
1596033738.4601681,182.80279636383057,100.0,0
1596033738.4701536,184.60017681121826,100.0,0
1596033738.4801676,186.40270709991455,100.0,0
1596033738.4901521,188.1999158859253,100.0,0
1596033738.50016,190.0013303756714,100.0,0
1596033738.510152,191.79991245269775,100.0,0
1596033738.520154,193.6002540588379,100.0,0
1596033738.530172,195.40351390838623,100.0,0
1596033738.5401688,197.20291137695312,100.0,0
1596033738.5501735,199.00376796722412,100.0,0
1596033738.5601628,200.80183506011963,100.0,0
1596033738.5701678,202.60273456573486,100.0,0
1596033738.5801659,204.4023895263672,100.0,0
1596033738.590156,206.20062828063965,100.0,0
1596033738.6001694,208.00302982330322,100.0,0
1596033738.610153,209.800066947937,100.0,0
1596033738.6201656,211.60233974456787,100.0,0
1596033738.6301713,213.40336799621582,100.0,0
1596033738.6401532,215.20010471343994,100.0,0
1596033738.6501675,217.00267791748047,100.0,0
1596033738.6601603,218.80138874053955,100.0,0
1596033738.6701665,220.60250282287598,100.0,0
1596033738.6801698,222.40310192108154,100.0,0
1596033738.6901603,224.20138359069824,100.0,0
1596033738.700174,226.0038709640503,100.0,0
1596033738.7101736,227.80378341674805,100.0,0
1596033738.720163,229.6018934249878,100.0,0
1596033738.730155,231.40043258666992,100.0,0
1596033738.7401652,233.2022762298584,100.0,0
1596033738.7501643,235.00210285186768,100.0,0
1596033738.760159,236.80115699768066,100.0,0
1596033738.770163,238.60188484191895,100.0,0
1596033738.7801588,240.4011106491089,100.0,0
1596033738.7901723,242.2035551071167,100.0,0
1596033738.8001683,244.00282382965088,100.0,0
1596033738.8101573,245.80084800720215,100.0,0
1596033738.820154,247.60024547576904,100.0,0
1596033738.8301694,249.40303325653076,100.0,0
1596033738.8401666,251.20251655578613,100.0,0
1596033738.8501537,253.0001974105835,100.0,0
1596033738.8601654,254.8022985458374,100.0,0
1596033738.870154,256.6002368927002,100.0,0
1596033738.8801703,258.40319633483887,100.0,0
1596033738.8901725,260.20358085632324,100.0,0
1596033738.9001546,262.0003604888916,100.0,0
1596033738.9101672,263.80263328552246,100.0,0
1596033738.920172,265.60348987579346,100.0,0
1596033738.9301581,267.40099906921387,100.0,0
1596033738.9401581,269.2009973526001,100.0,0
1596033738.9501648,271.002197265625,100.0,0
1596033738.9601524,272.79996395111084,100.0,0
1596033738.9701533,274.600133895874,100.0,0
1596033738.9801674,276.4026641845703,100.0,0
1596033738.990152,278.19987297058105,100.0,0
1596033739.000152,279.9999141693115,100.0,0
1596033739.0101683,281.80283069610596,100.0,0
1596033739.0201693,283.60300064086914,100.0,0
1596033739.0301714,285.4033851623535,100.0,0
1596033739.0401661,287.2024393081665,100.0,0
1596033739.0501633,289.0019226074219,100.0,0
1596033739.060168,290.80277919769287,100.0,0
1596033739.0701668,292.6025629043579,100.0,0
1596033739.080153,294.4000720977783,100.0,0
1596033739.0901701,296.2031602859497,100.0,0
1596033739.100172,298.00350189208984,100.0,0
1596033739.1101727,299.8036289215088,100.0,0
1596033739.1201634,301.6019535064697,100.0,0
1596033739.1301584,303.40105056762695,100.0,0
1596033739.1401634,305.2019500732422,100.0,0
1596033739.1501572,307.0008325576782,100.0,0
1596033739.1601708,308.80327701568604,100.0,0
1596033739.170152,310.59988498687744,100.0,0
1596033739.1801538,312.4002265930176,100.0,0
1596033739.1901715,314.20340061187744,100.0,0
1596033739.20017,316.00314140319824,100.0,0
1596033739.2101636,317.80198097229004,100.0,0
1596033739.2184057,319.2855644226074,100.0,0
1596033739.2184057,347.7856693267822,100.0,0
1596033739.2201588,348.1012258529663,100.0,0
1596033739.2260194,349.1561279296875,100.0,0
1596033739.2260194,356.74683837890626,100.0,0
1596033739.2301533,357.4909475326538,100.0,0
1596033739.24016,359.2921474456787,100.0,0
1596033739.2441046,360,100.0,1
1596033739.2501726,361.0944202423096,100.0,0
1596033739.260161,362.89231567382814,100.0,0
1596033739.270169,364.69377307891847,100.0,0
1596033739.2801647,366.4929988861084,100.0,0
1596033739.2901707,368.2940700531006,100.0,0
1596033739.30017,370.0939395904541,100.0,0
1596033739.3101559,371.8914058685303,100.0,0
1596033739.3201616,373.69243412017823,100.0,0
1596033739.3301668,375.4933765411377,100.0,0
1596033739.3401687,377.29371814727784,100.0,0
1596033739.3501527,379.0908411026001,100.0,0
1596033739.3601656,380.8931568145752,100.0,0
1596033739.3701584,382.6918676376343,100.0,0
1596033739.3801641,384.49289588928224,100.0,0
1596033739.3901656,386.2931516647339,100.0,0
1596033739.400154,388.0910900115967,100.0,0
1596033739.410158,389.89177494049073,100.0,0
1596033739.420153,391.69087200164796,100.0,0
1596033739.4301634,393.4927585601807,100.0,0
1596033739.44017,395.2939584732056,100.0,0
1596033739.4501514,397.0906093597412,100.0,0
1596033739.4601727,398.89442710876466,100.0,0
1596033739.4701514,400.6906059265137,100.0,0
1596033739.480161,402.49232082366944,100.0,0
1596033739.4901547,404.2912033081055,100.0,0
1596033739.5001612,406.09236030578614,100.0,0
1596033739.510152,407.8907278060913,100.0,0
1596033739.5201607,409.69227104187013,100.0,0
1596033739.5301538,411.49102478027345,100.0,0
1596033739.5401657,413.2931688308716,100.0,0
1596033739.5501523,415.0907638549805,100.0,0
1596033739.560167,416.8934228897095,100.0,0
1596033739.5701647,418.69299201965333,100.0,0
1596033739.5801547,420.49118785858155,100.0,0
1596033739.5901666,422.2933319091797,100.0,0
1596033739.6001592,424.09199981689454,100.0,0
1596033739.6101716,425.89422969818116,100.0,0
1596033739.620167,427.69341259002687,100.0,0
1596033739.6301634,429.4927671432495,100.0,0
1596033739.6401727,431.29443912506105,100.0,0
1596033739.6501706,433.09405117034913,100.0,0
1596033739.660173,434.89447860717775,100.0,0
1596033739.6701534,436.69095783233644,100.0,0
1596033739.6801705,438.4940460205078,100.0,0
1596033739.6901724,440.29438762664796,100.0,0
1596033739.7001657,442.0931842803955,100.0,0
1596033739.7101681,443.89361171722413,100.0,0
1596033739.7201684,445.6936529159546,100.0,0
1596033739.7301612,447.4923637390137,100.0,0
1596033739.7401547,449.2912033081055,100.0,0
1596033739.7501516,451.0906436920166,100.0,0
1596033739.7601635,452.89278774261476,100.0,0
1596033739.7701519,454.6906831741333,100.0,0
1596033739.7801564,456.49149684906007,100.0,0
1596033739.790164,458.2928684234619,100.0,0
1596033739.800159,460.09196548461915,100.0,0
1596033739.8101594,461.89204959869386,100.0,0
1596033739.820152,463.6907175064087,100.0,0
1596033739.8301668,465.4933765411377,100.0,0
1596033739.8401663,467.29328899383546,100.0,0
1596033739.8501692,469.09380226135255,100.0,0
1596033739.8601642,470.8928993225098,100.0,0
1596033739.870159,472.69195346832277,100.0,0
1596033739.880152,474.4907072067261,100.0,0
1596033739.8901563,476.2914779663086,100.0,0
1596033739.9001553,478.0913045883179,100.0,0
1596033739.9101696,479.8938777923584,100.0,0
1596033739.9201617,481.6924598693848,100.0,0
1596033739.9301715,483.4942176818848,100.0,0
1596033739.9401524,485.29078273773194,100.0,0
1596033739.9501717,487.0942571640015,100.0,0
1596033739.9601684,488.89365463256837,100.0,0
1596033739.970165,490.69305210113527,100.0,0
1596033739.9801602,492.49219207763673,100.0,0
1596033739.9901552,494.29128913879396,100.0,0
1596033740.0001585,496.0918882369995,100.0,0
1596033740.0001585,0,100.0,0
1596033740.0101702,101.8021011352539,100.0,0
1596033740.0201643,103.60102653503418,100.0,0
1596033740.0301626,105.40072441101074,100.0,0
1596033740.0401719,107.20239639282227,100.0,0
1596033740.05017,109.00205135345459,100.0,0
1596033740.0601714,110.80230712890625,100.0,0
1596033740.0701685,112.60179042816162,100.0,0
1596033740.0801752,114.40299034118652,100.0,0
1596033740.0901666,116.20144367218018,100.0,0
1596033740.1001723,118.00247192382812,100.0,0
1596033740.1101673,119.80156898498535,100.0,0
1596033740.1201646,121.60109519958496,100.0,0
1596033740.1301775,123.40341091156006,100.0,0
1596033740.140173,125.20259380340576,100.0,0
1596033740.1501725,127.00250625610352,100.0,0
1596033740.1601722,128.8024616241455,100.0,0
1596033740.1701655,130.60125827789307,100.0,0
1596033740.1801603,132.40031242370605,100.0,0
1596033740.1901696,134.20198440551758,100.0,0
1596033740.2001636,136.00090980529785,100.0,0
1596033740.2101703,137.80210971832275,100.0,0
1596033740.2201784,139.6035671234131,100.0,0
1596033740.2301679,141.40167713165283,100.0,0
1596033740.2401638,143.200945854187,100.0,0
1596033740.2501738,145.00274658203125,100.0,0
1596033740.260177,146.80330276489258,100.0,0
1596033740.27017,148.6020565032959,100.0,0
1596033740.2801702,150.40209770202637,100.0,0
1596033740.290163,152.20080852508545,100.0,0
1596033740.3001797,154.00381088256836,100.0,0
1596033740.3101618,155.80059051513672,100.0,0
1596033740.3201764,157.60320663452148,100.0,0
1596033740.330166,159.40135955810547,100.0,0
1596033740.3401635,161.20088577270508,100.0,0
1596033740.3501594,163.00015449523926,100.0,0
1596033740.3601623,164.80066776275635,100.0,0
1596033740.3701785,166.60358428955078,100.0,0
1596033740.380167,168.40152263641357,100.0,0
1596033740.3901637,170.20092010498047,100.0,0
1596033740.4001713,172.00229167938232,100.0,0
1596033740.4101725,173.80250453948975,100.0,0
1596033740.4201684,175.60177326202393,100.0,0
1596033740.430173,177.40258693695068,100.0,0
1596033740.44018,179.20387268066406,100.0,0
1596033740.4501796,181.00378513336182,100.0,0
1596033740.4601662,182.8013801574707,100.0,0
1596033740.4701643,184.60103511810303,100.0,0
1596033740.4801588,186.40004634857178,100.0,0
1596033740.4901662,188.2013750076294,100.0,0
1596033740.5001702,190.00210285186768,100.0,0
1596033740.510164,191.8009853363037,100.0,0
1596033740.520174,193.60278606414795,100.0,0
1596033740.530164,195.40098190307617,100.0,0
1596033740.5401723,197.20248222351074,100.0,0
1596033740.5501595,199.0001630783081,100.0,0
1596033740.5601747,200.8029079437256,100.0,0
1596033740.5701783,202.6035499572754,100.0,0
1596033740.5801697,204.40200328826904,100.0,0
1596033740.590162,206.20062828063965,100.0,0
1596033740.6001663,208.00139904022217,100.0,0
1596033740.6101701,209.8020839691162,100.0,0
1596033740.620179,211.60367012023926,100.0,0
1596033740.6301696,213.4019947052002,100.0,0
1596033740.6401727,215.20255088806152,100.0,0
1596033740.6501667,217.0014762878418,100.0,0
1596033740.660179,218.80366325378418,100.0,0
1596033740.6701593,220.60014247894287,100.0,0
1596033740.6801708,222.40220069885254,100.0,0
1596033740.6901684,224.2017698287964,100.0,0
1596033740.7001617,226.00056648254395,100.0,0
1596033740.7101662,227.8013801574707,100.0,0
1596033740.7201748,229.6029233932495,100.0,0
1596033740.7301636,231.40090465545654,100.0,0
1596033740.7401683,233.20176124572754,100.0,0
1596033740.7501674,235.00158786773682,100.0,0
1596033740.7601767,236.80325984954834,100.0,0
1596033740.7701607,238.6003828048706,100.0,0
1596033740.7801716,240.4023551940918,100.0,0
1596033740.790179,242.2036838531494,100.0,0
1596033740.8001583,243.9999485015869,100.0,0
1596033740.8101764,245.80320835113525,100.0,0
1596033740.820173,247.60260581970215,100.0,0
1596033740.8301766,249.40324783325195,100.0,0
1596033740.8401692,251.2019157409668,100.0,0
1596033740.8501754,253.00302982330322,100.0,0
1596033740.860162,254.8006248474121,100.0,0
1596033740.8701732,256.60264015197754,100.0,0
1596033740.8801715,258.4023380279541,100.0,0
1596033740.8901606,260.20036220550537,100.0,0
1596033740.9001653,262.00121879577637,100.0,0
1596033740.9101756,263.80306243896484,100.0,0
1596033740.9201589,265.6000566482544,100.0,0
1596033740.9301605,267.4003553390503,100.0,0
1596033740.9401636,269.2009115219116,100.0,0
1596033740.9501755,271.00305557250977,100.0,0
1596033740.960164,272.80099391937256,100.0,0
1596033740.970173,274.6025800704956,100.0,0
1596033740.9801595,276.4001750946045,100.0,0
1596033740.9901755,278.2030487060547,100.0,0
1596033741.0001624,280.0006866455078,100.0,0
1596033741.010176,281.8031311035156,100.0,0
1596033741.0201776,283.6034297943115,100.0,0
1596033741.0301707,285.40218353271484,100.0,0
1596033741.0401669,287.20149517059326,100.0,0
1596033741.0501614,289.000506401062,100.0,0
1596033741.0601766,290.8032512664795,100.0,0
1596033741.0701642,292.60101795196533,100.0,0
1596033741.0801597,294.40020084381104,100.0,0
1596033741.090163,296.2007999420166,100.0,0
1596033741.1001656,298.00127029418945,100.0,0
1596033741.110158,299.79989528656006,100.0,0
1596033741.1201766,301.6032409667969,100.0,0
1596033741.1301637,303.40092182159424,100.0,0
1596033741.14017,305.2020788192749,100.0,0
1596033741.1501656,307.0012617111206,100.0,0
1596033741.1601756,308.80306243896484,100.0,0
1596033741.1701624,310.60070037841797,100.0,0
1596033741.1801722,312.40245819091797,100.0,0
1596033741.1901643,314.20104026794434,100.0,0
1596033741.200174,316.00279808044434,100.0,0
1596033741.2101781,317.8035259246826,100.0,0
1596033741.2198904,319.55172538757324,100.0,0
1596033741.2198904,347.865517616272,100.0,0
1596033741.2201703,347.9159002304077,100.0,0
1596033741.2262707,349.0139751434326,100.0,0
1596033741.2262707,356.70419254302976,100.0,0
1596033741.230174,357.4068025588989,100.0,0
1596033741.2401633,359.2048696517944,100.0,0
1596033741.2445931,360,100.0,1
1596033741.2501674,361.0055974960327,100.0,0
1596033741.2601712,362.80628242492674,100.0,0
1596033741.2701633,364.6048645019531,100.0,0
1596033741.2801752,366.40700855255125,100.0,0
1596033741.2901688,368.20584812164304,100.0,0
1596033741.30016,370.00425853729246,100.0,0
1596033741.3101695,371.8059734344482,100.0,0
1596033741.3201728,373.6065725326538,100.0,0
1596033741.3301756,375.4070858001709,100.0,0
1596033741.3401687,377.2058395385742,100.0,0
1596033741.3501754,379.0070394515991,100.0,0
1596033741.3601677,380.8056644439697,100.0,0
1596033741.3701677,382.60566272735593,100.0,0
1596033741.3801742,384.4068197250366,100.0,0
1596033741.390167,386.2055305480957,100.0,0
1596033741.4001582,388.0039409637451,100.0,0
1596033741.410167,389.80552711486814,100.0,0
1596033741.4201653,391.6052249908447,100.0,0
1596033741.4301689,393.4058670043945,100.0,0
1596033741.440173,395.2065948486328,100.0,0
1596033741.4501653,397.0052198410034,100.0,0
1596033741.460159,398.80410232543943,100.0,0
1596033741.4701698,400.6060317993164,100.0,0
1596033741.480174,402.4068025588989,100.0,0
1596033741.4901626,404.2047409057617,100.0,0
1596033741.5001705,406.0061553955078,100.0,0
1596033741.510166,407.8053382873535,100.0,0
1596033741.5201783,409.6075681686401,100.0,0
1596033741.5301676,411.4056352615356,100.0,0
1596033741.5401645,413.20507564544675,100.0,0
1596033741.5501657,415.0052885055542,100.0,0
1596033741.5601618,416.8046001434326,100.0,0
1596033741.5701675,418.60562839508054,100.0,0
1596033741.580176,420.40717163085935,100.0,0
1596033741.5901735,422.20669784545896,100.0,0
1596033741.600165,424.0051511764526,100.0,0
1596033741.6101718,425.80639400482175,100.0,0
1596033741.620157,427.6037315368652,100.0,0
1596033741.630165,429.40518894195554,100.0,0
1596033741.6401744,431.20686092376707,100.0,0
1596033741.6501727,433.00655879974363,100.0,0
1596033741.6601572,434.8037675857544,100.0,0
1596033741.6701639,436.6049674987793,100.0,0
1596033741.6801732,438.4066394805908,100.0,0
1596033741.690172,440.20642318725584,100.0,0
1596033741.7001753,442.0070222854614,100.0,0
1596033741.7101598,443.80423107147215,100.0,0
1596033741.7201717,445.6063751220703,100.0,0
1596033741.7301617,447.4045709609985,100.0,0
1596033741.7401729,449.20658626556394,100.0,0
1596033741.7501683,451.00576915740965,100.0,0
1596033741.760173,452.80662574768064,100.0,0
1596033741.7701747,454.60692443847654,100.0,0
1596033741.7801752,456.40700855255125,100.0,0
1596033741.7901638,458.20494689941404,100.0,0
1596033741.8001738,460.0067476272583,100.0,0
1596033741.810165,461.8051580429077,100.0,0
1596033741.8201637,463.60494174957273,100.0,0
1596033741.8301613,465.4045108795166,100.0,0
1596033741.84016,467.2042516708374,100.0,0
1596033741.8501585,469.0039924621582,100.0,0
1596033741.8601718,470.80639400482175,100.0,0
1596033741.8701656,472.6052764892578,100.0,0
1596033741.880164,474.40497436523435,100.0,0
1596033741.8901732,476.2066463470459,100.0,0
1596033741.9001575,478.0038122177124,100.0,0
1596033741.910166,479.8053554534912,100.0,0
1596033741.920167,481.6055253982544,100.0,0
1596033741.9301636,483.40492286682127,100.0,0
1596033741.9401672,485.20556488037107,100.0,0
1596033741.9501736,487.00672187805174,100.0,0
1596033741.9601636,488.80491771697996,100.0,0
1596033741.9701624,490.604701423645,100.0,0
1596033741.9801576,492.40384140014646,100.0,0
1596033741.9901774,494.20740165710447,100.0,0
1596033742.0001678,496.00568332672117,100.0,0
1596033742.0001678,0,100.0,0
1596033742.01018,101.80218696594238,100.0,0
1596033742.020186,103.60325813293457,100.0,0
1596033742.03017,105.40038108825684,100.0,0
1596033742.0401895,107.2038984298706,100.0,0
1596033742.050188,109.0036392211914,100.0,0
1596033742.0601754,110.80136299133301,100.0,0
1596033742.070173,112.60093212127686,100.0,0
1596033742.080177,114.40165996551514,100.0,0
1596033742.0901709,116.20054244995117,100.0,0
1596033742.1001759,118.0014419555664,100.0,0
1596033742.1101677,119.79998111724854,100.0,0
1596033742.1201782,121.60186767578125,100.0,0
1596033742.1301677,123.399977684021,100.0,0
1596033742.1401727,125.20087718963623,100.0,0
1596033742.1501732,127.00096130371094,100.0,0
1596033742.1601686,128.80014419555664,100.0,0
1596033742.1701748,130.60125827789307,100.0,0
1596033742.1801684,132.40009784698486,100.0,0
1596033742.1901808,134.20232772827148,100.0,0
1596033742.2001855,136.00318431854248,100.0,0
1596033742.2101884,137.80369758605957,100.0,0
1596033742.220175,139.60129261016846,100.0,0
1596033742.2301896,141.40390872955322,100.0,0
1596033742.2401774,143.2017183303833,100.0,0
1596033742.2501738,145.00107288360596,100.0,0
1596033742.2601793,146.80205821990967,100.0,0
1596033742.2701783,148.60188484191895,100.0,0
1596033742.2801738,150.40106773376465,100.0,0
1596033742.290178,152.20183849334717,100.0,0
1596033742.300182,154.00256633758545,100.0,0
1596033742.3101885,155.8037233352661,100.0,0
1596033742.3201764,157.6015329360962,100.0,0
1596033742.330173,159.4009304046631,100.0,0
1596033742.340168,161.2000274658203,100.0,0
1596033742.3501751,163.0013132095337,100.0,0
1596033742.3601677,164.79998111724854,100.0,0
1596033742.3701768,166.60161018371582,100.0,0
1596033742.380176,168.40147972106934,100.0,0
1596033742.390178,170.20182132720947,100.0,0
1596033742.4001796,172.00212001800537,100.0,0
1596033742.4101682,173.80005836486816,100.0,0
1596033742.4201775,175.6017303466797,100.0,0
1596033742.430168,177.4000120162964,100.0,0
1596033742.440187,179.20344352722168,100.0,0
1596033742.4501798,181.00215435028076,100.0,0
1596033742.4601886,182.8037405014038,100.0,0
1596033742.4701674,184.59991931915283,100.0,0
1596033742.4801757,186.4014196395874,100.0,0
1596033742.4901686,188.20013046264648,100.0,0
1596033742.5001807,190.00231742858887,100.0,0
1596033742.5101793,191.80205821990967,100.0,0
1596033742.5201821,193.60257148742676,100.0,0
1596033742.5301719,195.40072441101074,100.0,0
1596033742.5401778,197.20179557800293,100.0,0
1596033742.550181,199.00235176086426,100.0,0
1596033742.5601869,200.80342292785645,100.0,0
1596033742.5701845,202.6029920578003,100.0,0
1596033742.5801823,204.40260410308838,100.0,0
1596033742.590184,206.20290279388428,100.0,0
1596033742.6001852,208.0031156539917,100.0,0
1596033742.6101882,209.80367183685303,100.0,0
1596033742.6201744,211.60118103027344,100.0,0
1596033742.630168,213.40002059936523,100.0,0
1596033742.6401708,215.20053386688232,100.0,0
1596033742.6501796,217.00212001800537,100.0,0
1596033742.6601768,218.80160331726074,100.0,0
1596033742.6701705,220.60048580169678,100.0,0
1596033742.6801858,222.40323066711426,100.0,0
1596033742.6901712,224.20061111450195,100.0,0
1596033742.7001696,226.00030899047852,100.0,0
1596033742.71017,227.80039310455322,100.0,0
1596033742.720173,229.6009063720703,100.0,0
1596033742.7301884,231.40369415283203,100.0,0
1596033742.7401795,233.20210456848145,100.0,0
1596033742.7501807,235.00231742858887,100.0,0
1596033742.760178,236.80184364318848,100.0,0
1596033742.770173,238.6009407043457,100.0,0
1596033742.780185,240.40308475494385,100.0,0
1596033742.7901843,242.20295429229736,100.0,0
1596033742.8001804,244.00226593017578,100.0,0
1596033742.810182,245.80256462097168,100.0,0
1596033742.8201718,247.60071754455566,100.0,0
1596033742.8301806,249.4023036956787,100.0,0
1596033742.8401744,251.20118618011475,100.0,0
1596033742.8501694,253.00028324127197,100.0,0
1596033742.8601744,254.8011827468872,100.0,0
1596033742.8701804,256.6022539138794,100.0,0
1596033742.8801854,258.40315341949463,100.0,0
1596033742.8901844,260.2029800415039,100.0,0
1596033742.9001834,262.0028066635132,100.0,0
1596033742.9101703,263.8004446029663,100.0,0
1596033742.9201777,265.6017732620239,100.0,0
1596033742.9301715,267.40065574645996,100.0,0
1596033742.9401722,269.2007827758789,100.0,0
1596033742.95017,271.000394821167,100.0,0
1596033742.9601738,272.80107975006104,100.0,0
1596033742.9701788,274.60197925567627,100.0,0
1596033742.9801672,276.3998746871948,100.0,0
1596033742.9901822,278.20257663726807,100.0,0
1596033743.0001712,280.00060081481934,100.0,0
1596033743.0101693,281.80025577545166,100.0,0
1596033743.0201766,283.6015844345093,100.0,0
1596033743.030178,285.40184020996094,100.0,0
1596033743.0401838,287.2028684616089,100.0,0
1596033743.050168,289.0000343322754,100.0,0
1596033743.060189,290.8038091659546,100.0,0
1596033743.070167,292.5998592376709,100.0,0
1596033743.0801806,294.4023036956787,100.0,0
1596033743.0901682,296.20007038116455,100.0,0
1596033743.100172,298.0007553100586,100.0,0
1596033743.1101735,299.80101108551025,100.0,0
1596033743.1201885,301.6037130355835,100.0,0
1596033743.130168,303.40002059936523,100.0,0
1596033743.1401675,305.199933052063,100.0,0
1596033743.1501791,307.0020341873169,100.0,0
1596033743.1601768,308.80160331726074,100.0,0
1596033743.1701868,310.603404045105,100.0,0
1596033743.1801667,312.3997974395752,100.0,0
1596033743.190183,314.20271396636963,100.0,0
1596033743.200188,316.00361347198486,100.0,0
1596033743.2101882,317.80365467071533,100.0,0
1596033743.2188814,319.36843395233154,100.0,0
1596033743.2188814,347.81053018569946,100.0,0
1596033743.220173,348.04300260543823,100.0,0
1596033743.2264988,349.18167543411255,100.0,0
1596033743.2264988,356.7545026302338,100.0,0
1596033743.230175,357.41621432304385,100.0,0
1596033743.2401795,359.2170279979706,100.0,0
1596033743.2445319,360,100.0,1
1596033743.2501864,361.01827082633974,100.0,0
1596033743.2601883,362.8186124324799,100.0,0
1596033743.2701747,364.61616454124453,100.0,0
1596033743.2801845,366.41792235374453,100.0,0
1596033743.290182,368.2174914836884,100.0,0
1596033743.300172,370.0156873226166,100.0,0
1596033743.3101864,371.8182605266571,100.0,0
1596033743.32017,373.6152976512909,100.0,0
1596033743.3301852,375.4180425167084,100.0,0
1596033743.3401747,377.21615252494814,100.0,0
1596033743.3501737,379.0159791469574,100.0,0
1596033743.3601775,380.81666407585146,100.0,0
1596033743.3701844,382.6179069042206,100.0,0
1596033743.380171,384.4155019283295,100.0,0
1596033743.3901815,386.2173884868622,100.0,0
1596033743.400168,388.01494059562685,100.0,0
1596033743.410177,389.81656966209414,100.0,0
1596033743.4201705,391.61540923118594,100.0,0
1596033743.4301782,393.4167808055878,100.0,0
1596033743.440188,395.2185386180878,100.0,0
1596033743.4501753,397.0162623882294,100.0,0
1596033743.4601736,398.81596026420596,100.0,0
1596033743.4701834,400.61771807670596,100.0,0
1596033743.4801812,402.41733012199404,100.0,0
1596033743.4901664,404.2146676540375,100.0,0
1596033743.500173,406.0158675670624,100.0,0
1596033743.5101697,407.8152650356293,100.0,0
1596033743.520183,409.61766657829287,100.0,0
1596033743.530182,411.4174502849579,100.0,0
1596033743.540174,413.2160323619843,100.0,0
1596033743.5501742,415.01607356071474,100.0,0
1596033743.5601754,416.81628642082217,100.0,0
1596033743.5701857,418.61813006401064,100.0,0
1596033743.5801854,420.41808543205264,100.0,0
1596033743.5901744,422.2161096096039,100.0,0
1596033743.6001792,424.0169661998749,100.0,0
1596033743.610174,425.8160203456879,100.0,0
1596033743.6201758,427.616361951828,100.0,0
1596033743.6301785,429.4168323040009,100.0,0
1596033743.6401863,431.21824679374697,100.0,0
1596033743.6501868,433.0183309078217,100.0,0
1596033743.6601791,434.8169559001923,100.0,0
1596033743.6701787,436.61686835289004,100.0,0
1596033743.6801698,438.41527876853945,100.0,0
1596033743.69017,440.2153199672699,100.0,0
1596033743.7001784,442.0168202877045,100.0,0
1596033743.710177,443.8165610790253,100.0,0
1596033743.7201846,445.61793265342715,100.0,0
1596033743.7301776,447.41668639183047,100.0,0
1596033743.7401679,449.2149251461029,100.0,0
1596033743.750188,451.0185712337494,100.0,0
1596033743.760171,452.8154796123505,100.0,0
1596033743.7701821,454.6174949169159,100.0,0
1596033743.780172,456.41569075584414,100.0,0
1596033743.7901769,458.21654734611514,100.0,0
1596033743.8001778,460.0167172908783,100.0,0
1596033743.810177,461.81658682823183,100.0,0
1596033743.8201854,463.6180871486664,100.0,0
1596033743.8301754,465.4162829875946,100.0,0
1596033743.8401818,467.2174399852753,100.0,0
1596033743.8501863,469.01825366020205,100.0,0
1596033743.8601775,470.81666407585146,100.0,0
1596033743.870166,472.61460242271426,100.0,0
1596033743.880185,474.4179910182953,100.0,0
1596033743.8901784,476.2168305873871,100.0,0
1596033743.9001803,478.01717219352724,100.0,0
1596033743.9101827,479.81759963035586,100.0,0
1596033743.920172,481.61566672325137,100.0,0
1596033743.9301703,483.4153645992279,100.0,0
1596033743.9401684,485.21501955986025,100.0,0
1596033743.9501848,487.0179790019989,100.0,0
1596033743.960172,488.8156598567963,100.0,0
1596033743.9701715,490.61557230949404,100.0,0
1596033743.9801779,492.4167293071747,100.0,0
1596033743.990172,494.215654706955,100.0,0
1596033744.0001867,496.018313741684,100.0,0
1596033744.0001867,0,100.0,0
1596033744.0102038,101.80308818817139,100.0,0
1596033744.0201914,103.60085487365723,100.0,0
1596033744.0302014,105.40265560150146,100.0,0
1596033744.040201,107.20256805419922,100.0,0
1596033744.0501935,109.00123596191406,100.0,0
1596033744.0601962,110.80170631408691,100.0,0
1596033744.070191,112.6007604598999,100.0,0
1596033744.0801914,114.40084457397461,100.0,0
1596033744.0901961,116.2017011642456,100.0,0
1596033744.1002045,118.00320148468018,100.0,0
1596033744.1102052,119.80332851409912,100.0,0
1596033744.1201978,121.60199642181396,100.0,0
1596033744.1301897,123.4005355834961,100.0,0
1596033744.1402037,125.20306587219238,100.0,0
1596033744.1502085,127.00392246246338,100.0,0
1596033744.1601987,128.80216121673584,100.0,0
1596033744.1702015,130.60267448425293,100.0,0
1596033744.180196,132.40168571472168,100.0,0
1596033744.1902072,134.2037010192871,100.0,0
1596033744.200195,136.0015106201172,100.0,0
1596033744.210189,137.80043601989746,100.0,0
1596033744.220193,139.6011209487915,100.0,0
1596033744.2301896,141.4005184173584,100.0,0
1596033744.2401927,143.20107460021973,100.0,0
1596033744.2501867,145.0,100.0,0
1596033744.2601979,146.80201530456543,100.0,0
1596033744.2701888,148.6003828048706,100.0,0
1596033744.2801902,150.40063858032227,100.0,0
1596033744.290195,152.20149517059326,100.0,0
1596033744.3001926,154.0010643005371,100.0,0
1596033744.3101897,155.80054759979248,100.0,0
1596033744.320204,157.603120803833,100.0,0
1596033744.3302066,159.40359115600586,100.0,0
1596033744.340187,161.20007038116455,100.0,0
1596033744.3502066,163.00358772277832,100.0,0
1596033744.360199,164.80221271514893,100.0,0
1596033744.3702028,166.60289764404297,100.0,0
1596033744.380196,168.40169429779053,100.0,0
1596033744.3901966,170.20177841186523,100.0,0
1596033744.4002047,172.00323581695557,100.0,0
1596033744.410189,173.80040168762207,100.0,0
1596033744.4201908,175.6007432937622,100.0,0
1596033744.4301965,177.40177154541016,100.0,0
1596033744.4402049,179.20327186584473,100.0,0
1596033744.4501963,181.00172519683838,100.0,0
1596033744.460195,182.80150890350342,100.0,0
1596033744.470208,184.60382461547852,100.0,0
1596033744.480198,186.40202045440674,100.0,0
1596033744.4901958,188.20163249969482,100.0,0
1596033744.5002022,190.0027894973755,100.0,0
1596033744.510198,191.80205821990967,100.0,0
1596033744.5201862,193.59991073608398,100.0,0
1596033744.530207,195.40364265441895,100.0,0
1596033744.5401947,197.20145225524902,100.0,0
1596033744.5501978,199.00200843811035,100.0,0
1596033744.5602,200.80239295959473,100.0,0
1596033744.5701897,202.6005458831787,100.0,0
1596033744.5801945,204.4014024734497,100.0,0
1596033744.590189,206.20041370391846,100.0,0
1596033744.600205,208.00328731536865,100.0,0
1596033744.6101944,209.8013973236084,100.0,0
1596033744.620207,211.60367012023926,100.0,0
1596033744.6301908,213.40075016021729,100.0,0
1596033744.640206,215.20349502563477,100.0,0
1596033744.650202,217.00276374816895,100.0,0
1596033744.660186,218.7998867034912,100.0,0
1596033744.6702013,220.6026315689087,100.0,0
1596033744.6801865,222.39996910095215,100.0,0
1596033744.6902006,224.20249938964844,100.0,0
1596033744.7002077,226.00378513336182,100.0,0
1596033744.7101922,227.80099391937256,100.0,0
1596033744.7202003,229.6024513244629,100.0,0
1596033744.730194,231.40133380889893,100.0,0
1596033744.7401981,233.2020616531372,100.0,0
1596033744.7501981,235.00205993652344,100.0,0
1596033744.7601888,236.80038452148438,100.0,0
1596033744.7701933,238.60119819641113,100.0,0
1596033744.7801986,240.4021406173706,100.0,0
1596033744.7902071,242.2036838531494,100.0,0
1596033744.8001966,244.00179386138916,100.0,0
1596033744.810198,245.80204963684082,100.0,0
1596033744.8201978,247.6020050048828,100.0,0
1596033744.8302054,249.40337657928467,100.0,0
1596033744.8401964,251.20174407958984,100.0,0
1596033744.8501904,253.00066947937012,100.0,0
1596033744.8601975,254.8019552230835,100.0,0
1596033744.870198,256.6020393371582,100.0,0
1596033744.8801932,258.40117931365967,100.0,0
1596033744.8901947,260.2014350891113,100.0,0
1596033744.9001982,262.00207710266113,100.0,0
1596033744.9101977,263.8019895553589,100.0,0
1596033744.9202068,265.6036186218262,100.0,0
1596033744.9301946,267.40142822265625,100.0,0
1596033744.9401896,269.2005252838135,100.0,0
1596033744.9501998,271.00236892700195,100.0,0
1596033744.9601922,272.80099391937256,100.0,0
1596033744.9701924,274.601035118103,100.0,0
1596033744.9801977,276.4019775390625,100.0,0
1596033744.9902008,278.2025337219238,100.0,0
1596033745.0001872,280.0000858306885,100.0,0
1596033745.0101979,281.80201530456543,100.0,0
1596033745.0201945,283.6014127731323,100.0,0
1596033745.030198,285.40205478668213,100.0,0
1596033745.0401876,287.2001647949219,100.0,0
1596033745.0501919,289.0009355545044,100.0,0
1596033745.0601857,290.79981803894043,100.0,0
1596033745.070192,292.6009750366211,100.0,0
1596033745.0801969,294.4018316268921,100.0,0
1596033745.0901892,296.2004566192627,100.0,0
1596033745.1001954,298.0015707015991,100.0,0
1596033745.1101875,299.8001527786255,100.0,0
1596033745.1201997,301.60233974456787,100.0,0
1596033745.130206,303.40349674224854,100.0,0
1596033745.1402004,305.20246505737305,100.0,0
1596033745.1501982,307.00207710266113,100.0,0
1596033745.1602056,308.80340576171875,100.0,0
1596033745.1701977,310.6019878387451,100.0,0
1596033745.1802063,312.4035310745239,100.0,0
1596033745.1902015,314.2026710510254,100.0,0
1596033745.200194,316.001296043396,100.0,0
1596033745.210196,317.80168056488037,100.0,0
1596033745.2190948,319.40345287323,100.0,0
1596033745.2190948,347.821035861969,100.0,0
1596033745.2201986,348.01973390579224,100.0,0
1596033745.2267313,349.19561433792114,100.0,0
1596033745.2267313,356.7586843013763,100.0,0
1596033745.2302046,357.3838750362396,100.0,0
1596033745.240202,359.1834012508392,100.0,0
1596033745.2447522,360,100.0,1
1596033745.2502003,360.9830991268158,100.0,0
1596033745.2601962,362.78236784934995,100.0,0
1596033745.2701995,364.5829669475555,100.0,0
1596033745.2802043,366.3838235378265,100.0,0
1596033745.2901955,368.18223395347593,100.0,0
1596033745.300198,369.9827043056488,100.0,0
1596033745.3102047,371.7839042186737,100.0,0
1596033745.3201962,373.58235754966734,100.0,0
1596033745.3301995,375.3829566478729,100.0,0
1596033745.3401964,377.18239703178403,100.0,0
1596033745.350199,378.9828673839569,100.0,0
1596033745.3601937,380.7819215297699,100.0,0
1596033745.3701966,382.58243479728696,100.0,0
1596033745.3802016,384.3833343029022,100.0,0
1596033745.390194,386.1819592952728,100.0,0
1596033745.4002035,387.98367419242857,100.0,0
1596033745.4101875,389.78079714775083,100.0,0
1596033745.4201994,391.582941198349,100.0,0
1596033745.430186,393.38053622245786,100.0,0
1596033745.4401886,395.1810065746307,100.0,0
1596033745.450204,396.9837514400482,100.0,0
1596033745.4601963,398.7823764324188,100.0,0
1596033745.470186,400.5805293560028,100.0,0
1596033745.480198,402.38267340660093,100.0,0
1596033745.4902,404.1830579280853,100.0,0
1596033745.5002012,405.9832707881927,100.0,0
1596033745.5101855,407.78043665885923,100.0,0
1596033745.5201974,409.5825807094574,100.0,0
1596033745.5301967,411.3824502468109,100.0,0
1596033745.5401924,413.18167605400083,100.0,0
1596033745.5502036,414.98369135856626,100.0,0
1596033745.5601892,416.7811147212982,100.0,0
1596033745.5701926,418.58171381950376,100.0,0
1596033745.5801997,420.38299956321714,100.0,0
1596033745.59019,422.1812383174896,100.0,0
1596033745.6001935,423.9818803310394,100.0,0
1596033745.6101933,425.7818356990814,100.0,0
1596033745.620207,427.58432307243345,100.0,0
1596033745.6302035,429.3836776256561,100.0,0
1596033745.6401906,431.18135848045347,100.0,0
1596033745.6502051,432.98397459983823,100.0,0
1596033745.6601884,434.7809688091278,100.0,0
1596033745.6701994,436.582941198349,100.0,0
1596033745.6801858,438.3804933071136,100.0,0
1596033745.6901922,440.1816503047943,100.0,0
1596033745.7002032,441.9836226940155,100.0,0
1596033745.7101867,443.78065981864927,100.0,0
1596033745.720189,445.5810872554779,100.0,0
1596033745.7301965,447.3824159145355,100.0,0
1596033745.7402053,449.18400206565855,100.0,0
1596033745.750194,450.9819833278656,100.0,0
1596033745.760186,452.7805224895477,100.0,0
1596033745.7702038,454.5837394237518,100.0,0
1596033745.7801924,456.3816777706146,100.0,0
1596033745.790188,458.18090357780454,100.0,0
1596033745.800189,459.9810735225677,100.0,0
1596033745.8101852,461.78038516044614,100.0,0
1596033745.8201964,463.5824004650116,100.0,0
1596033745.8302016,465.38334288597105,100.0,0
1596033745.8401926,467.1817103862762,100.0,0
1596033745.8501916,468.9815370082855,100.0,0
1596033745.8601909,470.781406545639,100.0,0
1596033745.8702018,472.5833789348602,100.0,0
1596033745.880185,474.3803302288055,100.0,0
1596033745.8902018,476.18337550163267,100.0,0
1596033745.900205,477.983931684494,100.0,0
1596033745.9101985,479.7827712535858,100.0,0
1596033745.9202015,481.5833274364471,100.0,0
1596033745.9302015,483.38332571983335,100.0,0
1596033745.9401927,485.18173613548277,100.0,0
1596033745.950204,486.9837514400482,100.0,0
1596033745.9602008,488.7831918239593,100.0,0
1596033745.9701989,490.58284678459165,100.0,0
1596033745.9801867,492.38065638542173,100.0,0
1596033745.9901955,494.1822425365448,100.0,0
