Timestamp,Phase,Heading,Ping?
1595873089.0000927,21600.0,0,0
1595873089.0001168,240.00168800354004,120.0,0
1595873089.0001497,240.00761032104492,120.0,0
1595873089.0001748,240.01211643218994,120.0,0
1595873089.000198,240.01627922058105,120.0,0
1595873089.0002224,240.0206995010376,120.0,0
1595873089.0002456,240.0248622894287,120.0,0
1595873089.0002687,240.02902507781982,120.0,0
1595873089.0002916,240.0331449508667,120.0,0
1595873089.0003164,240.03760814666748,120.0,0
1595873089.00034,240.04185676574707,120.0,0
1595873089.0003633,240.04606246948242,120.0,0
1595873089.000386,240.05013942718506,120.0,0
1595873089.000409,240.05425930023193,120.0,0
1595873089.0004315,240.05833625793457,120.0,0
1595873089.0004547,240.06249904632568,120.0,0
1595873089.000477,240.06653308868408,120.0,0
1595873089.0005007,240.07078170776367,120.0,0
1595873089.0005236,240.07490158081055,120.0,0
1595873089.000546,240.07893562316895,120.0,0
1595873089.0005686,240.08301258087158,120.0,0
1595873089.0005913,240.08708953857422,120.0,0
1595873089.000614,240.09116649627686,120.0,0
1595873089.0006366,240.0952434539795,120.0,0
1595873089.0006597,240.0994062423706,120.0,0
1595873089.0006824,240.10348320007324,120.0,0
1595873089.0007055,240.10764598846436,120.0,0
1595873089.0007286,240.11180877685547,120.0,0
1595873089.0007513,240.1158857345581,120.0,0
1595873089.0007741,240.12000560760498,120.0,0
1595873089.000797,240.12412548065186,120.0,0
1595873089.0008194,240.12815952301025,120.0,0
1595873089.0008423,240.13227939605713,120.0,0
1595873089.0008647,240.13631343841553,120.0,0
1595873089.0008879,240.14047622680664,120.0,0
1595873089.0009105,240.14455318450928,120.0,0
1595873089.0009344,240.1488447189331,120.0,0
1595873089.0009575,240.15300750732422,120.0,0
1595873089.0009801,240.15708446502686,120.0,0
1595873089.001003,240.16120433807373,120.0,0
1595873089.001055,240.17055988311768,120.0,0
1595873089.0010793,240.17493724822998,120.0,0
1595873089.0011024,240.1791000366211,120.0,0
1595873089.001125,240.18317699432373,120.0,0
1595873089.001148,240.1872968673706,120.0,0
1595873089.0011702,240.19128799438477,120.0,0
1595873089.001193,240.19540786743164,120.0,0
1595873089.0012164,240.199613571167,120.0,0
1595873089.0012393,240.20373344421387,120.0,0
1595873089.0012622,240.20785331726074,120.0,0
1595873089.0012846,240.21188735961914,120.0,0
1595873089.0013075,240.21600723266602,120.0,0
1595873089.0013301,240.22008419036865,120.0,0
1595873089.001353,240.22420406341553,120.0,0
1595873089.0013754,240.22823810577393,120.0,0
1595873089.001398,240.23231506347656,120.0,0
1595873089.0014205,240.23634910583496,120.0,0
1595873089.0014431,240.2404260635376,120.0,0
1595873089.0014658,240.24450302124023,120.0,0
1595873089.0014894,240.24875164031982,120.0,0
1595873089.0015125,240.25291442871094,120.0,0
1595873089.0015354,240.2570343017578,120.0,0
1595873089.0015583,240.2611541748047,120.0,0
1595873089.001581,240.26523113250732,120.0,0
1595873089.0016038,240.2693510055542,120.0,0
1595873089.0016267,240.27347087860107,120.0,0
1595873089.0016556,240.2786636352539,120.0,0
1595873089.0034451,240.60078620910645,120.0,0
1595873089.0134425,242.40031242370605,120.0,0
1595873089.023443,244.20039653778076,120.0,0
1595873089.0334487,246.0014247894287,120.0,0
1595873089.0434456,247.80086517333984,120.0,0
1595873089.0534425,249.60030555725098,120.0,0
1595873089.0634594,251.40335083007812,120.0,0
1595873089.0734484,253.2013750076294,120.0,0
1595873089.0834556,255.00266075134277,120.0,0
1595873089.093443,256.8003845214844,120.0,0
1595873089.10345,258.60167026519775,120.0,0
1595873089.1134531,260.4022264480591,120.0,0
1595873089.1234477,262.20123767852783,120.0,0
1595873089.1334443,264.0006351470947,120.0,0
1595873089.1434593,265.80333709716797,120.0,0
1595873089.1534464,267.60101795196533,120.0,0
1595873089.163444,269.4005870819092,120.0,0
1595873089.1734586,271.20320320129395,120.0,0
1595873089.1834533,273.00225734710693,120.0,0
1595873089.1934452,274.80079650878906,120.0,0
1595873089.2034576,276.6030263900757,120.0,0
1595873089.2134473,278.40117931365967,120.0,0
1595873089.2234578,280.2030658721924,120.0,0
1595873089.2334492,282.00151920318604,120.0,0
1595873089.2434583,283.8031482696533,120.0,0
1595873089.2534401,285.59988498687744,120.0,0
1595873089.2634532,287.4022436141968,120.0,0
1595873089.2734482,289.201340675354,120.0,0
1595873089.2834442,291.0006093978882,120.0,0
1595873089.2934546,292.8024959564209,120.0,0
1595873089.3034408,294.6000051498413,120.0,0
1595873089.3134444,296.4006471633911,120.0,0
1595873089.3234549,298.2025337219238,120.0,0
1595873089.3334486,300.00141620635986,120.0,0
1595873089.3434467,301.8010711669922,120.0,0
1595873089.3534572,303.6029577255249,120.0,0
1595873089.3634496,305.4015827178955,120.0,0
1595873089.3734586,307.2032117843628,120.0,0
1595873089.3834586,309.003210067749,120.0,0
1595873089.3934498,310.80162048339844,120.0,0
1595873089.4034593,312.6033353805542,120.0,0
1595873089.4134512,314.4018745422363,120.0,0
1595873089.4234486,316.20140075683594,120.0,0
1595873089.4334526,318.0021286010742,120.0,0
1595873089.443441,319.8000240325928,120.0,0
1595873089.4534593,321.60332679748535,120.0,0
1595873089.4634504,323.40173721313477,120.0,0
1595873089.4734516,325.2019500732422,120.0,0
1595873089.4834397,326.9998025894165,120.0,0
1595873089.4934516,328.80194664001465,120.0,0
1595873089.5034463,330.60100078582764,120.0,0
1595873089.5134525,332.40211486816406,120.0,0
1595873089.5234575,334.2030143737793,120.0,0
1595873089.533451,336.0018539428711,120.0,0
1595873089.5434537,337.80232429504395,120.0,0
1595873089.5534556,339.6026659011841,120.0,0
1595873089.5634556,341.4026641845703,120.0,0
1595873089.5734437,343.20051670074463,120.0,0
1595873089.5834434,345.0004720687866,120.0,0
1595873089.5934398,346.7998266220093,120.0,0
1595873089.6034582,348.60312938690186,120.0,0
1595873089.6134546,350.4024839401245,120.0,0
1595873089.623451,352.20183849334717,120.0,0
1595873089.6334429,354.0003776550293,120.0,0
1595873089.6434402,355.7999038696289,120.0,0
1595873089.653454,357.60239124298096,120.0,0
1595873089.663457,359.40290451049805,120.0,0
1595873089.666791,360,120.0,1
1595873089.666791,0,120.0,0
1595873089.666791,120.0,120.0,0
1595873089.666961,240.03061294555664,120.0,0
1595873089.666985,240.0349473953247,120.0,0
1595873089.667008,240.03906726837158,120.0,0
1595873089.6670308,240.04318714141846,120.0,0
1595873089.6670535,240.0472640991211,120.0,0
1595873089.6670763,240.05138397216797,120.0,0
1595873089.6670995,240.05554676055908,120.0,0
1595873089.6671221,240.05962371826172,120.0,0
1595873089.6671448,240.06370067596436,120.0,0
1595873089.6671674,240.067777633667,120.0,0
1595873089.6671903,240.07189750671387,120.0,0
1595873089.667213,240.0759744644165,120.0,0
1595873089.6672382,240.08052349090576,120.0,0
1595873089.6672611,240.08464336395264,120.0,0
1595873089.667284,240.0887632369995,120.0,0
1595873089.6673067,240.09284019470215,120.0,0
1595873089.6673293,240.09691715240479,120.0,0
1595873089.6673517,240.10095119476318,120.0,0
1595873089.6673744,240.10502815246582,120.0,0
1595873089.667397,240.10910511016846,120.0,0
1595873089.66742,240.11322498321533,120.0,0
1595873089.6674626,240.12090682983398,120.0,0
1595873089.6674883,240.12554168701172,120.0,0
1595873089.6675115,240.12970447540283,120.0,0
1595873089.6675346,240.13386726379395,120.0,0
1595873089.667557,240.13790130615234,120.0,0
1595873089.66758,240.14202117919922,120.0,0
1595873089.6676028,240.1461410522461,120.0,0
1595873089.6676252,240.1501750946045,120.0,0
1595873089.6676483,240.1543378829956,120.0,0
1595873089.667682,240.1603889465332,120.0,0
1595873089.667706,240.16472339630127,120.0,0
1595873089.667729,240.16884326934814,120.0,0
1595873089.6677513,240.17287731170654,120.0,0
1595873089.6677742,240.17699718475342,120.0,0
1595873089.6677973,240.18115997314453,120.0,0
1595873089.66782,240.18523693084717,120.0,0
1595873089.6678433,240.18944263458252,120.0,0
1595873089.6678662,240.1935625076294,120.0,0
1595873089.6678886,240.1975965499878,120.0,0
1595873089.6679115,240.20171642303467,120.0,0
1595873089.6679344,240.20583629608154,120.0,0
1595873089.6679573,240.20995616912842,120.0,0
1595873089.66798,240.21403312683105,120.0,0
1595873089.6680028,240.21815299987793,120.0,0
1595873089.6680253,240.22218704223633,120.0,0
1595873089.6680481,240.2263069152832,120.0,0
1595873089.6680713,240.23046970367432,120.0,0
1595873089.6680937,240.23450374603271,120.0,0
1595873089.6681163,240.23858070373535,120.0,0
1595873089.668139,240.242657661438,120.0,0
1595873089.6681619,240.24677753448486,120.0,0
1595873089.6681843,240.25081157684326,120.0,0
1595873089.6682072,240.25493144989014,120.0,0
1595873089.66823,240.259051322937,120.0,0
1595873089.668253,240.2631711959839,120.0,0
1595873089.6682754,240.26720523834229,120.0,0
1595873089.6682982,240.27132511138916,120.0,0
1595873089.6683214,240.27548789978027,120.0,0
1595873089.6683438,240.27952194213867,120.0,0
1595873089.6683667,240.28364181518555,120.0,0
1595873089.6683888,240.2876329421997,120.0,0
1595873089.6684115,240.29170989990234,120.0,0
1595873089.6684341,240.29578685760498,120.0,0
1595873089.6684568,240.29986381530762,120.0,0
1595873089.6701267,240.60044288635254,120.0,0
1595873089.680124,242.39996910095215,120.0,0
1595873089.6901243,244.20001029968262,120.0,0
1595873089.7001352,246.0019826889038,120.0,0
1595873089.7101302,247.80107975006104,120.0,0
1595873089.720138,249.60249423980713,120.0,0
1595873089.7301404,251.40292167663574,120.0,0
1595873089.740142,253.20322036743164,120.0,0
1595873089.7501287,255.00081539154053,120.0,0
1595873089.7601237,256.79991245269775,120.0,0
1595873089.7701347,258.60188484191895,120.0,0
1595873089.780141,260.4030418395996,120.0,0
1595873089.790129,262.2008514404297,120.0,0
1595873089.800132,264.001407623291,120.0,0
1595873089.810132,265.80140590667725,120.0,0
1595873089.8201237,267.59990215301514,120.0,0
1595873089.8301384,269.40256118774414,120.0,0
1595873089.8401353,271.2020015716553,120.0,0
1595873089.8501391,273.0026865005493,120.0,0
1595873089.860134,274.8017406463623,120.0,0
1595873089.8701305,276.6011381149292,120.0,0
1595873089.8801293,278.40092182159424,120.0,0
1595873089.890136,280.20212173461914,120.0,0
1595873089.9001405,282.0029354095459,120.0,0
1595873089.910136,283.8021183013916,120.0,0
1595873089.9201329,285.60155868530273,120.0,0
1595873089.930133,287.4015998840332,120.0,0
1595873089.9401264,289.20039653778076,120.0,0
1595873089.9501317,291.00133895874023,120.0,0
1595873089.9601245,292.8000497817993,120.0,0
1595873089.9701366,294.6022367477417,120.0,0
1595873089.9801404,296.40292167663574,120.0,0
1595873089.9901323,298.20146083831787,120.0,0
1595873090.0001388,300.00261783599854,120.0,0
1595873090.0101392,301.80270195007324,120.0,0
1595873090.020129,303.6008548736572,120.0,0
1595873090.03013,305.4010248184204,120.0,0
1595873090.040135,307.20192432403564,120.0,0
1595873090.0501378,309.00243759155273,120.0,0
1595873090.06014,310.8028221130371,120.0,0
1595873090.070126,312.6003313064575,120.0,0
1595873090.0801253,314.40020084381104,120.0,0
1595873090.0901358,316.20208740234375,120.0,0
1595873090.100133,318.0015707015991,120.0,0
1595873090.1101394,319.8027276992798,120.0,0
1595873090.1201375,321.6023826599121,120.0,0
1595873090.1301246,323.4000635147095,120.0,0
1595873090.1401322,325.2014350891113,120.0,0
1595873090.1501331,327.0016050338745,120.0,0
1595873090.1601284,328.800745010376,120.0,0
1595873090.170125,330.60014247894287,120.0,0
1595873090.1801367,332.4022436141968,120.0,0
1595873090.1901393,334.20271396636963,120.0,0
1595873090.2001402,336.0028839111328,120.0,0
1595873090.2101367,337.80223846435547,120.0,0
1595873090.2201266,339.6004343032837,120.0,0
1595873090.2301264,341.4003896713257,120.0,0
1595873090.2401302,343.2010746002197,120.0,0
1595873090.2501235,344.9998712539673,120.0,0
1595873090.2601423,346.80325984954834,120.0,0
1595873090.27014,348.6028289794922,120.0,0
1595873090.2801232,350.39982318878174,120.0,0
1595873090.2901363,352.2021818161011,120.0,0
1595873090.3001251,354.0001630783081,120.0,0
1595873090.3101296,355.80097675323486,120.0,0
1595873090.320128,357.6006746292114,120.0,0
1595873090.3301353,359.40200328826904,120.0,0
1595873090.3334715,360,120.0,1
1595873090.3334715,0,120.0,0
1595873090.3334715,120.0,120.0,0
1595873090.333584,240.02027034759521,120.0,0
1595873090.3336077,240.0245189666748,120.0,0
1595873090.3336313,240.0287675857544,120.0,0
1595873090.3336542,240.03288745880127,120.0,0
1595873090.333677,240.03700733184814,120.0,0
1595873090.3337002,240.04117012023926,120.0,0
1595873090.3337226,240.04520416259766,120.0,0
1595873090.3337457,240.04936695098877,120.0,0
1595873090.3337681,240.05340099334717,120.0,0
1595873090.333791,240.05752086639404,120.0,0
1595873090.333814,240.06164073944092,120.0,0
1595873090.3338366,240.06571769714355,120.0,0
1595873090.3338594,240.06983757019043,120.0,0
1595873090.333882,240.07391452789307,120.0,0
1595873090.333905,240.07803440093994,120.0,0
1595873090.3339276,240.08211135864258,120.0,0
1595873090.3339505,240.08623123168945,120.0,0
1595873090.3339732,240.0903081893921,120.0,0
1595873090.3339958,240.09438514709473,120.0,0
1595873090.3340182,240.09841918945312,120.0,0
1595873090.3340409,240.10249614715576,120.0,0
1595873090.3340635,240.1065731048584,120.0,0
1595873090.3340862,240.11065006256104,120.0,0
1595873090.3341088,240.11472702026367,120.0,0
1595873090.3341317,240.11884689331055,120.0,0
1595873090.3341546,240.12296676635742,120.0,0
1595873090.3341842,240.12828826904297,120.0,0
1595873090.3342075,240.13249397277832,120.0,0
1595873090.3342302,240.13657093048096,120.0,0
1595873090.334253,240.14069080352783,120.0,0
1595873090.3342755,240.14472484588623,120.0,0
1595873090.3342986,240.14888763427734,120.0,0
1595873090.3343215,240.15300750732422,120.0,0
1595873090.3343441,240.15708446502686,120.0,0
1595873090.3343673,240.16124725341797,120.0,0
1595873090.33439,240.1653242111206,120.0,0
1595873090.3344128,240.16944408416748,120.0,0
1595873090.3344357,240.17356395721436,120.0,0
1595873090.3344588,240.17772674560547,120.0,0
1595873090.334482,240.18188953399658,120.0,0
1595873090.3345048,240.18600940704346,120.0,0
1595873090.3345277,240.19012928009033,120.0,0
1595873090.3345506,240.1942491531372,120.0,0
1595873090.3345733,240.19832611083984,120.0,0
1595873090.3345962,240.20244598388672,120.0,0
1595873090.3346186,240.20648002624512,120.0,0
1595873090.3346415,240.210599899292,120.0,0
1595873090.334664,240.21467685699463,120.0,0
1595873090.334687,240.2187967300415,120.0,0
1595873090.3347096,240.22287368774414,120.0,0
1595873090.3347325,240.22699356079102,120.0,0
1595873090.3347557,240.23115634918213,120.0,0
1595873090.3347783,240.23523330688477,120.0,0
1595873090.3348012,240.23935317993164,120.0,0
1595873090.3348236,240.24338722229004,120.0,0
1595873090.3348463,240.24746417999268,120.0,0
1595873090.334869,240.2515411376953,120.0,0
1595873090.3348916,240.25561809539795,120.0,0
1595873090.3349142,240.2596950531006,120.0,0
1595873090.334937,240.26381492614746,120.0,0
1595873090.33496,240.26793479919434,120.0,0
1595873090.3349826,240.27201175689697,120.0,0
1595873090.3350055,240.27613162994385,120.0,0
1595873090.3350282,240.28020858764648,120.0,0
1595873090.335051,240.28432846069336,120.0,0
1595873090.3368232,240.6033182144165,120.0,0
1595873090.3468194,242.40262985229492,120.0,0
1595873090.3568163,244.20207023620605,120.0,0
1595873090.3668213,246.0029697418213,120.0,0
1595873090.3768144,247.8017234802246,120.0,0
1595873090.3868139,249.60163593292236,120.0,0
1595873090.3968122,251.40133380889893,120.0,0
1595873090.4068177,253.20231914520264,120.0,0
1595873090.4168139,255.00163078308105,120.0,0
1595873090.4268117,256.80124282836914,120.0,0
1595873090.4368188,258.6025285720825,120.0,0
1595873090.446817,260.40218353271484,120.0,0
1595873090.456814,262.2016668319702,120.0,0
1595873090.4668217,264.00303840637207,120.0,0
1595873090.476817,265.80217838287354,120.0,0
1595873090.4868047,267.5999879837036,120.0,0
1595873090.4968092,269.40080165863037,120.0,0
1595873090.5068123,271.2013578414917,120.0,0
1595873090.5168169,273.00217151641846,120.0,0
1595873090.5268114,274.8011827468872,120.0,0
1595873090.5368192,276.6025972366333,120.0,0
1595873090.546823,278.40328216552734,120.0,0
1595873090.556815,280.2018213272095,120.0,0
1595873090.5668209,282.00289249420166,120.0,0
1595873090.5768232,283.8033199310303,120.0,0
1595873090.5868144,285.6017303466797,120.0,0
1595873090.5968206,287.4028444290161,120.0,0
1595873090.6068158,289.2019844055176,120.0,0
1595873090.616804,290.9998369216919,120.0,0
1595873090.626812,292.8012943267822,120.0,0
1595873090.6368098,294.6009063720703,120.0,0
1595873090.64682,296.4027500152588,120.0,0
1595873090.6568167,298.2021474838257,120.0,0
1595873090.6668115,300.0012016296387,120.0,0
1595873090.6768086,301.80068492889404,120.0,0
1595873090.6868227,303.60321521759033,120.0,0
1595873090.6968105,305.4010248184204,120.0,0
1595873090.7068079,307.20055103302,120.0,0
1595873090.7168078,309.00054931640625,120.0,0
1595873090.726804,310.79986095428467,120.0,0
1595873090.7368078,312.6005458831787,120.0,0
1595873090.746805,314.4000291824341,120.0,0
1595873090.7568076,316.20049953460693,120.0,0
1595873090.7668116,318.0012273788452,120.0,0
1595873090.7768152,319.801869392395,120.0,0
1595873090.7868154,321.6019105911255,120.0,0
1595873090.793758,322.8515625,120.0,0
1595873090.793758,341.42578125,138.57421875,0
1595873090.7968078,341.9747543334961,138.57421875,0
1595873090.8068194,343.77685546875,138.57421875,0
1595873090.8168166,345.57633876800537,138.57421875,0
1595873090.8268156,347.37616539001465,138.57421875,0
1595873090.8368127,349.17564868927,138.57421875,0
1595873090.8468084,350.97487449645996,138.57421875,0
1595873090.856816,352.7762460708618,138.57421875,0
1595873090.8668053,354.5743131637573,138.57421875,0
1595873090.8768103,356.37521266937256,138.57421875,0
1595873090.8868089,358.17495346069336,138.57421875,0
1595873090.896823,359.97748374938965,138.57421875,0
1595873090.8969648,360,138.57421875,1
1595873090.8969648,0,138.57421875,0
1595873090.8969648,138.57421875,138.57421875,0
1595873090.8970606,277.16567516326904,138.57421875,0
1595873090.897084,277.1698808670044,138.57421875,0
1595873090.8971071,277.1740436553955,138.57421875,0
1595873090.89713,277.1781635284424,138.57421875,0
1595873090.8971527,277.182240486145,138.57421875,0
1595873090.8971758,277.18640327453613,138.57421875,0
1595873090.897199,277.19056606292725,138.57421875,0
1595873090.8972228,277.1948575973511,138.57421875,0
1595873090.897246,277.1990203857422,138.57421875,0
1595873090.897269,277.2031831741333,138.57421875,0
1595873090.8972912,277.20717430114746,138.57421875,0
1595873090.8973143,277.2113370895386,138.57421875,0
1595873090.8973372,277.21545696258545,138.57421875,0
1595873090.8973598,277.2195339202881,138.57421875,0
1595873090.8973827,277.22365379333496,138.57421875,0
1595873090.8974054,277.2277307510376,138.57421875,0
1595873090.897428,277.23180770874023,138.57421875,0
1595873090.8974652,277.2385025024414,138.57421875,0
1595873090.897489,277.24279403686523,138.57421875,0
1595873090.8975122,277.24695682525635,138.57421875,0
1595873090.897535,277.2510766983032,138.57421875,0
1595873090.897558,277.2551965713501,138.57421875,0
1595873090.8975809,277.259316444397,138.57421875,0
1595873090.8976038,277.26343631744385,138.57421875,0
1595873090.8976266,277.2675561904907,138.57421875,0
1595873090.8976498,277.27171897888184,138.57421875,0
1595873090.8976722,277.27575302124023,138.57421875,0
1595873090.897695,277.2798728942871,138.57421875,0
1595873090.8977177,277.28394985198975,138.57421875,0
1595873090.8977404,277.2880268096924,138.57421875,0
1595873090.8977628,277.2920608520508,138.57421875,0
1595873090.897786,277.2962236404419,138.57421875,0
1595873090.8978083,277.3002576828003,138.57421875,0
1595873090.8978312,277.30437755584717,138.57421875,0
1595873090.8978539,277.3084545135498,138.57421875,0
1595873090.8978765,277.31253147125244,138.57421875,0
1595873090.8978992,277.3166084289551,138.57421875,0
1595873090.897922,277.32072830200195,138.57421875,0
1595873090.897945,277.3248481750488,138.57421875,0
1595873090.8979673,277.3288822174072,138.57421875,0
1595873090.89799,277.33295917510986,138.57421875,0
1595873090.8980124,277.33699321746826,138.57421875,0
1595873090.8980353,277.34111309051514,138.57421875,0
1595873090.8980577,277.34514713287354,138.57421875,0
1595873090.8980806,277.3492670059204,138.57421875,0
1595873090.8981032,277.35334396362305,138.57421875,0
1595873090.8981261,277.3574638366699,138.57421875,0
1595873090.8981488,277.36154079437256,138.57421875,0
1595873090.8981714,277.3656177520752,138.57421875,0
1595873090.898194,277.36969470977783,138.57421875,0
1595873090.898217,277.3738145828247,138.57421875,0
1595873090.8982399,277.3779344558716,138.57421875,0
1595873090.8982623,277.38196849823,138.57421875,0
1595873090.898285,277.3860454559326,138.57421875,0
1595873090.8983078,277.3901653289795,138.57421875,0
1595873090.8983307,277.39428520202637,138.57421875,0
1595873090.8983533,277.398362159729,138.57421875,0
1595873090.898376,277.40243911743164,138.57421875,0
1595873090.8983989,277.4065589904785,138.57421875,0
1595873090.8984218,277.4106788635254,138.57421875,0
1595873090.8984447,277.41479873657227,138.57421875,0
1595873090.8984673,277.4188756942749,138.57421875,0
1595873090.8984902,277.4229955673218,138.57421875,0
1595873090.8985128,277.4270725250244,138.57421875,0
1595873090.8985362,277.43127822875977,138.57421875,0
1595873090.8985593,277.4354410171509,138.57421875,0
1595873090.898582,277.4395179748535,138.57421875,0
1595873090.8986049,277.4436378479004,138.57421875,0
1595873090.8986273,277.4476718902588,138.57421875,0
1595873090.8986583,277.45325088500977,138.57421875,0
1595873090.898682,277.4575424194336,138.57421875,0
1595873090.8987103,277.4626064300537,138.57421875,0
1595873090.8987339,277.4668550491333,138.57421875,0
1595873090.898757,277.4710178375244,138.57421875,0
1595873090.8987796,277.47509479522705,138.57421875,0
1595873090.8988023,277.4791717529297,138.57421875,0
1595873090.9071145,278.9753723144531,138.57421875,0
1595873090.917113,280.7751131057739,138.57421875,0
1595873090.9271193,282.57622718811035,138.57421875,0
1595873090.9371192,284.3762254714966,138.57421875,0
1595873090.9471195,286.17626667022705,138.57421875,0
1595873090.9571166,287.9757499694824,138.57421875,0
1595873090.9671113,289.7748041152954,138.57421875,0
1595873090.977115,291.5754461288452,138.57421875,0
1595873090.9871128,293.3750581741333,138.57421875,0
1595873090.9971254,295.17733097076416,138.57421875,0
1595873091.007111,296.9747543334961,138.57421875,0
1595873091.0171115,298.7748384475708,138.57421875,0
1595873091.0271125,300.575008392334,138.57421875,0
1595873091.0371192,302.3762083053589,138.57421875,0
1595873091.0471127,304.1750478744507,138.57421875,0
1595873091.0571082,305.9742307662964,138.57421875,0
1595873091.067118,307.7759885787964,138.57421875,0
1595873091.077117,309.57581520080566,138.57421875,0
1595873091.087117,311.3758134841919,138.57421875,0
1595873091.0971193,313.1762409210205,138.57421875,0
1595873091.107113,314.9750804901123,138.57421875,0
1595873091.1171265,316.7775249481201,138.57421875,0
1595873091.127115,318.5754632949829,138.57421875,0
1595873091.1371188,320.37614822387695,138.57421875,0
1595873091.147116,322.1756315231323,138.57421875,0
1595873091.1571267,323.9775609970093,138.57421875,0
1595873091.1671166,325.7757568359375,138.57421875,0
1595873091.1771147,327.5754117965698,138.57421875,0
1595873091.1871128,329.37506675720215,138.57421875,0
1595873091.1971145,331.17536544799805,138.57421875,0
1595873091.2071092,332.97441959381104,138.57421875,0
1595873091.217125,334.777250289917,138.57421875,0
1595873091.2271125,336.57501697540283,138.57421875,0
1595873091.2371216,338.3766460418701,138.57421875,0
1595873091.247118,340.1760005950928,138.57421875,0
1595873091.257109,341.97436809539795,138.57421875,0
1595873091.267124,343.7770700454712,138.57421875,0
1595873091.2771237,345.5770254135132,138.57421875,0
1595873091.287121,347.3765516281128,138.57421875,0
1595873091.2971234,349.1769790649414,138.57421875,0
1595873091.307108,350.97418785095215,138.57421875,0
1595873091.317119,352.77616024017334,138.57421875,0
1595873091.3271158,354.5756006240845,138.57421875,0
1595873091.337122,356.3767147064209,138.57421875,0
1595873091.3471167,358.1757688522339,138.57421875,0
1595873091.3571115,359.9748229980469,138.57421875,0
1595873091.3572528,360,138.57421875,1
1595873091.3572528,0,138.57421875,0
1595873091.3572528,138.57421875,138.57421875,0
1595873091.3573494,277.16580390930176,138.57421875,0
1595873091.3573732,277.1700954437256,138.57421875,0
1595873091.3573956,277.174129486084,138.57421875,0
1595873091.3574197,277.17846393585205,138.57421875,0
1595873091.3574564,277.18507289886475,138.57421875,0
1595873091.3574815,277.18957901000977,138.57421875,0
1595873091.3575048,277.1937847137451,138.57421875,0
1595873091.3575277,277.197904586792,138.57421875,0
1595873091.3575506,277.20202445983887,138.57421875,0
1595873091.3575737,277.20618724823,138.57421875,0
1595873091.3575964,277.2102642059326,138.57421875,0
1595873091.3576193,277.2143840789795,138.57421875,0
1595873091.357642,277.21846103668213,138.57421875,0
1595873091.3576646,277.22253799438477,138.57421875,0
1595873091.3576875,277.22665786743164,138.57421875,0
1595873091.3577101,277.2307348251343,138.57421875,0
1595873091.3577328,277.2348117828369,138.57421875,0
1595873091.3577554,277.23888874053955,138.57421875,0
1595873091.357778,277.2429656982422,138.57421875,0
1595873091.3578007,277.2470426559448,138.57421875,0
1595873091.3578234,277.25111961364746,138.57421875,0
1595873091.3578463,277.25523948669434,138.57421875,0
1595873091.3578691,277.2593593597412,138.57421875,0
1595873091.3578918,277.26343631744385,138.57421875,0
1595873091.357915,277.26759910583496,138.57421875,0
1595873091.3579373,277.27163314819336,138.57421875,0
1595873091.3579605,277.2757959365845,138.57421875,0
1595873091.3579834,277.27991580963135,138.57421875,0
1595873091.358006,277.283992767334,138.57421875,0
1595873091.358029,277.28811264038086,138.57421875,0
1595873091.3580513,277.29214668273926,138.57421875,0
1595873091.3580847,277.2981548309326,138.57421875,0
1595873091.3581073,277.30223178863525,138.57421875,0
1595873091.3581305,277.30639457702637,138.57421875,0
1595873091.3581536,277.3105573654175,138.57421875,0
1595873091.3581762,277.3146343231201,138.57421875,0
1595873091.3581994,277.31879711151123,138.57421875,0
1595873091.358222,277.32287406921387,138.57421875,0
1595873091.358245,277.32699394226074,138.57421875,0
1595873091.3582675,277.3310708999634,138.57421875,0
1595873091.3582907,277.3352336883545,138.57421875,0
1595873091.3583138,277.3393964767456,138.57421875,0
1595873091.3583364,277.34347343444824,138.57421875,0
1595873091.3583593,277.3475933074951,138.57421875,0
1595873091.358382,277.35167026519775,138.57421875,0
1595873091.3584046,277.3557472229004,138.57421875,0
1595873091.358428,277.35995292663574,138.57421875,0
1595873091.3584561,277.36501693725586,138.57421875,0
1595873091.35848,277.3693084716797,138.57421875,0
1595873091.358503,277.3734712600708,138.57421875,0
1595873091.3585262,277.3776340484619,138.57421875,0
1595873091.3585486,277.3816680908203,138.57421875,0
1595873091.3585718,277.3858308792114,138.57421875,0
1595873091.3585947,277.3899507522583,138.57421875,0
1595873091.3586173,277.39402770996094,138.57421875,0
1595873091.35864,277.3981046676636,138.57421875,0
1595873091.3586628,277.40222454071045,138.57421875,0
1595873091.3586857,277.4063444137573,138.57421875,0
1595873091.3587084,277.41042137145996,138.57421875,0
1595873091.3587313,277.41454124450684,138.57421875,0
1595873091.3587537,277.41857528686523,138.57421875,0
1595873091.3587763,277.42265224456787,138.57421875,0
1595873091.3587987,277.42668628692627,138.57421875,0
1595873091.3588216,277.43080615997314,138.57421875,0
1595873091.3588445,277.43492603302,138.57421875,0
1595873091.358867,277.4389600753784,138.57421875,0
1595873091.35889,277.44312286376953,138.57421875,0
1595873091.3589125,277.44715690612793,138.57421875,0
1595873091.3589356,277.45131969451904,138.57421875,0
1595873091.3589582,277.4553966522217,138.57421875,0
1595873091.358981,277.4594736099243,138.57421875,0
1595873091.359004,277.46363639831543,138.57421875,0
1595873091.3590267,277.46771335601807,138.57421875,0
1595873091.3590496,277.47183322906494,138.57421875,0
1595873091.3590722,277.4759101867676,138.57421875,0
1595873091.3590958,277.48015880584717,138.57421875,0
1595873091.3674066,278.9761018753052,138.57421875,0
1595873091.3774123,280.7771301269531,138.57421875,0
1595873091.3873982,282.5745964050293,138.57421875,0
1595873091.3973968,284.3743371963501,138.57421875,0
1595873091.4073966,286.1742925643921,138.57421875,0
1595873091.4174085,287.97643661499023,138.57421875,0
1595873091.4274123,289.7771215438843,138.57421875,0
1595873091.4374013,291.57514572143555,138.57421875,0
1595873091.4474008,293.3750581741333,138.57421875,0
1595873091.4574106,295.1768159866333,138.57421875,0
1595873091.4674087,296.9764709472656,138.57421875,0
1595873091.477398,298.77453804016113,138.57421875,0
1595873091.487399,300.57475090026855,138.57421875,0
1595873091.4974065,302.3760795593262,138.57421875,0
1595873091.5074072,304.1762065887451,138.57421875,0
1595873091.5174046,305.9757328033447,138.57421875,0
1595873091.5274146,307.77753353118896,138.57421875,0
1595873091.537407,309.57615852355957,138.57421875,0
1595873091.5473971,311.37439727783203,138.57421875,0
1595873091.5574124,313.1771421432495,138.57421875,0
1595873091.567405,314.97581005096436,138.57421875,0
1595873091.5774064,316.776065826416,138.57421875,0
1595873091.5874128,318.5772228240967,138.57421875,0
1595873091.5974026,320.37537574768066,138.57421875,0
1595873091.6074138,322.1773910522461,138.57421875,0
1595873091.6173959,323.97417068481445,138.57421875,0
1595873091.627413,325.77725887298584,138.57421875,0
1595873091.6374044,327.5757122039795,138.57421875,0
1595873091.6474063,329.37605381011963,138.57421875,0
1595873091.6573977,331.1745071411133,138.57421875,0
1595873091.6674104,332.97677993774414,138.57421875,0
1595873091.6774104,334.77677822113037,138.57421875,0
1595873091.6874065,336.5760898590088,138.57421875,0
1595873091.697412,338.3770751953125,138.57421875,0
1595873091.707402,340.1752710342407,138.57421875,0
1595873091.7173972,341.9744110107422,138.57421875,0
1595873091.7273993,343.77479553222656,138.57421875,0
1595873091.7373972,345.57440757751465,138.57421875,0
1595873091.7474105,347.3768091201782,138.57421875,0
1595873091.7574005,349.17500495910645,138.57421875,0
1595873091.7673955,350.9741020202637,138.57421875,0
1595873091.7774105,352.7768039703369,138.57421875,0
1595873091.787403,354.57547187805176,138.57421875,0
1595873091.797405,356.3758134841919,138.57421875,0
1595873091.8073997,358.1748676300049,138.57421875,0
1595873091.817414,359.9774408340454,138.57421875,0
1595873091.817551,360,138.57421875,1
1595873091.817551,0,138.57421875,0
1595873091.817551,138.57421875,138.57421875,0
1595873091.8176708,277.1700096130371,138.57421875,0
1595873091.8176942,277.17421531677246,138.57421875,0
1595873091.8177176,277.1784210205078,138.57421875,0
1595873091.8177404,277.1825408935547,138.57421875,0
1595873091.8177633,277.18666076660156,138.57421875,0
1595873091.8177867,277.1908664703369,138.57421875,0
1595873091.8178093,277.19494342803955,138.57421875,0
1595873091.8178322,277.1990633010864,138.57421875,0
1595873091.817855,277.20314025878906,138.57421875,0
1595873091.8178775,277.2072172164917,138.57421875,0
1595873091.8179002,277.21129417419434,138.57421875,0
1595873091.817923,277.2154140472412,138.57421875,0
1595873091.8179457,277.21949100494385,138.57421875,0
1595873091.8179684,277.2235679626465,138.57421875,0
1595873091.817991,277.2276449203491,138.57421875,0
1595873091.8180137,277.23172187805176,138.57421875,0
1595873091.8180366,277.23584175109863,138.57421875,0
1595873091.8180592,277.23991870880127,138.57421875,0
1595873091.818082,277.24403858184814,138.57421875,0
1595873091.8181045,277.24807262420654,138.57421875,0
1595873091.8181276,277.25223541259766,138.57421875,0
1595873091.8181503,277.2563123703003,138.57421875,0
1595873091.8181732,277.26043224334717,138.57421875,0
1595873091.8182032,277.2658395767212,138.57421875,0
1595873091.8182273,277.27017402648926,138.57421875,0
1595873091.8182502,277.27429389953613,138.57421875,0
1595873091.818273,277.278413772583,138.57421875,0
1595873091.818296,277.2825336456299,138.57421875,0
1595873091.8183186,277.2866106033325,138.57421875,0
1595873091.8183415,277.2907304763794,138.57421875,0
1595873091.818364,277.2947645187378,138.57421875,0
1595873091.8183882,277.2991418838501,138.57421875,0
1595873091.8184114,277.3033046722412,138.57421875,0
1595873091.818434,277.30738162994385,138.57421875,0
1595873091.818457,277.3115015029907,138.57421875,0
1595873091.8184793,277.3155355453491,138.57421875,0
1595873091.818502,277.31961250305176,138.57421875,0
1595873091.8185246,277.3236894607544,138.57421875,0
1595873091.8185475,277.32780933380127,138.57421875,0
1595873091.81857,277.33184337615967,138.57421875,0
1595873091.818593,277.3360061645508,138.57421875,0
1595873091.818616,277.34012603759766,138.57421875,0
1595873091.8186383,277.34416007995605,138.57421875,0
1595873091.8186615,277.34832286834717,138.57421875,0
1595873091.818684,277.3523998260498,138.57421875,0
1595873091.8187072,277.3565626144409,138.57421875,0
1595873091.8187299,277.36063957214355,138.57421875,0
1595873091.8187528,277.36475944519043,138.57421875,0
1595873091.8187757,277.3688793182373,138.57421875,0
1595873091.8187983,277.37295627593994,138.57421875,0
1595873091.818821,277.3770332336426,138.57421875,0
1595873091.8188436,277.3811101913452,138.57421875,0
1595873091.8188663,277.38518714904785,138.57421875,0
1595873091.8188887,277.38922119140625,138.57421875,0
1595873091.8189116,277.3933410644531,138.57421875,0
1595873091.818934,277.3973751068115,138.57421875,0
1595873091.8189569,277.4014949798584,138.57421875,0
1595873091.8189793,277.4055290222168,138.57421875,0
1595873091.819002,277.40960597991943,138.57421875,0
1595873091.8190243,277.41364002227783,138.57421875,0
1595873091.819047,277.41771697998047,138.57421875,0
1595873091.8190696,277.4217939376831,138.57421875,0
1595873091.819092,277.4258279800415,138.57421875,0
1595873091.8191144,277.4298620223999,138.57421875,0
1595873091.819137,277.43393898010254,138.57421875,0
1595873091.8191595,277.43797302246094,138.57421875,0
1595873091.8191824,277.4420928955078,138.57421875,0
1595873091.8192048,277.4461269378662,138.57421875,0
1595873091.8192277,277.4502468109131,138.57421875,0
1595873091.8192503,277.4543237686157,138.57421875,0
1595873091.8192732,277.4584436416626,138.57421875,0
1595873091.819296,277.46252059936523,138.57421875,0
1595873091.8193185,277.46659755706787,138.57421875,0
1595873091.819341,277.47063159942627,138.57421875,0
1595873091.8193636,277.4747085571289,138.57421875,0
1595873091.8193865,277.4788284301758,138.57421875,0
1595873091.8277109,278.97721767425537,138.57421875,0
1595873091.837694,280.7741689682007,138.57421875,0
1595873091.847703,282.57579803466797,138.57421875,0
1595873091.8577087,284.3768262863159,138.57421875,0
1595873091.8677084,286.1767816543579,138.57421875,0
1595873091.8777108,287.9772090911865,138.57421875,0
1595873091.887708,289.7766923904419,138.57421875,0
1595873091.897701,291.5754461288452,138.57421875,0
1595873091.9077117,293.37737560272217,138.57421875,0
1595873091.917701,295.1754426956177,138.57421875,0
1595873091.9277124,296.97750091552734,138.57421875,0
1595873091.9377072,298.77655506134033,138.57421875,0
1595873091.9477065,300.57642459869385,138.57421875,0
1595873091.957698,302.37492084503174,138.57421875,0
1595873091.967705,304.1761636734009,138.57421875,0
1595873091.977701,305.97543239593506,138.57421875,0
1595873091.9877021,307.7756452560425,138.57421875,0
1595873091.9977086,309.57680225372314,138.57421875,0
1595873092.0077047,311.37611389160156,138.57421875,0
1595873092.0176995,313.17516803741455,138.57421875,0
1595873092.0277088,314.9768400192261,138.57421875,0
1595873092.0377035,316.77589416503906,138.57421875,0
1595873092.0476947,318.5743045806885,138.57421875,0
1595873092.057705,320.37614822387695,138.57421875,0
1595873092.0677006,322.1753740310669,138.57421875,0
1595873092.0777023,323.9756727218628,138.57421875,0
1595873092.087696,325.7745552062988,138.57421875,0
1595873092.0976968,327.5746822357178,138.57421875,0
1595873092.1077096,329.37699794769287,138.57421875,0
1595873092.1176999,331.17523670196533,138.57421875,0
1595873092.1276987,332.97502040863037,138.57421875,0
1595873092.1376944,334.7742462158203,138.57421875,0
1595873092.1477075,336.57660484313965,138.57421875,0
1595873092.1577053,338.37621688842773,138.57421875,0
1595873092.1677074,340.1766014099121,138.57421875,0
1595873092.177706,341.9763422012329,138.57421875,0
1595873092.1876967,343.77466678619385,138.57421875,0
1595873092.1977098,345.5770254135132,138.57421875,0
1595873092.2077107,347.37719535827637,138.57421875,0
1595873092.2176988,349.1750478744507,138.57421875,0
1595873092.2277093,350.9769344329834,138.57421875,0
1595873092.2377024,352.7756881713867,138.57421875,0
1595873092.2476957,354.5744848251343,138.57421875,0
1595873092.257702,356.37564182281494,138.57421875,0
1595873092.2677116,358.1773567199707,138.57421875,0
1595873092.2776942,359.97422218322754,138.57421875,0
1595873092.2778566,360,138.57421875,1
1595873092.2778566,0,138.57421875,0
1595873092.2778566,138.57421875,138.57421875,0
1595873092.2779624,277.16747760772705,138.57421875,0
1595873092.2779863,277.1717691421509,138.57421875,0
1595873092.2780097,277.17597484588623,138.57421875,0
1595873092.2780323,277.18005180358887,138.57421875,0
1595873092.2780552,277.18417167663574,138.57421875,0
1595873092.2780778,277.1882486343384,138.57421875,0
1595873092.278101,277.1924114227295,138.57421875,0
1595873092.278124,277.1965742111206,138.57421875,0
1595873092.2781467,277.20065116882324,138.57421875,0
1595873092.2781696,277.2047710418701,138.57421875,0
1595873092.2781928,277.20893383026123,138.57421875,0
1595873092.2782152,277.21296787261963,138.57421875,0
1595873092.2782383,277.21713066101074,138.57421875,0
1595873092.278261,277.2212076187134,138.57421875,0
1595873092.278284,277.2253704071045,138.57421875,0
1595873092.2783067,277.22944736480713,138.57421875,0
1595873092.2783296,277.233567237854,138.57421875,0
1595873092.2783527,277.2377300262451,138.57421875,0
1595873092.2783754,277.24180698394775,138.57421875,0
1595873092.2783983,277.24592685699463,138.57421875,0
1595873092.278421,277.25000381469727,138.57421875,0
1595873092.2784438,277.25412368774414,138.57421875,0
1595873092.2784665,277.2582006454468,138.57421875,0
1595873092.2784894,277.26232051849365,138.57421875,0
1595873092.2785122,277.2664403915405,138.57421875,0
1595873092.278535,277.27051734924316,138.57421875,0
1595873092.2785578,277.27463722229004,138.57421875,0
1595873092.2785807,277.2787570953369,138.57421875,0
1595873092.2786033,277.28283405303955,138.57421875,0
1595873092.278626,277.2869110107422,138.57421875,0
1595873092.2786489,277.29103088378906,138.57421875,0
1595873092.278672,277.2951936721802,138.57421875,0
1595873092.2786944,277.2992277145386,138.57421875,0
1595873092.2787173,277.30334758758545,138.57421875,0
1595873092.2788925,277.3348903656006,138.57421875,0
1595873092.2789178,277.33943939208984,138.57421875,0
1595873092.2789414,277.34368801116943,138.57421875,0
1595873092.2789645,277.34785079956055,138.57421875,0
1595873092.2789955,277.3534297943115,138.57421875,0
1595873092.2790184,277.3575496673584,138.57421875,0
1595873092.2790415,277.3617124557495,138.57421875,0
1595873092.2790647,277.3658752441406,138.57421875,0
1595873092.2790875,277.3699951171875,138.57421875,0
1595873092.2791107,277.3741579055786,138.57421875,0
1595873092.2791336,277.3782777786255,138.57421875,0
1595873092.2791564,277.38239765167236,138.57421875,0
1595873092.2791793,277.38651752471924,138.57421875,0
1595873092.279202,277.3905944824219,138.57421875,0
1595873092.2792249,277.39471435546875,138.57421875,0
1595873092.2792475,277.3987913131714,138.57421875,0
1595873092.2792704,277.40291118621826,138.57421875,0
1595873092.2792928,277.40694522857666,138.57421875,0
1595873092.279316,277.4111080169678,138.57421875,0
1595873092.2793386,277.4151849746704,138.57421875,0
1595873092.2793615,277.4193048477173,138.57421875,0
1595873092.2793841,277.4233818054199,138.57421875,0
1595873092.279407,277.4275016784668,138.57421875,0
1595873092.27943,277.4316215515137,138.57421875,0
1595873092.279453,277.4357843399048,138.57421875,0
1595873092.279476,277.43990421295166,138.57421875,0
1595873092.2794986,277.4439811706543,138.57421875,0
1595873092.2795212,277.44805812835693,138.57421875,0
1595873092.279544,277.4521780014038,138.57421875,0
1595873092.2795668,277.45625495910645,138.57421875,0
1595873092.2795894,277.4603319168091,138.57421875,0
1595873092.2796118,277.4643659591675,138.57421875,0
1595873092.2796342,277.4684000015259,138.57421875,0
1595873092.2796566,277.4724340438843,138.57421875,0
1595873092.2796795,277.47655391693115,138.57421875,0
1595873092.279702,277.48058795928955,138.57421875,0
1595873092.2797248,277.4847078323364,138.57421875,0
1595873092.2797477,277.4888277053833,138.57421875,0
1595873092.2797704,277.49290466308594,138.57421875,0
1595873092.2797928,277.49693870544434,138.57421875,0
1595873092.2798154,277.501015663147,138.57421875,0
1595873092.2798383,277.50513553619385,138.57421875,0
1595873092.2880087,278.9758014678955,138.57421875,0
1595873092.298002,280.77459812164307,138.57421875,0
1595873092.3080115,282.5763130187988,138.57421875,0
1595873092.3180177,284.37742710113525,138.57421875,0
1595873092.3280187,286.17759704589844,138.57421875,0
1595873092.3380105,287.97613620758057,138.57421875,0
1595873092.3480039,289.7749328613281,138.57421875,0
1595873092.3580077,291.57561779022217,138.57421875,0
1595873092.3680158,293.3770751953125,138.57421875,0
1595873092.3780146,295.17685890197754,138.57421875,0
1595873092.3880029,296.9747543334961,138.57421875,0
1595873092.3980093,298.77591133117676,138.57421875,0
1595873092.4080102,300.57608127593994,138.57421875,0
1595873092.4180114,302.37629413604736,138.57421875,0
1595873092.4280005,304.17431831359863,138.57421875,0
1595873092.4380183,305.97753524780273,138.57421875,0
1595873092.4480054,307.7752161026001,138.57421875,0
1595873092.4580035,309.5748710632324,138.57421875,0
1595873092.4680016,311.37452602386475,138.57421875,0
1595873092.4780018,313.1745672225952,138.57421875,0
1595873092.4880116,314.9763250350952,138.57421875,0
1595873092.4979994,316.7741346359253,138.57421875,0
1595873092.5080154,318.5770082473755,138.57421875,0
1595873092.518,320.37421703338623,138.57421875,0
1595873092.5280027,322.1747303009033,138.57421875,0
1595873092.538011,323.9762306213379,138.57421875,0
1595873092.548016,325.7771301269531,138.57421875,0
1595873092.5580034,327.5748538970947,138.57421875,0
1595873092.5680158,329.37708377838135,138.57421875,0
1595873092.5780187,331.17759704589844,138.57421875,0
1595873092.5880036,332.97489166259766,138.57421875,0
1595873092.5980058,334.77527618408203,138.57421875,0
1595873092.6080072,336.5755319595337,138.57421875,0
1595873092.6180055,338.37522983551025,138.57421875,0
1595873092.6280148,340.1769018173218,138.57421875,0
1595873092.6380177,341.97741508483887,138.57421875,0
1595873092.6480124,343.77646923065186,138.57421875,0
1595873092.6580021,345.57462215423584,138.57421875,0
1595873092.6680143,347.3768091201782,138.57421875,0
1595873092.6780088,349.175820350647,138.57421875,0
1595873092.6879997,350.97418785095215,138.57421875,0
1595873092.6979997,352.7741861343384,138.57421875,0
1595873092.7080095,354.5759439468384,138.57421875,0
1595873092.7180033,356.3748264312744,138.57421875,0
1595873092.7280126,358.17649841308594,138.57421875,0
1595873092.7379997,359.9741792678833,138.57421875,0
1595873092.7381487,360,138.57421875,1
1595873092.7381487,0,138.57421875,0
1595873092.7381487,138.57421875,138.57421875,0
1595873092.7382658,277.16949462890625,138.57421875,0
1595873092.7382894,277.17374324798584,138.57421875,0
1595873092.7383127,277.1779489517212,138.57421875,0
1595873092.7383358,277.1821117401123,138.57421875,0
1595873092.7383587,277.1862316131592,138.57421875,0
1595873092.7383819,277.1903944015503,138.57421875,0
1595873092.7384048,277.19451427459717,138.57421875,0
1595873092.7384276,277.19863414764404,138.57421875,0
1595873092.7384503,277.2027111053467,138.57421875,0
1595873092.738473,277.2067880630493,138.57421875,0
1595873092.7384958,277.2109079360962,138.57421875,0
1595873092.7385182,277.2149419784546,138.57421875,0
1595873092.738541,277.2190189361572,138.57421875,0
1595873092.7385635,277.22309589385986,138.57421875,0
1595873092.7385867,277.227258682251,138.57421875,0
1595873092.738609,277.2312927246094,138.57421875,0
1595873092.7386315,277.2353267669678,138.57421875,0
1595873092.7386541,277.2394037246704,138.57421875,0
1595873092.7386768,277.24348068237305,138.57421875,0
1595873092.738699,277.2474718093872,138.57421875,0
1595873092.7387218,277.2515916824341,138.57421875,0
1595873092.7387443,277.2556257247925,138.57421875,0
1595873092.7387671,277.25974559783936,138.57421875,0
1595873092.7387898,277.263822555542,138.57421875,0
1595873092.7388127,277.26794242858887,138.57421875,0
1595873092.7388356,277.27206230163574,138.57421875,0
1595873092.7388582,277.2761392593384,138.57421875,0
1595873092.7388809,277.280216217041,138.57421875,0
1595873092.7389033,277.2842502593994,138.57421875,0
1595873092.7389262,277.2883701324463,138.57421875,0
1595873092.7389486,277.2924041748047,138.57421875,0
1595873092.7389715,277.29652404785156,138.57421875,0
1595873092.7389941,277.3006010055542,138.57421875,0
1595873092.739017,277.3047208786011,138.57421875,0
1595873092.7390394,277.3087549209595,138.57421875,0
1595873092.7390623,277.31287479400635,138.57421875,0
1595873092.7390847,277.31690883636475,138.57421875,0
1595873092.7391078,277.32107162475586,138.57421875,0
1595873092.7391303,277.32510566711426,138.57421875,0
1595873092.7391531,277.32922554016113,138.57421875,0
1595873092.739176,277.333345413208,138.57421875,0
1595873092.7391982,277.33733654022217,138.57421875,0
1595873092.7392213,277.3414993286133,138.57421875,0
1595873092.7392437,277.3455333709717,138.57421875,0
1595873092.7392666,277.34965324401855,138.57421875,0
1595873092.7392893,277.3537302017212,138.57421875,0
1595873092.7393122,277.35785007476807,138.57421875,0
1595873092.7393348,277.3619270324707,138.57421875,0
1595873092.739358,277.3660898208618,138.57421875,0
1595873092.7393806,277.37016677856445,138.57421875,0
1595873092.739403,277.37420082092285,138.57421875,0
1595873092.739426,277.3783206939697,138.57421875,0
1595873092.7394488,277.3824405670166,138.57421875,0
1595873092.739472,277.3866033554077,138.57421875,0
1595873092.7394946,277.39068031311035,138.57421875,0
1595873092.7395175,277.3948001861572,138.57421875,0
1595873092.7395399,277.3988342285156,138.57421875,0
1595873092.7395627,277.4029541015625,138.57421875,0
1595873092.7395852,277.4069881439209,138.57421875,0
1595873092.7396078,277.41106510162354,138.57421875,0
1595873092.7396307,277.4151849746704,138.57421875,0
1595873092.739653,277.4192190170288,138.57421875,0
1595873092.739676,277.4233388900757,138.57421875,0
1595873092.7396986,277.4274158477783,138.57421875,0
1595873092.7397213,277.43149280548096,138.57421875,0
1595873092.739744,277.4355697631836,138.57421875,0
1595873092.7397668,277.43968963623047,138.57421875,0
1595873092.739789,277.44368076324463,138.57421875,0
1595873092.739812,277.4478006362915,138.57421875,0
1595873092.7398348,277.4519205093384,138.57421875,0
1595873092.7398572,277.4559545516968,138.57421875,0
1595873092.73988,277.46007442474365,138.57421875,0
1595873092.7399025,277.46410846710205,138.57421875,0
1595873092.739925,277.46814250946045,138.57421875,0
1595873092.7399478,277.4722623825073,138.57421875,0
1595873092.7399704,277.47633934020996,138.57421875,0
1595873092.7483077,278.9770460128784,138.57421875,0
1595873092.7582972,280.77515602111816,138.57421875,0
1595873092.7682981,282.57532596588135,138.57421875,0
1595873092.7783012,284.3758821487427,138.57421875,0
1595873092.7882936,286.1745071411133,138.57421875,0
1595873092.798303,287.9761791229248,138.57421875,0
1595873092.8082922,289.7742462158203,138.57421875,0
1595873092.8183045,291.57647609710693,138.57421875,0
1595873092.8282921,293.3742427825928,138.57421875,0
1595873092.838292,295.17419815063477,138.57421875,0
1595873092.8483038,296.9763422012329,138.57421875,0
1595873092.8583102,298.7774991989136,138.57421875,0
1595873092.868302,300.5760383605957,138.57421875,0
1595873092.8782952,302.374792098999,138.57421875,0
1595873092.8882916,304.1741466522217,138.57421875,0
1595873092.8982997,305.975604057312,138.57421875,0
1595873092.9083092,307.7773189544678,138.57421875,0
1595873092.918309,309.57727432250977,138.57421875,0
1595873092.9283009,311.3758134841919,138.57421875,0
1595873092.9382982,313.1753396987915,138.57421875,0
1595873092.948308,314.9770975112915,138.57421875,0
1595873092.958299,316.7754650115967,138.57421875,0
1595873092.9683053,318.57662200927734,138.57421875,0
1595873092.9782994,320.3755474090576,138.57421875,0
1595873092.9882963,322.17498779296875,138.57421875,0
1595873092.998295,323.9747714996338,138.57421875,0
1595873093.0082972,325.77515602111816,138.57421875,0
1595873093.0183103,327.5775146484375,138.57421875,0
1595873093.0282965,329.3750238418579,138.57421875,0
1595873093.038292,331.1742067337036,138.57421875,0
1595873093.048299,332.975492477417,138.57421875,0
1595873093.0583053,334.7766065597534,138.57421875,0
1595873093.0683029,336.57617568969727,138.57421875,0
1595873093.0783072,338.3769464492798,138.57421875,0
1595873093.0882983,340.1753568649292,138.57421875,0
1595873093.0983071,341.97694301605225,138.57421875,0
1595873093.10831,343.77745628356934,138.57421875,0
1595873093.1183069,345.57689666748047,138.57421875,0
1595873093.128305,347.3765516281128,138.57421875,0
1595873093.1382995,349.17556285858154,138.57421875,0
1595873093.148305,350.97654819488525,138.57421875,0
1595873093.1583004,352.77573108673096,138.57421875,0
1595873093.1683095,354.57736015319824,138.57421875,0
1595873093.1782925,356.37431144714355,138.57421875,0
1595873093.188297,358.1751251220703,138.57421875,0
1595873093.1982968,359.9750804901123,138.57421875,0
1595873093.198439,360,138.57421875,1
1595873093.198439,0,138.57421875,0
1595873093.198439,138.57421875,138.57421875,0
1595873093.1985366,277.16601848602295,138.57421875,0
1595873093.1985598,277.17018127441406,138.57421875,0
1595873093.1985831,277.1743869781494,138.57421875,0
1595873093.1986058,277.17846393585205,138.57421875,0
1595873093.198629,277.18262672424316,138.57421875,0
1595873093.1986516,277.1867036819458,138.57421875,0
1595873093.1986744,277.1908235549927,138.57421875,0
1595873093.1986976,277.1949863433838,138.57421875,0
1595873093.1987207,277.1991491317749,138.57421875,0
1595873093.1987438,277.203311920166,138.57421875,0
1595873093.1987667,277.2074317932129,138.57421875,0
1595873093.1987894,277.2115087509155,138.57421875,0
1595873093.198812,277.21558570861816,138.57421875,0
1595873093.198835,277.21970558166504,138.57421875,0
1595873093.1988578,277.2238254547119,138.57421875,0
1595873093.1988804,277.22790241241455,138.57421875,0
1595873093.1989033,277.2320222854614,138.57421875,0
1595873093.198926,277.23609924316406,138.57421875,0
1595873093.198949,277.2402620315552,138.57421875,0
1595873093.1989717,277.2443389892578,138.57421875,0
1595873093.1989942,277.2483730316162,138.57421875,0
1595873093.1990168,277.25244998931885,138.57421875,0
1595873093.1990395,277.2565269470215,138.57421875,0
1595873093.1990623,277.26064682006836,138.57421875,0
1595873093.199085,277.264723777771,138.57421875,0
1595873093.199108,277.26884365081787,138.57421875,0
1595873093.1991305,277.2729206085205,138.57421875,0
1595873093.1991534,277.2770404815674,138.57421875,0
1595873093.1991765,277.2812032699585,138.57421875,0
1595873093.1991992,277.28528022766113,138.57421875,0
1595873093.1992218,277.28935718536377,138.57421875,0
1595873093.1992445,277.2934341430664,138.57421875,0
1595873093.1992671,277.29751110076904,138.57421875,0
1595873093.1992896,277.30154514312744,138.57421875,0
1595873093.1993124,277.3056650161743,138.57421875,0
1595873093.199335,277.30974197387695,138.57421875,0
1595873093.199358,277.3138618469238,138.57421875,0
1595873093.1993806,277.31793880462646,138.57421875,0
1595873093.1994035,277.32205867767334,138.57421875,0
1595873093.199426,277.32609272003174,138.57421875,0
1595873093.1994488,277.3302125930786,138.57421875,0
1595873093.1994717,277.3343324661255,138.57421875,0
1595873093.1994944,277.3384094238281,138.57421875,0
1595873093.1995173,277.342529296875,138.57421875,0
1595873093.1995401,277.3466491699219,138.57421875,0
1595873093.19957,277.35201358795166,138.57421875,0
1595873093.1995938,277.3563051223755,138.57421875,0
1595873093.1996167,277.36042499542236,138.57421875,0
1595873093.1996398,277.3645877838135,138.57421875,0
1595873093.1996627,277.36870765686035,138.57421875,0
1595873093.199685,277.37274169921875,138.57421875,0
1595873093.1997077,277.3768186569214,138.57421875,0
1595873093.1997364,277.38196849823,138.57421875,0
1595873093.19976,277.38621711730957,138.57421875,0
1595873093.1997828,277.39033699035645,138.57421875,0
1595873093.199806,277.39449977874756,138.57421875,0
1595873093.199829,277.3986625671387,138.57421875,0
1595873093.1998518,277.4027395248413,138.57421875,0
1595873093.1998746,277.4068593978882,138.57421875,0
1595873093.199897,277.4108934402466,138.57421875,0
1595873093.1999197,277.4149703979492,138.57421875,0
1595873093.1999424,277.41904735565186,138.57421875,0
1595873093.199965,277.4231243133545,138.57421875,0
1595873093.1999874,277.4271583557129,138.57421875,0
1595873093.2000105,277.431321144104,138.57421875,0
1595873093.200033,277.4353551864624,138.57421875,0
1595873093.2000558,277.4394750595093,138.57421875,0
1595873093.2000785,277.4435520172119,138.57421875,0
1595873093.2001014,277.4476718902588,138.57421875,0
1595873093.2001243,277.45179176330566,138.57421875,0
1595873093.2001467,277.45582580566406,138.57421875,0
1595873093.2001696,277.45994567871094,138.57421875,0
1595873093.200192,277.46397972106934,138.57421875,0
1595873093.2002149,277.4680995941162,138.57421875,0
1595873093.2002373,277.4721336364746,138.57421875,0
1595873093.20026,277.47621059417725,138.57421875,0
1595873093.208597,278.97687435150146,138.57421875,0
1595873093.2185917,280.77592849731445,138.57421875,0
1595873093.2285998,282.5773859024048,138.57421875,0
1595873093.2385817,284.3741226196289,138.57421875,0
1595873093.2485886,286.17536544799805,138.57421875,0
1595873093.258597,287.9768657684326,138.57421875,0
1595873093.268599,289.777250289917,138.57421875,0
1595873093.2785926,291.5760898590088,138.57421875,0
1595873093.2885816,293.37411403656006,138.57421875,0
1595873093.298593,295.1761722564697,138.57421875,0
1595873093.3085968,296.97685718536377,138.57421875,0
1595873093.3185875,298.7751817703247,138.57421875,0
1595873093.3285944,300.57642459869385,138.57421875,0
1595873093.3385892,302.37547874450684,138.57421875,0
1595873093.3486001,304.177451133728,138.57421875,0
1595873093.3586001,305.97744941711426,138.57421875,0
1595873093.3685837,307.77448654174805,138.57421875,0
1595873093.3785892,309.57547187805176,138.57421875,0
1595873093.3885837,311.3744831085205,138.57421875,0
1595873093.398589,313.17542552948,138.57421875,0
1595873093.408599,314.9772262573242,138.57421875,0
1595873093.4185994,316.7773103713989,138.57421875,0
1595873093.4285889,318.5754203796387,138.57421875,0
1595873093.4385948,320.37649154663086,138.57421875,0
1595873093.4485989,322.17721939086914,138.57421875,0
1595873093.4585874,323.97515773773193,138.57421875,0
1595873093.4685857,325.7748556137085,138.57421875,0
1595873093.4785924,327.5760555267334,138.57421875,0
1595873093.4885948,329.376482963562,138.57421875,0
1595873093.4986,331.1774253845215,138.57421875,0
1595873093.508591,332.97579288482666,138.57421875,0
1595873093.5185843,334.7745895385742,138.57421875,0
1595873093.5285912,336.57583236694336,138.57421875,0
1595873093.538586,338.37488651275635,138.57421875,0
1595873093.5485866,340.1750135421753,138.57421875,0
1595873093.5585933,341.9762134552002,138.57421875,0
1595873093.5685878,343.77522468566895,138.57421875,0
1595873093.5785854,345.5747938156128,138.57421875,0
1595873093.5885952,347.3765516281128,138.57421875,0
1595873093.5985992,349.1772794723511,138.57421875,0
1595873093.6085858,350.97487449645996,138.57421875,0
1595873093.6185956,352.77663230895996,138.57421875,0
1595873093.628598,354.5770597457886,138.57421875,0
1595873093.6385813,356.3740539550781,138.57421875,0
1595873093.6485856,358.17482471466064,138.57421875,0
1595873093.658585,359.9747371673584,138.57421875,0
1595873093.6587267,360,138.57421875,1
1595873093.6587267,0,138.57421875,0
1595873093.6587267,138.57421875,138.57421875,0
1595873093.6588223,277.1656322479248,138.57421875,0
1595873093.6588461,277.16992378234863,138.57421875,0
1595873093.6588695,277.174129486084,138.57421875,0
1595873093.6588926,277.1782922744751,138.57421875,0
1595873093.6589155,277.182412147522,138.57421875,0
1595873093.6589384,277.18653202056885,138.57421875,0
1595873093.6589613,277.1906518936157,138.57421875,0
1595873093.6589918,277.1961450576782,138.57421875,0
1595873093.6590147,277.2002649307251,138.57421875,0
1595873093.6590376,277.204384803772,138.57421875,0
1595873093.6590605,277.20850467681885,138.57421875,0
1595873093.6590836,277.21266746520996,138.57421875,0
1595873093.6591065,277.21678733825684,138.57421875,0
1595873093.6591291,277.2208642959595,138.57421875,0
1595873093.6591518,277.2249412536621,138.57421875,0
1595873093.6591744,277.22901821136475,138.57421875,0
1595873093.659197,277.2330951690674,138.57421875,0
1595873093.65922,277.23721504211426,138.57421875,0
1595873093.6592429,277.24133491516113,138.57421875,0
1595873093.6592655,277.24541187286377,138.57421875,0
1595873093.6592882,277.2494888305664,138.57421875,0
1595873093.6593108,277.25356578826904,138.57421875,0
1595873093.6593337,277.2576856613159,138.57421875,0
1595873093.659356,277.2617197036743,138.57421875,0
1595873093.6593788,277.26579666137695,138.57421875,0
1595873093.6594014,277.2698736190796,138.57421875,0
1595873093.6594243,277.27399349212646,138.57421875,0
1595873093.6594472,277.27811336517334,138.57421875,0
1595873093.6594756,277.2832202911377,138.57421875,0
1595873093.659499,277.28742599487305,138.57421875,0
1595873093.6595223,277.2916316986084,138.57421875,0
1595873093.6595452,277.2957515716553,138.57421875,0
1595873093.6595678,277.2998285293579,138.57421875,0
1595873093.6595907,277.3039484024048,138.57421875,0
1595873093.6596131,277.3079824447632,138.57421875,0
1595873093.659636,277.31210231781006,138.57421875,0
1595873093.6596584,277.31613636016846,138.57421875,0
1595873093.6596813,277.32025623321533,138.57421875,0
1595873093.6597035,277.3242473602295,138.57421875,0
1595873093.6597264,277.32836723327637,138.57421875,0
1595873093.659749,277.332444190979,138.57421875,0
1595873093.6597717,277.33652114868164,138.57421875,0
1595873093.6597943,277.3405981063843,138.57421875,0
1595873093.659817,277.3446750640869,138.57421875,0
1595873093.6598394,277.3487091064453,138.57421875,0
1595873093.659862,277.35278606414795,138.57421875,0
1595873093.6598847,277.3568630218506,138.57421875,0
1595873093.6599076,277.36098289489746,138.57421875,0
1595873093.6599305,277.36510276794434,138.57421875,0
1595873093.6599529,277.36913681030273,138.57421875,0
1595873093.6599755,277.37321376800537,138.57421875,0
1595873093.659998,277.37724781036377,138.57421875,0
1595873093.6600206,277.3813247680664,138.57421875,0
1595873093.6600432,277.38540172576904,138.57421875,0
1595873093.660066,277.3894786834717,138.57421875,0
1595873093.6600885,277.3935556411743,138.57421875,0
1595873093.6601114,277.3976755142212,138.57421875,0
1595873093.6601338,277.4017095565796,138.57421875,0
1595873093.6601567,277.40582942962646,138.57421875,0
1595873093.6601791,277.40986347198486,138.57421875,0
1595873093.6602018,277.4139404296875,138.57421875,0
1595873093.660224,277.41793155670166,138.57421875,0
1595873093.6602468,277.42205142974854,138.57421875,0
1595873093.6602695,277.4261283874512,138.57421875,0
1595873093.660292,277.43016242980957,138.57421875,0
1595873093.6603143,277.43419647216797,138.57421875,0
1595873093.6603367,277.43823051452637,138.57421875,0
1595873093.6603594,277.442307472229,138.57421875,0
1595873093.6603818,277.4463415145874,138.57421875,0
1595873093.6604042,277.4503755569458,138.57421875,0
1595873093.660427,277.4544954299927,138.57421875,0
1595873093.6604493,277.45848655700684,138.57421875,0
1595873093.660472,277.4625635147095,138.57421875,0
1595873093.6604946,277.4666404724121,138.57421875,0
1595873093.6605175,277.470760345459,138.57421875,0
1595873093.66054,277.4748373031616,138.57421875,0
1595873093.6688814,278.97627353668213,138.57421875,0
1595873093.678881,280.7761859893799,138.57421875,0
1595873093.6888857,282.5770425796509,138.57421875,0
1595873093.6988738,284.3748950958252,138.57421875,0
1595873093.708885,286.1769104003906,138.57421875,0
1595873093.7188866,287.9772090911865,138.57421875,0
1595873093.7288885,289.77755069732666,138.57421875,0
1595873093.7388818,291.5763473510742,138.57421875,0
1595873093.748886,293.37711811065674,138.57421875,0
1595873093.7588859,295.17707347869873,138.57421875,0
1595873093.7688825,296.9764709472656,138.57421875,0
1595873093.7788825,298.77646923065186,138.57421875,0
1595873093.788879,300.5758237838745,138.57421875,0
1595873093.7988873,302.3773241043091,138.57421875,0
1595873093.8088837,304.17667865753174,138.57421875,0
1595873093.8188798,305.97599029541016,138.57421875,0
1595873093.828873,307.7747440338135,138.57421875,0
1595873093.8388875,309.57736015319824,138.57421875,0
1595873093.8488853,311.3769721984863,138.57421875,0
1595873093.858882,313.1763696670532,138.57421875,0
1595873093.868874,314.9749517440796,138.57421875,0
1595873093.8788812,316.77623748779297,138.57421875,0
1595873093.8888793,318.5758924484253,138.57421875,0
1595873093.8988786,320.3757619857788,138.57421875,0
1595873093.908886,322.1770906448364,138.57421875,0
1595873093.9188826,323.9764881134033,138.57421875,0
1595873093.9288816,325.7763147354126,138.57421875,0
1595873093.9388716,327.5745105743408,138.57421875,0
1595873093.9488833,329.3766117095947,138.57421875,0
1595873093.9588788,331.17579460144043,138.57421875,0
1595873093.968871,332.97441959381104,138.57421875,0
1595873093.9788785,334.77574825286865,138.57421875,0
1595873093.9888747,336.57505989074707,138.57421875,0
1595873093.9988718,338.37454319000244,138.57421875,0
1595873094.008871,340.17441272735596,138.57421875,0
1595873094.018876,341.9753122329712,138.57421875,0
1595873094.0288813,343.77625465393066,138.57421875,0
1595873094.0388768,345.57543754577637,138.57421875,0
1595873094.0488713,347.3744487762451,138.57421875,0
1595873094.0588777,349.1756057739258,138.57421875,0
1595873094.0688746,350.9750461578369,138.57421875,0
1595873094.0788732,352.7747869491577,138.57421875,0
1595873094.0888824,354.57645893096924,138.57421875,0
1595873094.098875,356.3751268386841,138.57421875,0
1595873094.108879,358.17585468292236,138.57421875,0
1595873094.1188757,359.97525215148926,138.57421875,0
1595873094.119017,360,138.57421875,1
1595873094.119017,0,138.57421875,0
1595873094.119017,138.57421875,138.57421875,0
1595873094.119112,277.1655464172363,138.57421875,0
1595873094.1191354,277.1697521209717,138.57421875,0
1595873094.1191585,277.1739149093628,138.57421875,0
1595873094.1191814,277.17803478240967,138.57421875,0
1595873094.1192236,277.18563079833984,138.57421875,0
1595873094.119248,277.19000816345215,138.57421875,0
1595873094.1192713,277.1942138671875,138.57421875,0
1595873094.1192942,277.1983337402344,138.57421875,0
1595873094.119317,277.20245361328125,138.57421875,0
1595873094.1193395,277.20648765563965,138.57421875,0
1595873094.1193624,277.2106075286865,138.57421875,0
1595873094.1193848,277.2146415710449,138.57421875,0
1595873094.1194077,277.2187614440918,138.57421875,0
1595873094.1194303,277.22283840179443,138.57421875,0
1595873094.1194527,277.22687244415283,138.57421875,0
1595873094.1194754,277.23094940185547,138.57421875,0
1595873094.119498,277.2350263595581,138.57421875,0
1595873094.1195204,277.2390604019165,138.57421875,0
1595873094.119543,277.24313735961914,138.57421875,0
1595873094.1195655,277.24717140197754,138.57421875,0
1595873094.1195881,277.2512483596802,138.57421875,0
1595873094.1196108,277.2553253173828,138.57421875,0
1595873094.1196337,277.2594451904297,138.57421875,0
1595873094.1196566,277.26356506347656,138.57421875,0
1595873094.1196795,277.26768493652344,138.57421875,0
1595873094.1197023,277.2718048095703,138.57421875,0
1595873094.1197248,277.2758388519287,138.57421875,0
1595873094.1197474,277.27991580963135,138.57421875,0
1595873094.11977,277.283992767334,138.57421875,0
1595873094.119793,277.28811264038086,138.57421875,0
1595873094.1198153,277.29214668273926,138.57421875,0
1595873094.1198382,277.29626655578613,138.57421875,0
1595873094.119861,277.30034351348877,138.57421875,0
1595873094.1198838,277.30446338653564,138.57421875,0
1595873094.1199067,277.3085832595825,138.57421875,0
1595873094.1199296,277.3127031326294,138.57421875,0
1595873094.1199522,277.31678009033203,138.57421875,0
1595873094.119975,277.3208999633789,138.57421875,0
1595873094.1199977,277.32497692108154,138.57421875,0
1595873094.1200206,277.3290967941284,138.57421875,0
1595873094.1200435,277.3332166671753,138.57421875,0
1595873094.1200657,277.33720779418945,138.57421875,0
1595873094.1200886,277.3413276672363,138.57421875,0
1595873094.120111,277.3453617095947,138.57421875,0
1595873094.1201339,277.3494815826416,138.57421875,0
1595873094.1201565,277.35355854034424,138.57421875,0
1595873094.1201792,277.3576354980469,138.57421875,0
1595873094.1202018,277.3617124557495,138.57421875,0
1595873094.1202245,277.36578941345215,138.57421875,0
1595873094.1202471,277.3698663711548,138.57421875,0
1595873094.1202695,277.3739004135132,138.57421875,0
1595873094.1202924,277.37802028656006,138.57421875,0
1595873094.1203148,277.38205432891846,138.57421875,0
1595873094.1203442,277.38733291625977,138.57421875,0
1595873094.120367,277.39145278930664,138.57421875,0
1595873094.12039,277.3955726623535,138.57421875,0
1595873094.1204126,277.39964962005615,138.57421875,0
1595873094.1204355,277.403769493103,138.57421875,0
1595873094.1204581,277.40784645080566,138.57421875,0
1595873094.120481,277.41196632385254,138.57421875,0
1595873094.1205037,277.4160432815552,138.57421875,0
1595873094.1205266,277.42016315460205,138.57421875,0
1595873094.1205492,277.4242401123047,138.57421875,0
1595873094.120572,277.42835998535156,138.57421875,0
1595873094.1205952,277.4325227737427,138.57421875,0
1595873094.1206183,277.4366855621338,138.57421875,0
1595873094.120641,277.4407625198364,138.57421875,0
1595873094.120664,277.4448823928833,138.57421875,0
1595873094.1206868,277.4490022659302,138.57421875,0
1595873094.1207094,277.4530792236328,138.57421875,0
1595873094.120732,277.45715618133545,138.57421875,0
1595873094.1207547,277.4612331390381,138.57421875,0
1595873094.1207774,277.4653100967407,138.57421875,0
1595873094.1208,277.46938705444336,138.57421875,0
1595873094.1208231,277.4735498428345,138.57421875,0
1595873094.1208453,277.47754096984863,138.57421875,0
1595873094.129161,278.9743423461914,138.57421875,0
1595873094.1391723,280.7764005661011,138.57421875,0
1595873094.149169,282.57579803466797,138.57421875,0
1595873094.159171,284.37618255615234,138.57421875,0
1595873094.1691663,286.1753225326538,138.57421875,0
1595873094.1791644,287.97497749328613,138.57421875,0
1595873094.1891656,289.77519035339355,138.57421875,0
1595873094.1991756,291.5769910812378,138.57421875,0
1595873094.209167,293.37544441223145,138.57421875,0
1595873094.219168,295.17561435699463,138.57421875,0
1595873094.2291687,296.9757413864136,138.57421875,0
1595873094.2391746,298.77681255340576,138.57421875,0
1595873094.2491732,300.57655334472656,138.57421875,0
1595873094.25917,302.3759937286377,138.57421875,0
1595873094.2691786,304.1775369644165,138.57421875,0
1595873094.279164,305.9749174118042,138.57421875,0
1595873094.2891695,307.7759027481079,138.57421875,0
1595873094.2991598,309.57414150238037,138.57421875,0
1595873094.3091612,311.37439727783203,138.57421875,0
1595873094.3191776,313.1773567199707,138.57421875,0
1595873094.3291678,314.97559547424316,138.57421875,0
1595873094.3391595,316.77409172058105,138.57421875,0
1595873094.3491704,318.57606410980225,138.57421875,0
1595873094.3591642,320.3749465942383,138.57421875,0
1595873094.36917,322.17597484588623,138.57421875,0
1595873094.3791704,323.97605895996094,138.57421875,0
1595873094.3891754,325.7769584655762,138.57421875,0
1595873094.3991756,327.57699966430664,138.57421875,0
1595873094.409167,329.3754529953003,138.57421875,0
1595873094.4191616,331.17446422576904,138.57421875,0
1595873094.4291768,332.9772090911865,138.57421875,0
1595873094.4391649,334.77506160736084,138.57421875,0
1595873094.4491727,336.57647609710693,138.57421875,0
1595873094.4591637,338.3748435974121,138.57421875,0
1595873094.469164,340.1748847961426,138.57421875,0
1595873094.4791622,341.97458267211914,138.57421875,0
1595873094.4891713,343.7762117385864,138.57421875,0
1595873094.4991624,345.57462215423584,138.57421875,0
1595873094.5091712,347.3762083053589,138.57421875,0
1595873094.5191696,349.17590618133545,138.57421875,0
1595873094.5291762,350.97710609436035,138.57421875,0
1595873094.5391738,352.7766752243042,138.57421875,0
1595873094.5491667,354.5753860473633,138.57421875,0
1595873094.55917,356.37598514556885,138.57421875,0
1595873094.5691764,358.1771421432495,138.57421875,0
1595873094.5791717,359.976282119751,138.57421875,0
1595873094.5793135,360,138.57421875,1
1595873094.5793135,0,138.57421875,0
1595873094.5793135,138.57421875,138.57421875,0
1595873094.579405,277.16490268707275,138.57421875,0
1595873094.579429,277.1691942214966,138.57421875,0
1595873094.5794516,277.1732711791992,138.57421875,0
1595873094.5794744,277.1773910522461,138.57421875,0
1595873094.5794969,277.1814250946045,138.57421875,0
1595873094.57952,277.1855878829956,138.57421875,0
1595873094.5795429,277.1897077560425,138.57421875,0
1595873094.5795655,277.1937847137451,138.57421875,0
1595873094.5795887,277.19794750213623,138.57421875,0
1595873094.5796113,277.20202445983887,138.57421875,0
1595873094.5796342,277.20614433288574,138.57421875,0
1595873094.5796566,277.21017837524414,138.57421875,0
1595873094.5796795,277.214298248291,138.57421875,0
1595873094.579702,277.2183322906494,138.57421875,0
1595873094.5797358,277.22442626953125,138.57421875,0
1595873094.579759,277.22858905792236,138.57421875,0
1595873094.5797813,277.23262310028076,138.57421875,0
1595873094.5798042,277.23674297332764,138.57421875,0
1595873094.5798268,277.2408199310303,138.57421875,0
1595873094.57985,277.2449827194214,138.57421875,0
1595873094.5798728,277.24910259246826,138.57421875,0
1595873094.5798953,277.25313663482666,138.57421875,0
1595873094.5799181,277.25725650787354,138.57421875,0
1595873094.579941,277.2613763809204,138.57421875,0
1595873094.579964,277.2654962539673,138.57421875,0
1595873094.5799866,277.2695732116699,138.57421875,0
1595873094.5800095,277.2736930847168,138.57421875,0
1595873094.5800323,277.2778129577637,138.57421875,0
1595873094.580055,277.2818899154663,138.57421875,0
1595873094.580078,277.2860097885132,138.57421875,0
1595873094.5801005,277.2900867462158,138.57421875,0
1595873094.5801234,277.2942066192627,138.57421875,0
1595873094.580146,277.29828357696533,138.57421875,0
1595873094.580169,277.3024034500122,138.57421875,0
1595873094.580193,277.3067378997803,138.57421875,0
1595873094.5802162,277.3109006881714,138.57421875,0
1595873094.5802388,277.314977645874,138.57421875,0
1595873094.5802617,277.3190975189209,138.57421875,0
1595873094.5802844,277.32317447662354,138.57421875,0
1595873094.5803072,277.3272943496704,138.57421875,0
1595873094.5803297,277.3313283920288,138.57421875,0
1595873094.5803525,277.3354482650757,138.57421875,0
1595873094.5803752,277.3395252227783,138.57421875,0
1595873094.5803983,277.34368801116943,138.57421875,0
1595873094.5804212,277.3478078842163,138.57421875,0
1595873094.5804439,277.35188484191895,138.57421875,0
1595873094.5804665,277.3559617996216,138.57421875,0
1595873094.580489,277.35999584198,138.57421875,0
1595873094.5805116,277.3640727996826,138.57421875,0
1595873094.5805342,277.36814975738525,138.57421875,0
1595873094.5805569,277.3722267150879,138.57421875,0
1595873094.5805795,277.3763036727905,138.57421875,0
1595873094.5806024,277.3804235458374,138.57421875,0
1595873094.5806248,277.3844575881958,138.57421875,0
1595873094.5806475,277.38853454589844,138.57421875,0
1595873094.58067,277.3926115036011,138.57421875,0
1595873094.580693,277.39673137664795,138.57421875,0
1595873094.580716,277.4008512496948,138.57421875,0
1595873094.5807383,277.4048852920532,138.57421875,0
1595873094.5807612,277.4090051651001,138.57421875,0
1595873094.5807838,277.41308212280273,138.57421875,0
1595873094.5808067,277.4172019958496,138.57421875,0
1595873094.5808291,277.421236038208,138.57421875,0
1595873094.580852,277.4253559112549,138.57421875,0
1595873094.5808744,277.4293899536133,138.57421875,0
1595873094.580897,277.4334669113159,138.57421875,0
1595873094.5809197,277.43754386901855,138.57421875,0
1595873094.5809426,277.44166374206543,138.57421875,0
1595873094.5809653,277.44574069976807,138.57421875,0
1595873094.580988,277.4498176574707,138.57421875,0
1595873094.5810106,277.45389461517334,138.57421875,0
1595873094.5810335,277.4580144882202,138.57421875,0
1595873094.581056,277.46209144592285,138.57421875,0
1595873094.581079,277.4662113189697,138.57421875,0
1595873094.5811014,277.4702453613281,138.57421875,0
1595873094.5811243,277.474365234375,138.57421875,0
1595873094.5894637,278.9754581451416,138.57421875,0
1595873094.5994716,280.7768726348877,138.57421875,0
1595873094.6094587,282.57455348968506,138.57421875,0
1595873094.6194687,284.3763542175293,138.57421875,0
1595873094.629465,286.17570877075195,138.57421875,0
1595873094.6394713,287.9768228530884,138.57421875,0
1595873094.649463,289.77531909942627,138.57421875,0
1595873094.6594687,291.5763473510742,138.57421875,0
1595873094.669457,293.3742427825928,138.57421875,0
1595873094.679474,295.17733097076416,138.57421875,0
1595873094.6894746,296.97741508483887,138.57421875,0
1595873094.6994648,298.7756538391113,138.57421875,0
1595873094.7094688,300.5763816833496,138.57421875,0
1595873094.7194607,302.37492084503174,138.57421875,0
1595873094.7294743,304.17736530303955,138.57421875,0
1595873094.739465,305.9756898880005,138.57421875,0
1595873094.7494745,307.77740478515625,138.57421875,0
1595873094.7594717,309.5768880844116,138.57421875,0
1595873094.7694619,311.3751268386841,138.57421875,0
1595873094.7794683,313.17628383636475,138.57421875,0
1595873094.789473,314.97714042663574,138.57421875,0
1595873094.7994738,316.7772674560547,138.57421875,0
1595873094.8094609,318.57494831085205,138.57421875,0
1595873094.8194704,320.3766632080078,138.57421875,0
1595873094.829469,322.1764039993286,138.57421875,0
1595873094.8394587,323.9745569229126,138.57421875,0
1595873094.849471,325.7767868041992,138.57421875,0
1595873094.8594644,327.5755834579468,138.57421875,0
1595873094.8694594,329.374680519104,138.57421875,0
1595873094.8794734,331.1772108078003,138.57421875,0
1595873094.8894725,332.97703742980957,138.57421875,0
1595873094.8994567,334.7742033004761,138.57421875,0
1595873094.9094694,336.57647609710693,138.57421875,0
1595873094.9194653,338.3757448196411,138.57421875,0
1595873094.9294715,340.17685890197754,138.57421875,0
1595873094.939464,341.9755268096924,138.57421875,0
1595873094.9494565,343.774151802063,138.57421875,0
1595873094.9594736,345.5772399902344,138.57421875,0
1595873094.9694562,347.3741054534912,138.57421875,0
1595873094.9794571,349.1742753982544,138.57421875,0
1595873094.989457,350.9742307662964,138.57421875,0
1595873094.9994698,352.7765464782715,138.57421875,0
1595873095.0094576,354.57435607910156,138.57421875,0
1595873095.0194662,356.37589931488037,138.57421875,0
1595873095.0294728,358.1770992279053,138.57421875,0
1595873095.0394664,359.97593879699707,138.57421875,0
1595873095.0396078,360,138.57421875,1
1595873095.0396078,0,138.57421875,0
1595873095.0396078,138.57421875,138.57421875,0
1595873095.0397158,277.1678638458252,138.57421875,0
1595873095.0397396,277.172155380249,138.57421875,0
1595873095.0397627,277.17631816864014,138.57421875,0
1595873095.0397854,277.1803951263428,138.57421875,0
1595873095.0398085,277.1845579147339,138.57421875,0
1595873095.0398314,277.18867778778076,138.57421875,0
1595873095.039854,277.1927547454834,138.57421875,0
1595873095.0398772,277.1969175338745,138.57421875,0
1595873095.0398996,277.2009515762329,138.57421875,0
1595873095.0399225,277.2050714492798,138.57421875,0
1595873095.0399454,277.20919132232666,138.57421875,0
1595873095.0399683,277.21331119537354,138.57421875,0
1595873095.0399911,277.2174310684204,138.57421875,0
1595873095.0400136,277.2214651107788,138.57421875,0
1595873095.0400364,277.2255849838257,138.57421875,0
1595873095.0400589,277.2296190261841,138.57421875,0
1595873095.0400817,277.23373889923096,138.57421875,0
1595873095.0401044,277.2378158569336,138.57421875,0
1595873095.0401273,277.24193572998047,138.57421875,0
1595873095.0401497,277.24596977233887,138.57421875,0
1595873095.0401728,277.25013256073,138.57421875,0
1595873095.0401952,277.2541666030884,138.57421875,0
1595873095.040218,277.25828647613525,138.57421875,0
1595873095.040241,277.26240634918213,138.57421875,0
1595873095.040264,277.266526222229,138.57421875,0
1595873095.040287,277.2706890106201,138.57421875,0
1595873095.0403097,277.27476596832275,138.57421875,0
1595873095.0403323,277.2788429260254,138.57421875,0
1595873095.040355,277.282919883728,138.57421875,0
1595873095.040378,277.28708267211914,138.57421875,0
1595873095.040401,277.291202545166,138.57421875,0
1595873095.0404234,277.2952365875244,138.57421875,0
1595873095.0404463,277.2993564605713,138.57421875,0
1595873095.040469,277.3034334182739,138.57421875,0
1595873095.0404918,277.3075532913208,138.57421875,0
1595873095.0405145,277.31163024902344,138.57421875,0
1595873095.0405374,277.3157501220703,138.57421875,0
1595873095.0405602,277.3198699951172,138.57421875,0
1595873095.0405827,277.3239040374756,138.57421875,0
1595873095.040605,277.327938079834,138.57421875,0
1595873095.0406282,277.3321008682251,138.57421875,0
1595873095.040651,277.336220741272,138.57421875,0
1595873095.0406737,277.3402976989746,138.57421875,0
1595873095.0406964,277.34437465667725,138.57421875,0
1595873095.040719,277.3484516143799,138.57421875,0
1595873095.0407417,277.3525285720825,138.57421875,0
1595873095.040764,277.3565626144409,138.57421875,0
1595873095.040787,277.3606824874878,138.57421875,0
1595873095.0408094,277.3647165298462,138.57421875,0
1595873095.0408323,277.36883640289307,138.57421875,0
1595873095.0408545,277.3728275299072,138.57421875,0
1595873095.0408773,277.3769474029541,138.57421875,0
1595873095.0409,277.38102436065674,138.57421875,0
1595873095.0409226,277.3851013183594,138.57421875,0
1595873095.0409453,277.389178276062,138.57421875,0
1595873095.0409684,277.3933410644531,138.57421875,0
1595873095.0409915,277.39750385284424,138.57421875,0
1595873095.041023,277.4031686782837,138.57421875,0
1595873095.041047,277.40750312805176,138.57421875,0
1595873095.0410697,277.4115800857544,138.57421875,0
1595873095.0410993,277.41690158843994,138.57421875,0
1595873095.0411227,277.4211072921753,138.57421875,0
1595873095.0411453,277.42518424987793,138.57421875,0
1595873095.0411685,277.42934703826904,138.57421875,0
1595873095.0411909,277.43338108062744,138.57421875,0
1595873095.0412138,277.4375009536743,138.57421875,0
1595873095.0412364,277.44157791137695,138.57421875,0
1595873095.0412595,277.44574069976807,138.57421875,0
1595873095.0412827,277.4499034881592,138.57421875,0
1595873095.0413048,277.45389461517334,138.57421875,0
1595873095.0413277,277.4580144882202,138.57421875,0
1595873095.0413501,277.4620485305786,138.57421875,0
1595873095.041373,277.4661684036255,138.57421875,0
1595873095.0413954,277.4702024459839,138.57421875,0
1595873095.0414183,277.47432231903076,138.57421875,0
1595873095.041441,277.4783992767334,138.57421875,0
1595873095.0497544,278.974814414978,138.57421875,0
1595873095.0597556,280.77502727508545,138.57421875,0
1595873095.069752,282.5743818283081,138.57421875,0
1595873095.0797648,284.3766975402832,138.57421875,0
1595873095.089752,286.17437839508057,138.57421875,0
1595873095.0997639,287.9765224456787,138.57421875,0
1595873095.1097598,289.7757911682129,138.57421875,0
1595873095.1197588,291.57561779022217,138.57421875,0
1595873095.1297503,293.3740711212158,138.57421875,0
1595873095.1397538,295.1747131347656,138.57421875,0
1595873095.1497664,296.9769859313965,138.57421875,0
1595873095.1597593,298.77569675445557,138.57421875,0
1595873095.1697633,300.57642459869385,138.57421875,0
1595873095.1797647,302.3766803741455,138.57421875,0
1595873095.1897588,304.1756057739258,138.57421875,0
1595873095.199767,305.97710609436035,138.57421875,0
1595873095.2097616,307.7761173248291,138.57421875,0
1595873095.2197628,309.5763301849365,138.57421875,0
1595873095.22976,311.3758134841919,138.57421875,0
1595873095.2397614,313.17606925964355,138.57421875,0
1595873095.2497504,314.9740934371948,138.57421875,0
1595873095.2597518,316.7743492126465,138.57421875,0
1595873095.2697654,318.5767936706543,138.57421875,0
1595873095.2797554,320.3749895095825,138.57421875,0
1595873095.289759,322.1756315231323,138.57421875,0
1595873095.2997658,323.97687435150146,138.57421875,0
1595873095.309768,325.77725887298584,138.57421875,0
1595873095.3197622,327.57622718811035,138.57421875,0
1595873095.3297687,329.377384185791,138.57421875,0
1595873095.3397527,331.1745071411133,138.57421875,0
1595873095.3497558,332.9750633239746,138.57421875,0
1595873095.3597512,334.7742462158203,138.57421875,0
1595873095.3697531,336.57458782196045,138.57421875,0
1595873095.3797686,338.37737560272217,138.57421875,0
1595873095.3897665,340.17698764801025,138.57421875,0
1595873095.3997679,341.9772434234619,138.57421875,0
1595873095.4097555,343.77501010894775,138.57421875,0
1595873095.4197578,345.57543754577637,138.57421875,0
1595873095.4297528,347.3745346069336,138.57421875,0
1595873095.4397502,349.1740608215332,138.57421875,0
1595873095.4497638,350.976505279541,138.57421875,0
1595873095.45975,352.7740144729614,138.57421875,0
1595873095.4697618,354.57615852355957,138.57421875,0
1595873095.4797606,356.3759422302246,138.57421875,0
1595873095.4897585,358.1755542755127,138.57421875,0
1595873095.4997516,359.974308013916,138.57421875,0
1595873095.4999127,360,138.57421875,1
1595873095.4999127,0,138.57421875,0
1595873095.4999127,138.57421875,138.57421875,0
1595873095.5000167,277.16713428497314,138.57421875,0
1595873095.5000403,277.17138290405273,138.57421875,0
1595873095.500063,277.17545986175537,138.57421875,0
1595873095.5000858,277.17957973480225,138.57421875,0
1595873095.5001085,277.1836566925049,138.57421875,0
1595873095.5001314,277.18777656555176,138.57421875,0
1595873095.500154,277.1918535232544,138.57421875,0
1595873095.500177,277.19597339630127,138.57421875,0
1595873095.5002,277.2001361846924,138.57421875,0
1595873095.5002227,277.204213142395,138.57421875,0
1595873095.5002453,277.20829010009766,138.57421875,0
1595873095.5002682,277.21240997314453,138.57421875,0
1595873095.5002913,277.21657276153564,138.57421875,0
1595873095.500314,277.2206497192383,138.57421875,0
1595873095.5003366,277.2247266769409,138.57421875,0
1595873095.5003595,277.2288465499878,138.57421875,0
1595873095.5003822,277.23292350769043,138.57421875,0
1595873095.5004048,277.23700046539307,138.57421875,0
1595873095.5004275,277.2410774230957,138.57421875,0
1595873095.5004504,277.2451972961426,138.57421875,0
1595873095.5004733,277.24931716918945,138.57421875,0
1595873095.5005043,277.25489616394043,138.57421875,0
1595873095.500528,277.25918769836426,138.57421875,0
1595873095.5005512,277.26335048675537,138.57421875,0
1595873095.500574,277.26747035980225,138.57421875,0
1595873095.5005968,277.2715473175049,138.57421875,0
1595873095.5006192,277.2755813598633,138.57421875,0
1595873095.5006423,277.2797441482544,138.57421875,0
1595873095.5006652,277.28386402130127,138.57421875,0
1595873095.5006876,277.28789806365967,138.57421875,0
1595873095.5007105,277.29201793670654,138.57421875,0
1595873095.500733,277.29605197906494,138.57421875,0
1595873095.5007555,277.3001289367676,138.57421875,0
1595873095.5007837,277.3051929473877,138.57421875,0
1595873095.5008075,277.3094844818115,138.57421875,0
1595873095.5008304,277.3136043548584,138.57421875,0
1595873095.500853,277.31768131256104,138.57421875,0
1595873095.5008757,277.3217582702637,138.57421875,0
1595873095.5008986,277.32587814331055,138.57421875,0
1595873095.500921,277.32991218566895,138.57421875,0
1595873095.500944,277.3340320587158,138.57421875,0
1595873095.5009665,277.33810901641846,138.57421875,0
1595873095.5009894,277.34222888946533,138.57421875,0
1595873095.501012,277.34630584716797,138.57421875,0
1595873095.5010345,277.35033988952637,138.57421875,0
1595873095.5010574,277.35445976257324,138.57421875,0
1595873095.50108,277.3585367202759,138.57421875,0
1595873095.501103,277.36265659332275,138.57421875,0
1595873095.5011256,277.3667335510254,138.57421875,0
1595873095.5011482,277.370810508728,138.57421875,0
1595873095.5011706,277.3748445510864,138.57421875,0
1595873095.5011938,277.37900733947754,138.57421875,0
1595873095.5012162,277.38304138183594,138.57421875,0
1595873095.501239,277.3871612548828,138.57421875,0
1595873095.5012617,277.39123821258545,138.57421875,0
1595873095.5012846,277.3953580856323,138.57421875,0
1595873095.5013075,277.3994779586792,138.57421875,0
1595873095.5013301,277.40355491638184,138.57421875,0
1595873095.5013533,277.40771770477295,138.57421875,0
1595873095.5013762,277.4118375778198,138.57421875,0
1595873095.501399,277.4159574508667,138.57421875,0
1595873095.5014212,277.41994857788086,138.57421875,0
1595873095.5014439,277.4240255355835,138.57421875,0
1595873095.5014663,277.4280595779419,138.57421875,0
1595873095.5014892,277.43217945098877,138.57421875,0
1595873095.5015116,277.43621349334717,138.57421875,0
1595873095.5015345,277.44033336639404,138.57421875,0
1595873095.5015569,277.44436740875244,138.57421875,0
1595873095.5015793,277.44840145111084,138.57421875,0
1595873095.5016017,277.45243549346924,138.57421875,0
1595873095.5016243,277.4565124511719,138.57421875,0
1595873095.501647,277.4605894088745,138.57421875,0
1595873095.5016696,277.46466636657715,138.57421875,0
1595873095.5016925,277.468786239624,138.57421875,0
1595873095.5017154,277.4729061126709,138.57421875,0
1595873095.501738,277.47698307037354,138.57421875,0
1595873095.5100682,278.97640228271484,138.57421875,0
1595873095.5200722,280.7771301269531,138.57421875,0
1595873095.5300732,282.5773000717163,138.57421875,0
1595873095.540064,284.3756675720215,138.57421875,0
1595873095.5500708,286.1768674850464,138.57421875,0
1595873095.560056,287.97420501708984,138.57421875,0
1595873095.5700612,289.7751474380493,138.57421875,0
1595873095.5800707,291.5768623352051,138.57421875,0
1595873095.590065,293.3758306503296,138.57421875,0
1595873095.600064,295.17565727233887,138.57421875,0
1595873095.610068,296.97638511657715,138.57421875,0
1595873095.6200697,298.77668380737305,138.57421875,0
1595873095.6300738,300.5774116516113,138.57421875,0
1595873095.6400695,302.37663745880127,138.57421875,0
1595873095.6500664,304.1760778427124,138.57421875,0
1595873095.6600678,305.97633361816406,138.57421875,0
1595873095.6700687,307.77650356292725,138.57421875,0
1595873095.680063,309.57547187805176,138.57421875,0
1595873095.6900613,311.3751697540283,138.57421875,0
1595873095.7000654,313.1758975982666,138.57421875,0
1595873095.710064,314.9756383895874,138.57421875,0
1595873095.7200732,316.7773103713989,138.57421875,0
1595873095.7300615,318.5752058029175,138.57421875,0
1595873095.740071,320.37692070007324,138.57421875,0
1595873095.750058,322.17455863952637,138.57421875,0
1595873095.7600574,323.9744710922241,138.57421875,0
1595873095.7700605,325.77502727508545,138.57421875,0
1595873095.7800577,327.5745105743408,138.57421875,0
1595873095.7900627,329.37541007995605,138.57421875,0
1595873095.800065,331.17583751678467,138.57421875,0
1595873095.8100712,332.9769515991211,138.57421875,0
1595873095.8200607,334.77506160736084,138.57421875,0
1595873095.830071,336.5769052505493,138.57421875,0
1595873095.840058,338.3745861053467,138.57421875,0
1595873095.8500626,340.17539978027344,138.57421875,0
1595873095.8600714,341.9769859313965,138.57421875,0
1595873095.8700705,343.77681255340576,138.57421875,0
1595873095.8800707,345.57685375213623,138.57421875,0
1595873095.8900619,347.37526416778564,138.57421875,0
1595873095.9000611,349.17513370513916,138.57421875,0
1595873095.910068,350.9763765335083,138.57421875,0
1595873095.9200559,352.7741861343384,138.57421875,0
1595873095.930055,354.57401275634766,138.57421875,0
1595873095.9400597,356.37486934661865,138.57421875,0
1595873095.950066,358.1760263442993,138.57421875,0
1595873095.960073,359.97726917266846,138.57421875,0
1595873095.9602144,360,138.57421875,1
1595873095.9602144,0,138.57421875,0
1595873095.9602144,138.57421875,138.57421875,0
1595873095.9603093,277.1655035018921,138.57421875,0
1595873095.9603329,277.1697521209717,138.57421875,0
1595873095.9603558,277.17387199401855,138.57421875,0
1595873095.9603786,277.17799186706543,138.57421875,0
1595873095.960401,277.1820259094238,138.57421875,0
1595873095.960424,277.1861457824707,138.57421875,0
1595873095.9604468,277.1902656555176,138.57421875,0
1595873095.9604695,277.1943426132202,138.57421875,0
1595873095.9604924,277.1984624862671,138.57421875,0
1595873095.960521,277.2036123275757,138.57421875,0
1595873095.9605448,277.2079038619995,138.57421875,0
1595873095.9605677,277.2120237350464,138.57421875,0
1595873095.960591,277.21622943878174,138.57421875,0
1595873095.9606137,277.2203063964844,138.57421875,0
1595873095.9606366,277.22442626953125,138.57421875,0
1595873095.9606597,277.22858905792236,138.57421875,0
1595873095.9606829,277.2327518463135,138.57421875,0
1595873095.9607058,277.23687171936035,138.57421875,0
1595873095.9607284,277.240948677063,138.57421875,0
1595873095.960751,277.2450256347656,138.57421875,0
1595873095.960774,277.2491455078125,138.57421875,0
1595873095.9607966,277.25322246551514,138.57421875,0
1595873095.9608195,277.257342338562,138.57421875,0
1595873095.9608421,277.26141929626465,138.57421875,0
1595873095.9608645,277.26545333862305,138.57421875,0
1595873095.9608872,277.2695302963257,138.57421875,0
1595873095.9609098,277.2736072540283,138.57421875,0
1595873095.9609325,277.27768421173096,138.57421875,0
1595873095.9609559,277.2818899154663,138.57421875,0
1595873095.9609787,277.2860097885132,138.57421875,0
1595873095.9610016,277.29012966156006,138.57421875,0
1595873095.9610245,277.29424953460693,138.57421875,0
1595873095.9610474,277.2983694076538,138.57421875,0
1595873095.96107,277.30244636535645,138.57421875,0
1595873095.9610932,277.30660915374756,138.57421875,0
1595873095.9611158,277.3106861114502,138.57421875,0
1595873095.961139,277.3148488998413,138.57421875,0
1595873095.9611616,277.31892585754395,138.57421875,0
1595873095.9611845,277.3230457305908,138.57421875,0
1595873095.9612076,277.32720851898193,138.57421875,0
1595873095.9612303,277.33128547668457,138.57421875,0
1595873095.9612532,277.33540534973145,138.57421875,0
1595873095.9612756,277.33943939208984,138.57421875,0
1595873095.9612982,277.3435163497925,138.57421875,0
1595873095.9613209,277.3475933074951,138.57421875,0
1595873095.9613435,277.35167026519775,138.57421875,0
1595873095.9613662,277.3557472229004,138.57421875,0
1595873095.961389,277.35986709594727,138.57421875,0
1595873095.9614115,277.36390113830566,138.57421875,0
1595873095.9614341,277.3679780960083,138.57421875,0
1595873095.9614565,277.3720121383667,138.57421875,0
1595873095.9614792,277.37608909606934,138.57421875,0
1595873095.9615018,277.380166053772,138.57421875,0
1595873095.9615245,277.3842430114746,138.57421875,0
1595873095.961549,277.38866329193115,138.57421875,0
1595873095.9615722,277.39282608032227,138.57421875,0
1595873095.9615948,277.3969030380249,138.57421875,0
1595873095.9616175,277.40097999572754,138.57421875,0
1595873095.9616401,277.4050569534302,138.57421875,0
1595873095.9616628,277.4091339111328,138.57421875,0
1595873095.9616854,277.41321086883545,138.57421875,0
1595873095.961708,277.4172878265381,138.57421875,0
1595873095.9617307,277.4213647842407,138.57421875,0
1595873095.9617538,277.42552757263184,138.57421875,0
1595873095.9617765,277.4296045303345,138.57421875,0
1595873095.9617994,277.43372440338135,138.57421875,0
1595873095.961822,277.437801361084,138.57421875,0
1595873095.9618502,277.4428653717041,138.57421875,0
1595873095.961874,277.44715690612793,138.57421875,0
1595873095.9618964,277.4511909484863,138.57421875,0
1595873095.9619195,277.45535373687744,138.57421875,0
1595873095.9619422,277.4594306945801,138.57421875,0
1595873095.961965,277.46355056762695,138.57421875,0
1595873095.9619877,277.4676275253296,138.57421875,0
1595873095.9620106,277.47174739837646,138.57421875,0
1595873095.9620335,277.47586727142334,138.57421875,0
1595873095.9703648,278.97550106048584,138.57421875,0
1595873095.9803655,280.7756280899048,138.57421875,0
1595873095.9903753,282.5773859024048,138.57421875,0
1595873096.000371,284.3766117095947,138.57421875,0
1595873096.0103703,286.17648124694824,138.57421875,0
1595873096.0203705,287.9765224456787,138.57421875,0
1595873096.0303662,289.77574825286865,138.57421875,0
1595873096.0403712,291.5766477584839,138.57421875,0
1595873096.0503626,293.37510108947754,138.57421875,0
1595873096.0603597,295.1745843887329,138.57421875,0
1595873096.0703607,296.9747543334961,138.57421875,0
1595873096.0803668,298.7758684158325,138.57421875,0
1595873096.090364,300.5753517150879,138.57421875,0
1595873096.100373,302.3769807815552,138.57421875,0
1595873096.1103737,304.1771078109741,138.57421875,0
1595873096.120374,305.9771490097046,138.57421875,0
1595873096.1303573,307.77414321899414,138.57421875,0
1595873096.1403687,309.5762014389038,138.57421875,0
1595873096.1503575,311.37418270111084,138.57421875,0
1595873096.160359,313.1744384765625,138.57421875,0
1595873096.1703756,314.9774408340454,138.57421875,0
1595873096.1803699,316.7764091491699,138.57421875,0
1595873096.1903605,318.57473373413086,138.57421875,0
1595873096.2003744,320.3772211074829,138.57421875,0
1595873096.2103684,322.1761465072632,138.57421875,0
1595873096.2203755,323.97743225097656,138.57421875,0
1595873096.2303677,325.77601432800293,138.57421875,0
1595873096.2403622,327.5750255584717,138.57421875,0
1595873096.2503757,329.3774700164795,138.57421875,0
1595873096.2603648,331.17549419403076,138.57421875,0
1595873096.2703705,332.9765224456787,138.57421875,0
1595873096.280375,334.77733612060547,138.57421875,0
1595873096.29036,336.5746307373047,138.57421875,0
1595873096.3003576,338.37419986724854,138.57421875,0
1595873096.3103695,340.1763439178467,138.57421875,0
1595873096.3203657,341.9756555557251,138.57421875,0
1595873096.3303716,343.7767267227173,138.57421875,0
1595873096.3403587,345.57440757751465,138.57421875,0
1595873096.3503678,347.37603664398193,138.57421875,0
1595873096.3603587,349.1744041442871,138.57421875,0
1595873096.3703737,350.97710609436035,138.57421875,0
1595873096.3803718,352.7767610549927,138.57421875,0
1595873096.390372,354.57680225372314,138.57421875,0
1595873096.4003649,356.3755130767822,138.57421875,0
1595873096.4103694,358.176326751709,138.57421875,0
1595873096.4203634,359.97525215148926,138.57421875,0
1595873096.4205053,360,138.57421875,1
1595873096.4205053,0,138.57421875,0
1595873096.4205053,138.57421875,138.57421875,0
1595873096.420602,277.165846824646,138.57421875,0
1595873096.420626,277.1701383590698,138.57421875,0
1595873096.4206493,277.1743440628052,138.57421875,0
1595873096.4206722,277.17846393585205,138.57421875,0
1595873096.4206953,277.18262672424316,138.57421875,0
1595873096.4207184,277.1867895126343,138.57421875,0
1595873096.4207408,277.1908235549927,138.57421875,0
1595873096.420764,277.1949863433838,138.57421875,0
1595873096.4207866,277.1990633010864,138.57421875,0
1595873096.4208095,277.2031831741333,138.57421875,0
1595873096.420832,277.2072172164917,138.57421875,0
1595873096.420855,277.2113800048828,138.57421875,0
1595873096.420878,277.2154998779297,138.57421875,0
1595873096.4209006,277.2195768356323,138.57421875,0
1595873096.4209232,277.22365379333496,138.57421875,0
1595873096.4209461,277.22777366638184,138.57421875,0
1595873096.4209688,277.2318506240845,138.57421875,0
1595873096.4209914,277.2359275817871,138.57421875,0
1595873096.4210143,277.240047454834,138.57421875,0
1595873096.421037,277.2441244125366,138.57421875,0
1595873096.4210596,277.24820137023926,138.57421875,0
1595873096.4210823,277.2522783279419,138.57421875,0
1595873096.4211051,277.25639820098877,138.57421875,0
1595873096.4211283,277.2605609893799,138.57421875,0
1595873096.4211507,277.2645950317383,138.57421875,0
1595873096.4211738,277.2687578201294,138.57421875,0
1595873096.4211962,277.2727918624878,138.57421875,0
1595873096.421219,277.27691173553467,138.57421875,0
1595873096.4212415,277.28094577789307,138.57421875,0
1595873096.4212716,277.2863531112671,138.57421875,0
1595873096.4212947,277.2905158996582,138.57421875,0
1595873096.4213173,277.29459285736084,138.57421875,0
1595873096.42134,277.2986698150635,138.57421875,0
1595873096.4213626,277.3027467727661,138.57421875,0
1595873096.4213853,277.30682373046875,138.57421875,0
1595873096.421408,277.3109006881714,138.57421875,0
1595873096.4214306,277.314977645874,138.57421875,0
1595873096.421453,277.3190116882324,138.57421875,0
1595873096.421476,277.3231315612793,138.57421875,0
1595873096.4214985,277.32720851898193,138.57421875,0
1595873096.421521,277.33124256134033,138.57421875,0
1595873096.4215434,277.33527660369873,138.57421875,0
1595873096.421566,277.33935356140137,138.57421875,0
