Timestamp,Phase,Heading,Ping?
20.0,20.0,0,0
1595875244.000136,40.003013610839844,20.0,0
1595875244.0002375,40.02129554748535,20.0,0
1595875244.000267,40.0266170501709,20.0,0
1595875244.0002944,40.0315523147583,20.0,0
1595875244.0003304,40.03803253173828,20.0,0
1595875244.0003564,40.042710304260254,20.0,0
1595875244.000379,40.04678726196289,20.0,0
1595875244.000402,40.050907135009766,20.0,0
1595875244.0004275,40.05549907684326,20.0,0
1595875244.0004506,40.059661865234375,20.0,0
1595875244.000473,40.06369590759277,20.0,0
1595875244.0090272,41.603455543518066,20.0,0
1595875244.0190241,43.4028959274292,20.0,0
1595875244.029025,45.20306587219238,20.0,0
1595875244.0390143,47.00113296508789,20.0,0
1595875244.049021,48.80233287811279,20.0,0
1595875244.059026,50.60323238372803,20.0,0
1595875244.0690184,52.40185737609863,20.0,0
1595875244.0790083,54.200053215026855,20.0,0
1595875244.0890095,56.00026607513428,20.0,0
1595875244.0990255,57.80313968658447,20.0,0
1595875244.1090283,59.60365295410156,20.0,0
1595875244.1190114,61.400604248046875,20.0,0
1595875244.1290247,63.20300579071045,20.0,0
1595875244.1390238,65.00283241271973,20.0,0
1595875244.149009,66.80016994476318,20.0,0
1595875244.159011,68.60051155090332,20.0,0
1595875244.1690195,70.40205478668213,20.0,0
1595875244.179011,72.20055103302002,20.0,0
1595875244.1890285,74.00368213653564,20.0,0
1595875244.199012,75.80071926116943,20.0,0
1595875244.2090278,77.60354995727539,20.0,0
1595875244.2190084,79.40007209777832,20.0,0
1595875244.22901,81.20037078857422,20.0,0
1595875244.2390273,83.0034589767456,20.0,0
1595875244.249024,84.8028564453125,20.0,0
1595875244.259009,86.60015106201172,20.0,0
1595875244.2690077,88.39993476867676,20.0,0
1595875244.2790132,90.20092010498047,20.0,0
1595875244.2890182,92.0018196105957,20.0,0
1595875244.299018,93.8017749786377,20.0,0
1595875244.3090155,95.60134410858154,20.0,0
1595875244.3190086,97.40009784698486,20.0,0
1595875244.329008,99.20001029968262,20.0,0
1595875244.3390093,101.00022315979004,20.0,0
1595875244.349015,102.80125141143799,20.0,0
1595875244.3590083,104.60004806518555,20.0,0
1595875244.3690197,106.40210628509521,20.0,0
1595875244.3790123,108.20077419281006,20.0,0
1595875244.3890266,110.00334739685059,20.0,0
1595875244.3990097,111.8002986907959,20.0,0
1595875244.4090278,113.60355854034424,20.0,0
1595875244.4190207,115.40226936340332,20.0,0
1595875244.4290075,117.19990730285645,20.0,0
1595875244.4390173,119.00166511535645,20.0,0
1595875244.4490087,120.8001184463501,20.0,0
1595875244.4590282,122.60363578796387,20.0,0
1595875244.4690259,124.40320491790771,20.0,0
1595875244.4790282,126.20363235473633,20.0,0
1595875244.4890273,128.0034589767456,20.0,0
1595875244.4990273,129.80345726013184,20.0,0
1595875244.5090141,131.60109519958496,20.0,0
1595875244.5190184,133.40186595916748,20.0,0
1595875244.529018,135.20177841186523,20.0,0
1595875244.5390267,137.00336456298828,20.0,0
1595875244.5490153,138.80130290985107,20.0,0
1595875244.5590124,140.60078620910645,20.0,0
1595875244.569009,142.40018367767334,20.0,0
1595875244.579011,144.20052528381348,20.0,0
1595875244.589022,146.00249767303467,20.0,0
1595875244.599019,147.80198097229004,20.0,0
1595875244.6090145,149.60116386413574,20.0,0
1595875244.6190174,151.40167713165283,20.0,0
1595875244.629011,153.20051670074463,20.0,0
1595875244.6390166,155.00154495239258,20.0,0
1595875244.6490164,156.80150032043457,20.0,0
1595875244.6590176,158.601713180542,20.0,0
1595875244.669019,160.40196895599365,20.0,0
1595875244.679026,162.2032117843628,20.0,0
1595875244.6890216,164.00243759155273,20.0,0
1595875244.699012,165.80071926116943,20.0,0
1595875244.7090166,167.6015329360962,20.0,0
1595875244.7190084,169.40007209777832,20.0,0
1595875244.729018,171.20178699493408,20.0,0
1595875244.7390182,173.00182819366455,20.0,0
1595875244.7490149,174.80122566223145,20.0,0
1595875244.7590094,176.6002368927002,20.0,0
1595875244.7690194,178.40203762054443,20.0,0
1595875244.7790096,180.2002763748169,20.0,0
1595875244.789009,182.00018882751465,20.0,0
1595875244.799017,183.80160331726074,20.0,0
1595875244.8090112,185.60057163238525,20.0,0
1595875244.8190138,187.4010419845581,20.0,0
1595875244.8290076,189.19992446899414,20.0,0
1595875244.8390203,191.002197265625,20.0,0
1595875244.8490174,192.80168056488037,20.0,0
1595875244.8590138,194.60103511810303,20.0,0
1595875244.8690102,196.40038967132568,20.0,0
1595875244.8790078,198.19995880126953,20.0,0
1595875244.8890266,200.0033473968506,20.0,0
1595875244.8990092,201.80021286010742,20.0,0
1595875244.9090166,203.60154151916504,20.0,0
1595875244.9111362,203.98305892944336,20.0,0
1595875244.9111362,250.78814125061035,66.80508232116699,0
1595875244.919008,252.20507717132568,66.80508232116699,0
1595875244.9290123,254.0058479309082,66.80508232116699,0
1595875244.9390073,255.80494499206543,66.80508232116699,0
1595875244.949022,257.60760402679443,66.80508232116699,0
1595875244.959018,259.4068727493286,66.80508232116699,0
1595875244.969023,261.20777225494385,66.80508232116699,0
1595875244.9790108,263.0055818557739,66.80508232116699,0
1595875244.9890256,264.80824089050293,66.80508232116699,0
1595875244.9990156,266.60643672943115,66.80508232116699,0
1595875245.0090203,268.40729331970215,66.80508232116699,0
1595875245.0190132,270.20600414276123,66.80508232116699,0
1595875245.029013,272.0059595108032,66.80508232116699,0
1595875245.0390108,273.8055715560913,66.80508232116699,0
1595875245.0490263,275.608359336853,66.80508232116699,0
1595875245.0590131,277.40599727630615,66.80508232116699,0
1595875245.0690134,279.2060384750366,66.80508232116699,0
1595875245.0790224,281.0076675415039,66.80508232116699,0
1595875245.0890205,282.80732250213623,66.80508232116699,0
1595875245.0990126,284.6059045791626,66.80508232116699,0
1595875245.1090226,286.40770530700684,66.80508232116699,0
1595875245.1190264,288.2083902359009,66.80508232116699,0
1595875245.12902,290.0072298049927,66.80508232116699,0
1595875245.139008,291.805082321167,66.80508232116699,0
1595875245.149007,293.60490894317627,66.80508232116699,0
1595875245.1590235,295.40786838531494,66.80508232116699,0
1595875245.1690173,297.206750869751,66.80508232116699,0
1595875245.179025,299.00812244415283,66.80508232116699,0
1595875245.1890204,300.80730533599854,66.80508232116699,0
1595875245.199022,302.60760402679443,66.80508232116699,0
1595875245.2090075,304.40498447418213,66.80508232116699,0
1595875245.2190104,306.2054977416992,66.80508232116699,0
1595875245.2290173,308.00674057006836,66.80508232116699,0
1595875245.2390096,309.80536556243896,66.80508232116699,0
1595875245.249014,311.6061363220215,66.80508232116699,0
1595875245.2590165,313.40660667419434,66.80508232116699,0
1595875245.2690148,315.2063045501709,66.80508232116699,0
1595875245.2790217,317.00754737854004,66.80508232116699,0
1595875245.2890098,318.80539989471436,66.80508232116699,0
1595875245.2990181,320.6069002151489,66.80508232116699,0
1595875245.3090076,322.4050102233887,66.80508232116699,0
1595875245.3190224,324.2076692581177,66.80508232116699,0
1595875245.3290067,326.0048351287842,66.80508232116699,0
1595875245.3390226,327.8077087402344,66.80508232116699,0
1595875245.3490098,329.60538959503174,66.80508232116699,0
1595875245.359013,331.4059886932373,66.80508232116699,0
1595875245.369023,333.20778942108154,66.80508232116699,0
1595875245.3790095,335.0053415298462,66.80508232116699,0
1595875245.3890243,336.8080005645752,66.80508232116699,0
1595875245.3990223,338.6076555252075,66.80508232116699,0
1595875245.4090226,340.407696723938,66.80508232116699,0
1595875245.4190147,342.20627880096436,66.80508232116699,0
1595875245.4290102,344.00546169281006,66.80508232116699,0
1595875245.4390116,345.8057174682617,66.80508232116699,0
1595875245.449015,347.6063165664673,66.80508232116699,0
1595875245.4590263,349.40837478637695,66.80508232116699,0
1595875245.469024,351.2079439163208,66.80508232116699,0
1595875245.4790068,353.0048522949219,66.80508232116699,0
1595875245.489018,354.8068675994873,66.80508232116699,0
1595875245.499021,356.60742378234863,66.80508232116699,0
1595875245.5090148,358.40630626678467,66.80508232116699,0
1595875245.517875,360,66.80508232116699,1
1595875245.517875,0,66.80508232116699,0
1595875245.527881,68.60615348815918,66.80508232116699,0
1595875245.5378895,70.40769672393799,66.80508232116699,0
1595875245.5478888,72.2075662612915,66.80508232116699,0
1595875245.5578892,74.00765037536621,66.80508232116699,0
1595875245.5678806,75.80610370635986,66.80508232116699,0
1595875245.5778997,77.60953521728516,66.80508232116699,0
1595875245.5878909,79.40794563293457,66.80508232116699,0
1595875245.5978873,81.20730018615723,66.80508232116699,0
1595875245.6078846,83.00682640075684,66.80508232116699,0
1595875245.617877,84.80545139312744,66.80508232116699,0
1595875245.6278877,86.6073808670044,66.80508232116699,0
1595875245.6378915,88.40806579589844,66.80508232116699,0
1595875245.6478808,90.20613288879395,66.80508232116699,0
1595875245.6578846,92.00681781768799,66.80508232116699,0
1595875245.667879,93.80582904815674,66.80508232116699,0
1595875245.677878,95.60561275482178,66.80508232116699,0
1595875245.6878757,97.40522480010986,66.80508232116699,0
1595875245.697877,99.20543766021729,66.80508232116699,0
1595875245.7078784,101.00569343566895,66.80508232116699,0
1595875245.717888,102.80745124816895,66.80508232116699,0
1595875245.7278852,104.60693454742432,66.80508232116699,0
1595875245.7378976,106.40916442871094,66.80508232116699,0
1595875245.7478843,108.20675945281982,66.80508232116699,0
1595875245.7578938,110.00847434997559,66.80508232116699,0
1595875245.7678828,111.80649852752686,66.80508232116699,0
1595875245.7778792,113.60585308074951,66.80508232116699,0
1595875245.7878747,115.40503597259521,66.80508232116699,0
1595875245.7978792,117.20584964752197,66.80508232116699,0
1595875245.8078923,119.00820827484131,66.80508232116699,0
1595875245.817884,120.8067045211792,66.80508232116699,0
1595875245.8278756,122.60520076751709,66.80508232116699,0
1595875245.8378894,124.40768814086914,66.80508232116699,0
1595875245.8478794,126.20588397979736,66.80508232116699,0
1595875245.8578975,128.0091438293457,66.80508232116699,0
1595875245.8678849,129.8068675994873,66.80508232116699,0
1595875245.877882,131.60635089874268,66.80508232116699,0
1595875245.8878765,133.40536212921143,66.80508232116699,0
1595875245.8979,135.20960903167725,66.80508232116699,0
1595875245.9078891,137.00763320922852,66.80508232116699,0
1595875245.9178936,138.80844688415527,66.80508232116699,0
1595875245.9278898,140.6077585220337,66.80508232116699,0
1595875245.9378786,142.40573978424072,66.80508232116699,0
1595875245.9478767,144.20539474487305,66.80508232116699,0
1595875245.9578815,146.00625133514404,66.80508232116699,0
1595875245.9678817,147.8062925338745,66.80508232116699,0
1595875245.9778855,149.60697746276855,66.80508232116699,0
1595875245.9878788,151.4057741165161,66.80508232116699,0
1595875245.9978952,153.20873355865479,66.80508232116699,0
1595875246.0078826,155.0064573287964,66.80508232116699,0
1595875246.0178826,156.80645561218262,66.80508232116699,0
1595875246.0278895,158.60769844055176,66.80508232116699,0
1595875246.0378773,160.40550804138184,66.80508232116699,0
1595875246.0478878,162.20739459991455,66.80508232116699,0
1595875246.0578997,164.0095386505127,66.80508232116699,0
1595875246.067888,165.80743408203125,66.80508232116699,0
1595875246.0778875,167.607346534729,66.80508232116699,0
1595875246.0878937,169.40846061706543,66.80508232116699,0
1595875246.0978782,171.20566940307617,66.80508232116699,0
1595875246.1075552,172.94751739501953,66.80508232116699,0
1595875246.1075552,121.06326217651367,14.920827102661136,0
1595875246.1078818,121.12205619812012,14.920827102661136,0
1595875246.117887,122.92299861907959,14.920827102661136,0
1595875246.1278794,124.7216236114502,14.920827102661136,0
1595875246.1379018,126.52565593719483,14.920827102661136,0
1595875246.1478782,128.32140560150145,14.920827102661136,0
1595875246.157877,130.1211893081665,14.920827102661136,0
1595875246.1678884,131.92324752807616,14.920827102661136,0
1595875246.177883,133.7222587585449,14.920827102661136,0
1595875246.1878865,135.52290077209472,14.920827102661136,0
1595875246.1978767,137.32113952636718,14.920827102661136,0
1595875246.2078805,139.12182445526122,14.920827102661136,0
1595875246.217878,140.92139358520507,14.920827102661136,0
1595875246.2278898,142.72349472045897,14.920827102661136,0
1595875246.2378755,144.5209180831909,14.920827102661136,0
1595875246.2478793,146.32160301208495,14.920827102661136,0
1595875246.2578993,148.1252061843872,14.920827102661136,0
1595875246.2678933,149.92413158416747,14.920827102661136,0
1595875246.277893,151.72408695220946,14.920827102661136,0
1595875246.2878857,153.5227548599243,14.920827102661136,0
1595875246.297893,155.32408351898192,14.920827102661136,0
1595875246.3078916,157.12382431030272,14.920827102661136,0
1595875246.3178856,158.922749710083,14.920827102661136,0
1595875246.3278801,160.72176094055175,14.920827102661136,0
1595875246.337876,162.52102966308593,14.920827102661136,0
1595875246.3478892,164.32338829040526,14.920827102661136,0
1595875246.357888,166.1231719970703,14.920827102661136,0
1595875246.3678868,167.92295570373534,14.920827102661136,0
1595875246.3778954,169.72449893951415,14.920827102661136,0
1595875246.3878903,171.52359600067138,14.920827102661136,0
1595875246.397894,173.32423801422118,14.920827102661136,0
1595875246.4078925,175.12397880554198,14.920827102661136,0
1595875246.417896,176.92462081909179,14.920827102661136,0
1595875246.4278762,178.72105712890624,14.920827102661136,0
1595875246.4378865,180.52290077209472,14.920827102661136,0
1595875246.4478762,182.3210536956787,14.920827102661136,0
1595875246.4578786,184.1214811325073,14.920827102661136,0
1595875246.4678743,185.92070693969725,14.920827102661136,0
1595875246.4778833,187.72233600616454,14.920827102661136,0
1595875246.4878778,189.5213472366333,14.920827102661136,0
1595875246.4978895,191.3234483718872,14.920827102661136,0
1595875246.5078888,193.1233179092407,14.920827102661136,0
1595875246.5178797,194.9216854095459,14.920827102661136,0
1595875246.5278914,196.7237865447998,14.920827102661136,0
1595875246.5378795,198.5216390609741,14.920827102661136,0
1595875246.5478926,200.32399768829345,14.920827102661136,0
1595875246.557879,202.1215497970581,14.920827102661136,0
1595875246.5678878,203.92313594818114,14.920827102661136,0
1595875246.5778887,205.72330589294432,14.920827102661136,0
1595875246.5878766,207.5211154937744,14.920827102661136,0
1595875246.5978768,209.32115669250487,14.920827102661136,0
1595875246.6078882,211.12321491241454,14.920827102661136,0
1595875246.617876,212.92102451324462,14.920827102661136,0
1595875246.627886,214.72282524108886,14.920827102661136,0
1595875246.6378872,216.52303810119628,14.920827102661136,0
1595875246.6478868,218.32295055389403,14.920827102661136,0
1595875246.6578753,220.12088890075682,14.920827102661136,0
1595875246.6678843,221.9225179672241,14.920827102661136,0
1595875246.677891,223.723717880249,14.920827102661136,0
1595875246.687879,225.52157039642333,14.920827102661136,0
1595875246.6978958,227.32457275390624,14.920827102661136,0
1595875246.7078817,229.1220390319824,14.920827102661136,0
1595875246.7178786,230.92147941589354,14.920827102661136,0
1595875246.7278829,232.72225017547606,14.920827102661136,0
1595875246.737887,234.52297801971434,14.920827102661136,0
1595875246.7479005,236.32542247772216,14.920827102661136,0
1595875246.7578762,238.12104339599608,14.920827102661136,0
1595875246.767876,239.92099876403807,14.920827102661136,0
1595875246.7778955,241.72451610565184,14.920827102661136,0
1595875246.787889,243.52335567474364,14.920827102661136,0
1595875246.7978852,245.32266731262206,14.920827102661136,0
1595875246.8078847,247.1225797653198,14.920827102661136,0
1595875246.8178742,248.92068977355956,14.920827102661136,0
1595875246.8278782,250.72141761779784,14.920827102661136,0
1595875246.8378825,252.52218837738036,14.920827102661136,0
1595875246.8478837,254.32240123748778,14.920827102661136,0
1595875246.857874,256.12063999176024,14.920827102661136,0
1595875246.8678753,257.9208957672119,14.920827102661136,0
1595875246.8778887,259.7232973098755,14.920827102661136,0
1595875246.8878863,261.5228664398193,14.920827102661136,0
1595875246.8978941,263.3242809295654,14.920827102661136,0
1595875246.9078813,265.1219617843628,14.920827102661136,0
1595875246.9178927,266.92402000427245,14.920827102661136,0
1595875246.927874,268.7206708908081,14.920827102661136,0
1595875246.937874,270.5206691741943,14.920827102661136,0
1595875246.9478858,272.32277030944823,14.920827102661136,0
1595875246.9578855,274.1227256774902,14.920827102661136,0
1595875246.9678855,275.92272396087645,14.920827102661136,0
1595875246.9778926,277.72400970458983,14.920827102661136,0
1595875246.9878922,279.5239221572876,14.920827102661136,0
1595875246.9978824,281.32216091156005,14.920827102661136,0
1595875247.0078883,283.12323207855223,14.920827102661136,0
1595875247.0178878,284.92314453125,14.920827102661136,0
1595875247.0278947,286.72438735961913,14.920827102661136,0
1595875247.0378783,288.5214244842529,14.920827102661136,0
1595875247.0478811,290.32193775177,14.920827102661136,0
1595875247.057899,292.1251546859741,14.920827102661136,0
1595875247.0678906,293.923650932312,14.920827102661136,0
1595875247.077887,295.72300548553466,14.920827102661136,0
1595875247.0878816,297.5220167160034,14.920827102661136,0
1595875247.0978937,299.3242036819458,14.920827102661136,0
1595875247.1078806,301.1218416213989,14.920827102661136,0
1595875247.117886,302.9228269577026,14.920827102661136,0
1595875247.1278853,304.72269649505614,14.920827102661136,0
1595875247.1378982,306.52501220703124,14.920827102661136,0
1595875247.1478899,308.32350845336913,14.920827102661136,0
1595875247.1578782,310.1214038848877,14.920827102661136,0
1595875247.1678905,311.9236337661743,14.920827102661136,0
1595875247.1778755,313.7209283828735,14.920827102661136,0
1595875247.187878,315.52135581970214,14.920827102661136,0
1595875247.197881,317.32191200256347,14.920827102661136,0
1595875247.2078772,319.1212236404419,14.920827102661136,0
1595875247.2178733,320.9205352783203,14.920827102661136,0
1595875247.2278929,322.72405261993407,14.920827102661136,0
1595875247.2378936,324.524179649353,14.920827102661136,0
1595875247.2478862,326.32284755706786,14.920827102661136,0
1595875247.257899,328.12516326904296,14.920827102661136,0
1595875247.2678835,329.9223720550537,14.920827102661136,0
1595875247.2778943,331.72430152893065,14.920827102661136,0
1595875247.287885,333.5226261138916,14.920827102661136,0
1595875247.297883,335.3222810745239,14.920827102661136,0
1595875247.3038666,336.39932746887206,14.920827102661136,0
1595875247.3038666,343.4795292282104,22.00102886199952,0
1595875247.3078809,344.2020948791504,22.00102886199952,0
1595875247.3178892,346.003595199585,22.00102886199952,0
1595875247.3278878,347.8033359909058,22.00102886199952,0
1595875247.3378992,349.60539421081546,22.00102886199952,0
1595875247.3478918,351.4040621185303,22.00102886199952,0
1595875247.3578768,353.2013567352295,22.00102886199952,0
1595875247.3678777,355.0015266799927,22.00102886199952,0
1595875247.377888,356.8033703231812,22.00102886199952,0
1595875247.3878937,358.60439857482913,22.00102886199952,0
1595875247.3956587,360,22.00102886199952,1
1595875247.3956587,0,22.00102886199952,0
1595875247.4056647,23.802100028991706,22.00102886199952,0
1595875247.415669,25.602870788574226,22.00102886199952,0
1595875247.425678,27.40449985504151,22.00102886199952,0
1595875247.435665,29.202137794494636,22.00102886199952,0
1595875247.4456747,31.003895606994636,22.00102886199952,0
1595875247.4556587,32.8010185623169,22.00102886199952,0
1595875247.4656663,34.60239013671875,22.00102886199952,0
1595875247.4756603,36.40131553649903,22.00102886199952,0
1595875247.4856634,38.201871719360355,22.00102886199952,0
1595875247.4956744,40.003844108581546,22.00102886199952,0
1595875247.5056608,41.801396217346195,22.00102886199952,0
1595875247.5156674,43.6025961303711,22.00102886199952,0
1595875247.5256624,45.401693191528324,22.00102886199952,0
1595875247.5356681,47.20272144317627,22.00102886199952,0
1595875247.5456684,49.00276264190674,22.00102886199952,0
1595875247.5556602,50.80130180358887,22.00102886199952,0
1595875247.5656748,52.603917922973636,22.00102886199952,0
1595875247.5756607,54.40138420104981,22.00102886199952,0
1595875247.5856647,56.20211204528809,22.00102886199952,0
1595875247.5956697,58.003011550903324,22.00102886199952,0
1595875247.605661,59.80142196655274,22.00102886199952,0
1595875247.6156645,61.60206398010254,22.00102886199952,0
1595875247.6256764,63.40420803070069,22.00102886199952,0
1595875247.635674,65.20377716064453,22.00102886199952,0
1595875247.6456642,67.002015914917,22.00102886199952,0
1595875247.6556633,68.80184253692627,22.00102886199952,0
1595875247.6656632,70.6018408203125,22.00102886199952,0
1595875247.6756592,72.40110954284668,22.00102886199952,0
1595875247.6856587,74.20102199554444,22.00102886199952,0
1595875247.6956692,76.00290855407715,22.00102886199952,0
1595875247.7056642,77.80200561523438,22.00102886199952,0
1595875247.7156749,79.60393508911133,22.00102886199952,0
1595875247.7256634,81.40187343597412,22.00102886199952,0
1595875247.7356584,83.20097049713135,22.00102886199952,0
1595875247.74567,85.00307163238526,22.00102886199952,0
1595875247.7556617,86.80156787872315,22.00102886199952,0
1595875247.765661,88.60143741607666,22.00102886199952,0
1595875247.7756696,90.40298065185547,22.00102886199952,0
1595875247.7856762,92.20418056488037,22.00102886199952,0
1595875247.7956588,94.00104602813721,22.00102886199952,0
1595875247.8056624,95.80168804168702,22.00102886199952,0
1595875247.8156652,97.6022013092041,22.00102886199952,0
1595875247.8256602,99.40129837036133,22.00102886199952,0
1595875247.835663,101.20181163787842,22.00102886199952,0
1595875247.8456767,103.00425609588623,22.00102886199952,0
1595875247.8556757,104.80408271789551,22.00102886199952,0
1595875247.865677,106.60433849334717,22.00102886199952,0
1595875247.8756719,108.40339263916016,22.00102886199952,0
1595875247.8856602,110.20128807067871,22.00102886199952,0
1595875247.8956668,112.00248798370362,22.00102886199952,0
1595875247.9056613,113.80149921417237,22.00102886199952,0
1595875247.915672,115.60342868804932,22.00102886199952,0
1595875247.925675,117.40394195556641,22.00102886199952,0
1595875247.9356608,119.20140823364258,22.00102886199952,0
1595875247.9456747,121.00389560699463,22.00102886199952,0
1595875247.955667,122.80252059936524,22.00102886199952,0
1595875247.9656754,124.60402091979981,22.00102886199952,0
1595875247.9756634,126.40187343597412,22.00102886199952,0
1595875247.9856603,128.20131381988526,22.00102886199952,0
1595875247.99567,130.00307163238526,22.00102886199952,0
1595875248.005666,131.80234035491944,22.00102886199952,0
1595875248.0156748,133.60392650604248,22.00102886199952,0
1595875248.0256732,135.40362438201905,22.00102886199952,0
1595875248.0356674,137.20259269714356,22.00102886199952,0
1595875248.045675,139.0039642715454,22.00102886199952,0
1595875248.0556622,140.80164512634278,22.00102886199952,0
1595875248.0656624,142.60168632507325,22.00102886199952,0
1595875248.0756605,144.40134128570557,22.00102886199952,0
1595875248.085667,146.20249828338623,22.00102886199952,0
1595875248.0956676,148.00262531280518,22.00102886199952,0
1595875248.1056597,149.80120738983155,22.00102886199952,0
1595875248.1156592,151.6011198425293,22.00102886199952,0
1595875248.125677,153.4043367767334,22.00102886199952,0
1595875248.1356595,155.201159324646,22.00102886199952,0
1595875248.1456776,157.00441917419434,22.00102886199952,0
1595875248.155661,158.80145629882813,22.00102886199952,0
1595875248.165664,160.60196956634522,22.00102886199952,0
1595875248.1756756,162.40407070159912,22.00102886199952,0
1595875248.1856704,164.2031248474121,22.00102886199952,0
1595875248.195667,166.002522315979,22.00102886199952,0
1595875248.2056737,167.8037222290039,22.00102886199952,0
1595875248.215674,169.60376342773438,22.00102886199952,0
1595875248.2256773,171.40436252593994,22.00102886199952,0
1595875248.2356615,173.20152839660645,22.00102886199952,0
1595875248.245659,175.0010975265503,22.00102886199952,0
1595875248.2556756,176.80405696868897,22.00102886199952,0
1595875248.2656598,178.60122283935547,22.00102886199952,0
1595875248.2756753,180.4040106201172,22.00102886199952,0
1595875248.2856617,182.20156272888184,22.00102886199952,0
1595875248.2956648,184.00211891174317,22.00102886199952,0
1595875248.3056624,185.80168804168702,22.00102886199952,0
1595875248.3156624,187.60168632507325,22.00102886199952,0
1595875248.3256693,189.4029291534424,22.00102886199952,0
1595875248.335666,191.20232662200928,22.00102886199952,0
1595875248.345664,193.0019815826416,22.00102886199952,0
1595875248.3556633,194.80185111999512,22.00102886199952,0
1595875248.3656683,196.60275062561035,22.00102886199952,0
1595875248.375672,198.4034355545044,22.00102886199952,0
1595875248.3856735,200.20369132995606,22.00102886199952,0
1595875248.3956757,202.00407585144043,22.00102886199952,0
1595875248.4056692,203.80291542053223,22.00102886199952,0
1595875248.4156697,205.60299953460694,22.00102886199952,0
1595875248.4256742,207.4038132095337,22.00102886199952,0
1595875248.435659,209.20106491088868,22.00102886199952,0
1595875248.4456723,211.00346645355225,22.00102886199952,0
1595875248.455677,212.80432304382325,22.00102886199952,0
1595875248.4656606,214.60136016845703,22.00102886199952,0
1595875248.4756641,216.40200218200684,22.00102886199952,0
1595875248.485661,218.20144256591797,22.00102886199952,0
1595875248.495665,220.00217041015625,22.00102886199952,0
1595875248.5056677,221.8026407623291,22.00102886199952,0
1595875248.5156631,223.6018236541748,22.00102886199952,0
1595875248.5256646,225.40207942962647,22.00102886199952,0
1595875248.5356627,227.2017343902588,22.00102886199952,0
1595875248.5456753,229.00400718688965,22.00102886199952,0
1595875248.5556622,230.80164512634278,22.00102886199952,0
1595875248.565668,232.60271629333496,22.00102886199952,0
1595875248.5756621,234.40164169311524,22.00102886199952,0
1595875248.5856678,236.2026699447632,22.00102886199952,0
1595875248.5956707,238.00318321228028,22.00102886199952,0
1595875248.605671,239.80322441101075,22.00102886199952,0
1595875248.6156685,241.6027935409546,22.00102886199952,0
1595875248.6256602,243.40128978729248,22.00102886199952,0
1595875248.635667,245.20253261566162,22.00102886199952,0
1595875248.645675,247.00394710540772,22.00102886199952,0
1595875248.655671,248.8032158279419,22.00102886199952,0
1595875248.6656675,250.6026132965088,22.00102886199952,0
1595875248.6756666,252.40243991851807,22.00102886199952,0
1595875248.6856723,254.20346817016602,22.00102886199952,0
1595875248.6956737,256.0037239456177,22.00102886199952,0
1595875248.7056694,257.80294975280765,22.00102886199952,0
1595875248.7156694,259.6029480361939,22.00102886199952,0
1595875248.7256708,261.40320381164554,22.00102886199952,0
1595875248.7356663,263.20238670349124,22.00102886199952,0
1595875248.7456627,265.0017412567139,22.00102886199952,0
1595875248.7556627,266.80173954010013,22.00102886199952,0
1595875248.7656748,268.6039265060425,22.00102886199952,0
1595875248.7752786,270.3325994873047,22.00102886199952,0
1595875248.7752786,297.2328196411133,48.901249015808105,0
1595875248.7756667,297.3026858215332,48.901249015808105,0
1595875248.785659,299.1013108139038,48.901249015808105,0
1595875248.7956753,300.90422734069824,48.901249015808105,0
1595875248.8056648,302.702337348938,48.901249015808105,0
1595875248.8156645,304.50229271698,48.901249015808105,0
1595875248.8256717,306.30357846069336,48.901249015808105,0
1595875248.8356628,308.1019888763428,48.901249015808105,0
1595875248.8456707,309.90340336608887,48.901249015808105,0
1595875248.8556721,311.7036591415405,48.901249015808105,0
1595875248.865672,313.50365742492676,48.901249015808105,0
1595875248.875661,315.3016386871338,48.901249015808105,0
1595875248.8856716,317.10356816101074,48.901249015808105,0
1595875248.8956618,318.9018069152832,48.901249015808105,0
1595875248.9056644,320.70227726745605,48.901249015808105,0
1595875248.9156594,322.5013743286133,48.901249015808105,0
1595875248.925659,324.30128678131103,48.901249015808105,0
1595875248.935665,326.1023579483032,48.901249015808105,0
1595875248.9456668,327.90269955444336,48.901249015808105,0
1595875248.9556742,329.704028213501,48.901249015808105,0
1595875248.9656763,331.50441273498535,48.901249015808105,0
1595875248.9756684,333.3029948120117,48.901249015808105,0
1595875248.9856722,335.10367974090576,48.901249015808105,0
1595875248.9956715,336.9035492782593,48.901249015808105,0
1595875249.0056748,338.70414837646484,48.901249015808105,0
1595875249.015661,340.50165756988525,48.901249015808105,0
1595875249.0256672,342.3027716522217,48.901249015808105,0
1595875249.0356731,344.10384281921387,48.901249015808105,0
1595875249.045675,345.904184425354,48.901249015808105,0
1595875249.0556736,347.7039252166748,48.901249015808105,0
1595875249.0656745,349.504095161438,48.901249015808105,0
1595875249.0756667,351.30267723846436,48.901249015808105,0
1595875249.0856621,353.10186013031006,48.901249015808105,0
1595875249.095657,354.9009571914673,48.901249015808105,0
1595875249.105673,356.7038308029175,48.901249015808105,0
1595875249.1156662,358.5025845413208,48.901249015808105,0
1595875249.124009,360,48.901249015808105,1
1595875249.124009,0,48.901249015808105,0
1595875249.1340208,50.70339306640625,48.901249015808105,0
1595875249.1440277,52.50463589477539,48.901249015808105,0
1595875249.1540093,54.30132969665527,48.901249015808105,0
1595875249.1640263,56.10437496948242,48.901249015808105,0
1595875249.174016,57.902527893066406,48.901249015808105,0
1595875249.1840146,59.70226868438721,48.901249015808105,0
1595875249.1940107,61.501580322265625,48.901249015808105,0
1595875249.204028,63.30466851043701,48.901249015808105,0
1595875249.214027,65.10449513244629,48.901249015808105,0
1595875249.2240283,66.90475090789795,48.901249015808105,0
1595875249.2340236,68.70389088439941,48.901249015808105,0
1595875249.2440228,70.50376042175293,48.901249015808105,0
1595875249.254016,72.30251416015625,48.901249015808105,0
1595875249.2640135,74.1020832901001,48.901249015808105,0
1595875249.2740178,75.90285404968262,48.901249015808105,0
1595875249.2840226,77.70371063995361,48.901249015808105,0
1595875249.294014,79.50216397094727,48.901249015808105,0
1595875249.3040137,81.30211933898926,48.901249015808105,0
1595875249.3140223,83.10366257476807,48.901249015808105,0
1595875249.3240223,84.9036608581543,48.901249015808105,0
1595875249.334014,86.70215710449219,48.901249015808105,0
1595875249.3440187,88.50301369476318,48.901249015808105,0
1595875249.3540182,90.30292614746094,48.901249015808105,0
1595875249.3640256,92.10425480651855,48.901249015808105,0
1595875249.3740203,93.90330895233154,48.901249015808105,0
1595875249.3840244,95.70403679656982,48.901249015808105,0
1595875249.3940184,97.5029621963501,48.901249015808105,0
1595875249.4040146,99.30227383422852,48.901249015808105,0
1595875249.414024,101.10398873138428,48.901249015808105,0
1595875249.4240158,102.90248497772217,48.901249015808105,0
1595875249.4340212,104.70347031402588,48.901249015808105,0
1595875249.444017,106.50269612121582,48.901249015808105,0
1595875249.4540148,108.3023081665039,48.901249015808105,0
1595875249.464024,110.10398014831543,48.901249015808105,0
1595875249.4740095,111.90136059570312,48.901249015808105,0
1595875249.4840136,113.7020884399414,48.901249015808105,0
1595875249.4940178,115.50285919952393,48.901249015808105,0
1595875249.5040195,117.30315789031982,48.901249015808105,0
1595875249.514009,119.10126789855957,48.901249015808105,0
1595875249.5240095,120.90135201263428,48.901249015808105,0
1595875249.5340273,122.70456894683838,48.901249015808105,0
1595875249.5440192,124.50310810852051,48.901249015808105,0
1595875249.5540276,126.30460842895508,48.901249015808105,0
1595875249.5640285,128.10477837371826,48.901249015808105,0
1595875249.5740223,129.9036608581543,48.901249015808105,0
1595875249.5840254,131.70421704101562,48.901249015808105,0
1595875249.5940163,133.5025845413208,48.901249015808105,0
1595875249.604013,135.3019820098877,48.901249015808105,0
1595875249.614009,137.10125073242187,48.901249015808105,0
1595875249.6240113,138.9016781692505,48.901249015808105,0
1595875249.6340191,140.70309265899658,48.901249015808105,0
1595875249.6440158,142.50249012756348,48.901249015808105,0
1595875249.6540208,144.3033896331787,48.901249015808105,0
1595875249.6640282,146.10471829223633,48.901249015808105,0
1595875249.674028,147.90467366027832,48.901249015808105,0
1595875249.6840205,149.70334156799316,48.901249015808105,0
1595875249.694024,151.50398358154297,48.901249015808105,0
1595875249.7040222,153.3036385421753,48.901249015808105,0
1595875249.714018,155.10290726470947,48.901249015808105,0
1595875249.7240264,156.90440758514404,48.901249015808105,0
1595875249.7340086,158.7011872177124,48.901249015808105,0
1595875249.74401,160.50144299316406,48.901249015808105,0
1595875249.7540247,162.30410202789307,48.901249015808105,0
1595875249.764015,164.10234078216553,48.901249015808105,0
1595875249.7740242,165.90401276397705,48.901249015808105,0
1595875249.7840168,167.7026806716919,48.901249015808105,0
1595875249.7940128,169.50194939422607,48.901249015808105,0
1595875249.804015,171.30233391571045,48.901249015808105,0
1595875249.8140216,173.10353382873535,48.901249015808105,0
1595875249.8240132,174.90203007507324,48.901249015808105,0
1595875249.834025,176.70413121032715,48.901249015808105,0
1595875249.84402,178.50322827148437,48.901249015808105,0
1595875249.8540246,180.30408486175537,48.901249015808105,0
1595875249.8640094,182.10133656311035,48.901249015808105,0
1595875249.8740144,183.90223606872559,48.901249015808105,0
1595875249.884019,185.70304974365234,48.901249015808105,0
1595875249.89402,187.50326260375977,48.901249015808105,0
1595875249.904025,189.304162109375,48.901249015808105,0
1595875249.914012,191.10180004882812,48.901249015808105,0
1595875249.9240248,192.90411576080322,48.901249015808105,0
1595875249.9340153,194.70239743041992,48.901249015808105,0
1595875249.9440172,196.50273903656006,48.901249015808105,0
1595875249.9540262,198.30436810302734,48.901249015808105,0
1595875249.9640205,200.10333641815186,48.901249015808105,0
1595875249.974019,201.90307720947266,48.901249015808105,0
1595875249.9840126,203.70191677856445,48.901249015808105,0
1595875249.994011,205.50161465454102,48.901249015808105,0
1595875250.004023,207.3038016204834,48.901249015808105,0
1595875250.0140264,209.10440071868896,48.901249015808105,0
1595875250.0240188,210.90302571105957,48.901249015808105,0
1595875250.0340233,212.70383938598633,48.901249015808105,0
1595875250.0440166,214.5026360397339,48.901249015808105,0
1595875250.0540254,216.30422219085693,48.901249015808105,0
1595875250.0640187,218.1030188446045,48.901249015808105,0
1595875250.074016,219.9025450592041,48.901249015808105,0
1595875250.08402,221.70322998809814,48.901249015808105,0
1595875250.0940156,223.50245579528809,48.901249015808105,0
1595875250.1040263,225.30438526916504,48.901249015808105,0
1595875250.1140087,227.10120781707764,48.901249015808105,0
1595875250.1240225,228.9036951904297,48.901249015808105,0
1595875250.134018,230.7028780822754,48.901249015808105,0
1595875250.144017,232.50270470428467,48.901249015808105,0
1595875250.154017,234.3027029876709,48.901249015808105,0
1595875250.1640253,236.10420330810547,48.901249015808105,0
1595875250.1740234,237.9038582687378,48.901249015808105,0
1595875250.184014,239.70218285369873,48.901249015808105,0
1595875250.1940093,241.5013228302002,48.901249015808105,0
1595875250.20401,243.30144985961914,48.901249015808105,0
1595875250.21401,245.10144814300537,48.901249015808105,0
1595875250.2240214,246.90350636291504,48.901249015808105,0
1595875250.2340117,248.7017451171875,48.901249015808105,0
1595875250.2440104,250.50152882385254,48.901249015808105,0
1595875250.2540238,252.3039303665161,48.901249015808105,0
1595875250.2640247,254.1041003112793,48.901249015808105,0
1595875250.2740192,255.90311154174805,48.901249015808105,0
1595875250.2840135,257.70207985687256,48.901249015808105,0
1595875250.294018,259.5028935317993,48.901249015808105,0
1595875250.304013,261.30199059295654,48.901249015808105,0
1595875250.3140163,263.1025896911621,48.901249015808105,0
1595875250.3240101,264.90147217559814,48.901249015808105,0
1595875250.3340254,266.7042170410156,48.901249015808105,0
1595875250.3440087,268.5012112503052,48.901249015808105,0
1595875250.354008,270.3010807876587,48.901249015808105,0
1595875250.3640256,272.10425480651855,48.901249015808105,0
1595875250.3740168,273.90266522216797,48.901249015808105,0
1595875250.384017,275.70270642089844,48.901249015808105,0
1595875250.3940275,277.50459297943115,48.901249015808105,0
1595875250.4040112,279.3016730194092,48.901249015808105,0
1595875250.4140086,281.1011992340088,48.901249015808105,0
1595875250.424015,282.90235623168945,48.901249015808105,0
1595875250.4340231,284.7038136367798,48.901249015808105,0
1595875250.444017,286.5026961212158,48.901249015808105,0
1595875250.454027,288.30449684906006,48.901249015808105,0
1595875250.4640129,290.10196312713623,48.901249015808105,0
1595875250.4740222,291.90363510894775,48.901249015808105,0
1595875250.4840229,293.7037621383667,48.901249015808105,0
1595875250.4940197,295.50320252227783,48.901249015808105,0
1595875250.5040174,297.3027716522217,48.901249015808105,0
1595875250.51288,298.8980637435913,48.901249015808105,0
1595875250.51288,317.22864462051393,67.23182989273072,0
1595875250.5140126,317.43249250564577,67.23182989273072,0
1595875250.5240161,319.2331345191956,67.23182989273072,0
1595875250.5340245,321.03463483963014,67.23182989273072,0
1595875250.5440145,322.83283067855837,67.23182989273072,0
1595875250.5540097,324.63197065505983,67.23182989273072,0
1595875250.5640233,326.43441511306764,67.23182989273072,0
1595875250.5740209,328.2339842430115,67.23182989273072,0
1595875250.584023,330.03436876449587,67.23182989273072,0
1595875250.594024,331.83453870925905,67.23182989273072,0
1595875250.604013,333.6325628868103,67.23182989273072,0
1595875250.614009,335.4318316093445,67.23182989273072,0
1595875250.6240103,337.23208738479616,67.23182989273072,0
1595875250.63402,339.03384519729616,67.23182989273072,0
1595875250.6440241,340.83457304153444,67.23182989273072,0
1595875250.654008,342.63165308151247,67.23182989273072,0
1595875250.664017,344.43328214797975,67.23182989273072,0
1595875250.674017,346.233280431366,67.23182989273072,0
1595875250.6840177,348.03340746078493,67.23182989273072,0
1595875250.6940227,349.83430696640016,67.23182989273072,0
1595875250.7040195,351.6337473503113,67.23182989273072,0
1595875250.7140245,353.43464685592653,67.23182989273072,0
1595875250.7240171,355.2333147636414,67.23182989273072,0
1595875250.7340224,357.03425718460085,67.23182989273072,0
1595875250.74401,358.8320238700867,67.23182989273072,0
1595875250.750509,360,67.23182989273072,1
1595875250.750509,0,67.23182989273072,0
1595875250.7605267,69.03500391159058,67.23182989273072,0
1595875250.7705212,70.83401514205933,67.23182989273072,0
1595875250.7805169,72.63324094924927,67.23182989273072,0
1595875250.7905145,74.43281007919312,67.23182989273072,0
1595875250.8005104,76.2320788017273,67.23182989273072,0
1595875250.810516,78.03310705337525,67.23182989273072,0
1595875250.8205187,79.8335774055481,67.23182989273072,0
1595875250.8305278,81.63520647201538,67.23182989273072,0
1595875250.8405159,83.4330589881897,67.23182989273072,0
1595875250.8505235,85.23443056259156,67.23182989273072,0
1595875250.8605154,87.03296972427368,67.23182989273072,0
1595875250.8705158,88.83305383834839,67.23182989273072,0
1595875250.8805208,90.63395334396363,67.23182989273072,0
1595875250.8905246,92.43463827285767,67.23182989273072,0
1595875250.9005194,94.23369241867066,67.23182989273072,0
1595875250.910518,96.03343320999146,67.23182989273072,0
1595875250.9205165,97.83317400131226,67.23182989273072,0
1595875250.930523,99.63433099899292,67.23182989273072,0
1595875250.940517,101.4332563987732,67.23182989273072,0
1595875250.950513,103.23252512130738,67.23182989273072,0
1595875250.9605117,105.03230882797241,67.23182989273072,0
1595875250.9705172,106.83329416427613,67.23182989273072,0
1595875250.9805205,108.63389326248169,67.23182989273072,0
1595875250.9905267,110.43500734481812,67.23182989273072,0
1595875251.0005162,112.23311735305786,67.23182989273072,0
1595875251.010511,114.03217149887085,67.23182989273072,0
1595875251.020512,115.83238435897827,67.23182989273072,0
1595875251.0305164,117.6331551185608,67.23182989273072,0
1595875251.0405178,119.43341089401245,67.23182989273072,0
1595875251.0505197,121.23375250015259,67.23182989273072,0
1595875251.060517,123.0332787147522,67.23182989273072,0
1595875251.0705137,124.8326761833191,67.23182989273072,0
1595875251.0805259,126.63486314926148,67.23182989273072,0
1595875251.0905223,128.43421770248415,67.23182989273072,0
1595875251.1005251,130.23473097000124,67.23182989273072,0
1595875251.1105125,132.03245474014284,67.23182989273072,0
1595875251.1205091,133.83185220870973,67.23182989273072,0
1595875251.1305091,135.63185049209596,67.23182989273072,0
1595875251.1405244,137.43459535751344,67.23182989273072,0
1595875251.1505175,139.23334909591676,67.23182989273072,0
1595875251.1605196,141.03373361740114,67.23182989273072,0
1595875251.1705098,142.8319723716736,67.23182989273072,0
1595875251.1805136,144.63265730056764,67.23182989273072,0
1595875251.1905093,146.43188310775759,67.23182989273072,0
1595875251.2005217,148.2341129890442,67.23182989273072,0
1595875251.2105246,150.0346262565613,67.23182989273072,0
1595875251.2205086,151.83174921188356,67.23182989273072,0
1595875251.230516,153.63307787094118,67.23182989273072,0
1595875251.240526,155.43487859878542,67.23182989273072,0
1595875251.2505226,157.2342760673523,67.23182989273072,0
1595875251.2605252,159.03474641952516,67.23182989273072,0
1595875251.2705157,160.83302808914186,67.23182989273072,0
1595875251.280525,162.6347000709534,67.23182989273072,0
1595875251.290524,164.43452669296266,67.23182989273072,0
1595875251.3005228,166.2343103996277,67.23182989273072,0
1595875251.3105195,168.0337078681946,67.23182989273072,0
1595875251.320512,169.83237577590944,67.23182989273072,0
1595875251.3305125,171.63245988998415,67.23182989273072,0
1595875251.3405232,173.4343893638611,67.23182989273072,0
1595875251.35052,175.233786832428,67.23182989273072,0
1595875251.3605163,177.03314138565065,67.23182989273072,0
1595875251.3705218,178.83412672195436,67.23182989273072,0
1595875251.3805096,180.63193632278444,67.23182989273072,0
1595875251.3905146,182.43283582839967,67.23182989273072,0
1595875251.4005105,184.23210455093385,67.23182989273072,0
1595875251.4105234,186.03442026290895,67.23182989273072,0
1595875251.420511,187.8321869483948,67.23182989273072,0
1595875251.430524,189.63454557571413,67.23182989273072,0
1595875251.4405246,191.43462968978884,67.23182989273072,0
1595875251.4505167,193.2332117668152,67.23182989273072,0
1595875251.4605186,195.03355337295534,67.23182989273072,0
1595875251.4705217,196.83410955581667,67.23182989273072,0
1595875251.4805102,198.63204790267946,67.23182989273072,0
1595875251.4905171,200.4332907310486,67.23182989273072,0
1595875251.5005233,202.23440481338503,67.23182989273072,0
1595875251.5105193,204.0336735359192,67.23182989273072,0
1595875251.5205238,205.83448721084596,67.23182989273072,0
1595875251.530527,207.63508630905153,67.23182989273072,0
1595875251.540514,209.43272424850466,67.23182989273072,0
1595875251.5505238,211.23448206100466,67.23182989273072,0
1595875251.5605273,213.03512407455446,67.23182989273072,0
1595875251.5705187,214.8335774055481,67.23182989273072,0
1595875251.5805194,216.63370443496706,67.23182989273072,0
1595875251.5905128,218.43250108871462,67.23182989273072,0
1595875251.600511,220.23219896469118,67.23182989273072,0
1595875251.610509,222.03181100997926,67.23182989273072,0
1595875251.6205263,223.8349421134949,67.23182989273072,0
1595875251.630527,225.63506914291384,67.23182989273072,0
1595875251.640514,227.43270708236696,67.23182989273072,0
1595875251.6505172,229.23330618057253,67.23182989273072,0
1595875251.6605084,231.03171659622194,67.23182989273072,0
1595875251.670521,232.8339893928528,67.23182989273072,0
1595875251.6805124,234.63244272384645,67.23182989273072,0
1595875251.6905103,236.43205476913454,67.23182989273072,0
1595875251.7005115,238.23226762924196,67.23182989273072,0
1595875251.710512,240.03235174331667,67.23182989273072,0
1595875251.720514,241.83273626480104,67.23182989273072,0
1595875251.7305262,243.63492323074342,67.23182989273072,0
1595875251.7405255,245.43479276809694,67.23182989273072,0
1595875251.7505162,247.23311735305788,67.23182989273072,0
1595875251.7605214,249.03405977401735,67.23182989273072,0
1595875251.7705164,250.83315683517458,67.23182989273072,0
1595875251.7805119,252.63233972702028,67.23182989273072,0
1595875251.7905116,254.43229509506227,67.23182989273072,0
1595875251.800514,256.2327225318909,67.23182989273072,0
1595875251.8105085,258.03173376235964,67.23182989273072,0
1595875251.8205128,259.83250452194216,67.23182989273072,0
1595875251.8305097,261.6319449058533,67.23182989273072,0
1595875251.8405106,263.4321148506165,67.23182989273072,0
1595875251.8505094,265.2318985572815,67.23182989273072,0
1595875251.86052,267.0337851158142,67.23182989273072,0
1595875251.870523,268.83434129867555,67.23182989273072,0
1595875251.8805268,270.6350262275696,67.23182989273072,0
1595875251.890518,272.433436643219,67.23182989273072,0
1595875251.9005225,274.23425031814577,67.23182989273072,0
1595875251.9105232,276.0343773475647,67.23182989273072,0
1595875251.9205143,277.8327877632141,67.23182989273072,0
1595875251.9305089,279.6317989936829,67.23182989273072,0
1595875251.9405277,281.43518758926393,67.23182989273072,0
1595875251.9505148,283.2328684440613,67.23182989273072,0
1595875251.960512,285.03235174331667,67.23182989273072,0
1595875251.9705114,286.8322641960144,67.23182989273072,0
1595875251.980519,288.6336357704163,67.23182989273072,0
1595875251.990512,290.43234659347536,67.23182989273072,0
1595875252.000513,292.2325594535828,67.23182989273072,0
1595875252.0105166,294.0332014671326,67.23182989273072,0
1595875252.0205145,295.83281351242067,67.23182989273072,0
1595875252.0305147,297.63285471115114,67.23182989273072,0
1595875252.0405204,299.4338829627991,67.23182989273072,0
1595875252.0505135,301.2326367012024,67.23182989273072,0
1595875252.0605214,303.0340511909485,67.23182989273072,0
1595875252.070514,304.83271909866335,67.23182989273072,0
1595875252.0805142,306.6327602973938,67.23182989273072,0
1595875252.0905204,308.43387437973024,67.23182989273072,0
1595875252.1005192,310.2336580863953,67.23182989273072,0
1595875252.1105127,312.0324976554871,67.23182989273072,0
1595875252.1205153,313.83296800765993,67.23182989273072,0
1595875252.1305268,315.6350262275696,67.23182989273072,0
1595875252.1405125,317.43244959030153,67.23182989273072,0
1595875252.150512,319.2323620429993,67.23182989273072,0
1595875252.1605227,321.03429151687624,67.23182989273072,0
1595875252.1705267,322.8350193611145,67.23182989273072,0
1595875252.180511,324.632185231781,67.23182989273072,0
1595875252.1905265,326.43497301254274,67.23182989273072,0
1595875252.200512,328.23235345993044,67.23182989273072,0
1595875252.2105153,330.032952558136,67.23182989273072,0
1595875252.2205207,331.8339378944397,67.23182989273072,0
1595875252.2305088,333.63179041061403,67.23182989273072,0
1595875252.2405186,335.43354822311403,67.23182989273072,0
1595875252.2505167,337.23320318374635,67.23182989273072,0
1595875252.2605145,339.03281522903444,67.23182989273072,0
1595875252.2705245,340.8346159568787,67.23182989273072,0
1595875252.2805226,342.634270917511,67.23182989273072,0
1595875252.2905192,344.4336683860779,67.23182989273072,0
1595875252.3005085,346.2317354789734,67.23182989273072,0
1595875252.3105118,348.032334577179,67.23182989273072,0
1595875252.320512,349.83237577590944,67.23182989273072,0
1595875252.3305123,351.6324169746399,67.23182989273072,0
1595875252.3405118,353.43232942733766,67.23182989273072,0
1595875252.3505087,355.2317698112488,67.23182989273072,0
1595875252.3605194,357.03369928512575,67.23182989273072,0
1595875252.370514,358.8327105155945,67.23182989273072,0
1595875252.3770103,360,67.23182989273072,1
1595875252.3770103,0,67.23182989273072,0
1595875252.3870242,69.03431726608277,67.23182989273072,0
1595875252.3970256,70.83457304153443,67.23182989273072,0
1595875252.4004889,71.4579613319397,67.23182989273072,0
1595875252.4004889,50.020572932357794,45.79444149314881,0
1595875252.4070234,51.19679668724061,45.79444149314881,0
1595875252.4170294,52.997867854232794,45.79444149314881,0
1595875252.427016,54.79546287834168,45.79444149314881,0
1595875252.4370146,56.59520366966248,45.79444149314881,0
1595875252.4470174,58.39571693717957,45.79444149314881,0
1595875252.4570162,60.19550064384461,45.79444149314881,0
1595875252.4670215,61.99644306480408,45.79444149314881,0
1595875252.4770277,63.79755714714051,45.79444149314881,0
1595875252.487022,65.59652546226502,45.79444149314881,0
1595875252.4970295,67.39789703666688,45.79444149314881,0
1595875252.5070264,69.19733742057801,45.79444149314881,0
1595875252.5170188,70.99596241294861,45.79444149314881,0
1595875252.5270128,72.79488781272889,45.79444149314881,0
1595875252.5370238,74.59686020195008,45.79444149314881,0
1595875252.5470126,76.39484146415711,45.79444149314881,0
1595875252.557016,78.19544056236268,45.79444149314881,0
1595875252.5670228,79.99668339073182,45.79444149314881,0
1595875252.5770154,81.79535129844666,45.79444149314881,0
1595875252.5870233,83.59676578819276,45.79444149314881,0
1595875252.5970292,85.39783695518494,45.79444149314881,0
1595875252.607017,87.19564655601502,45.79444149314881,0
1595875252.6170113,88.99461487113953,45.79444149314881,0
1595875252.6270146,90.7952139693451,45.79444149314881,0
1595875252.6370113,92.594611437912,45.79444149314881,0
1595875252.6470246,94.39701298057557,45.79444149314881,0
1595875252.657024,96.19688251792908,45.79444149314881,0
1595875252.6670299,97.99795368492127,45.79444149314881,0
1595875252.6770153,99.79533413230897,45.79444149314881,0
1595875252.6870146,101.59520366966248,45.79444149314881,0
1595875252.6970224,103.39661815940858,45.79444149314881,0
1595875252.7070127,105.19485691368104,45.79444149314881,0
1595875252.717021,106.9963572341156,45.79444149314881,0
1595875252.7270133,108.79498222648621,45.79444149314881,0
1595875252.7370212,110.5963967162323,45.79444149314881,0
1595875252.747017,112.39562252342225,45.79444149314881,0
1595875252.757025,114.19707992851258,45.79444149314881,0
1595875252.767015,115.9952757674408,45.79444149314881,0
1595875252.7770252,117.79711941062928,45.79444149314881,0
1595875252.7870154,119.59535816490174,45.79444149314881,0
1595875252.797015,121.3952706175995,45.79444149314881,0
1595875252.8070204,123.1962559539032,45.79444149314881,0
1595875252.8170164,124.99552467643738,45.79444149314881,0
1595875252.8270242,126.79693916618348,45.79444149314881,0
1595875252.8370268,128.59740951835633,45.79444149314881,0
1595875252.8470242,130.39693573295594,45.79444149314881,0
1595875252.857017,132.19564655601502,45.79444149314881,0
1595875252.8670278,133.99757602989197,45.79444149314881,0
1595875252.8770201,135.79620102226258,45.79444149314881,0
1595875252.8870115,137.59465435325623,45.79444149314881,0
1595875252.897027,139.39744213401795,45.79444149314881,0
1595875252.907022,141.19653919517518,45.79444149314881,0
1595875252.9170291,142.99782493888856,45.79444149314881,0
1595875252.927018,144.7958062010956,45.79444149314881,0
1595875252.9370098,146.59434536277772,45.79444149314881,0
1595875252.947018,148.39580276786805,45.79444149314881,0
1595875252.9570265,150.19734600364686,45.79444149314881,0
1595875252.967016,151.9954560118866,45.79444149314881,0
1595875252.9770184,153.79588344871522,45.79444149314881,0
1595875252.987012,155.594723017807,45.79444149314881,0
1595875252.997024,157.3969099837494,45.79444149314881,0
1595875253.0070112,159.19459083854676,45.79444149314881,0
1595875253.0170283,160.99767902671815,45.79444149314881,0
1595875253.0270247,162.7970335799408,45.79444149314881,0
1595875253.037022,164.5965597945404,45.79444149314881,0
1595875253.047027,166.39745930015565,45.79444149314881,0
1595875253.057022,168.19655636131287,45.79444149314881,0
1595875253.0670173,169.99569633781434,45.79444149314881,0
1595875253.077021,171.79633835136414,45.79444149314881,0
1595875253.0870261,173.59728077232361,45.79444149314881,0
1595875253.0970285,175.39770820915223,45.79444149314881,0
1595875253.1070132,177.1949599105072,45.79444149314881,0
1595875253.1170137,178.99504402458192,45.79444149314881,0
1595875253.1270125,180.79482773124695,45.79444149314881,0
1595875253.1370149,182.59525516807557,45.79444149314881,0
1595875253.14702,184.39619758903504,45.79444149314881,0
1595875253.1570253,186.1971400099945,45.79444149314881,0
1595875253.1670203,187.99623707115174,45.79444149314881,0
1595875253.1770267,189.7973940688324,45.79444149314881,0
1595875253.187022,191.59653404533387,45.79444149314881,0
1595875253.1970136,193.39503029167176,45.79444149314881,0
1595875253.2070205,195.1962731200409,45.79444149314881,0
1595875253.217025,196.99708679496766,45.79444149314881,0
1595875253.227014,198.79511097251893,45.79444149314881,0
1595875253.2370243,200.5969546157074,45.79444149314881,0
1595875253.2470222,202.3965666609955,45.79444149314881,0
1595875253.2570217,204.19647911369324,45.79444149314881,0
1595875253.2670276,205.99755028068543,45.79444149314881,0
1595875253.2770271,207.79746273338318,45.79444149314881,0
1595875253.2870235,209.59681728660584,45.79444149314881,0
1595875253.2970283,211.39767387687684,45.79444149314881,0
1595875253.3070126,213.19483974754334,45.79444149314881,0
1595875253.3170135,214.99500969230652,45.79444149314881,0
1595875253.3270214,216.79642418205262,45.79444149314881,0
1595875253.3370273,218.5974953490448,45.79444149314881,0
1595875253.3470254,220.39715030967713,45.79444149314881,0
1595875253.3570116,222.19465950309754,45.79444149314881,0
1595875253.3670273,223.9974901992035,45.79444149314881,0
1595875253.3770244,225.79697349845887,45.79444149314881,0
1595875253.387026,227.59727218925477,45.79444149314881,0
1595875253.3970134,229.39499595939637,45.79444149314881,0
1595875253.4070225,231.19662502586365,45.79444149314881,0
1595875253.417011,232.99456337272645,45.79444149314881,0
1595875253.4270196,234.79610660850526,45.79444149314881,0
1595875253.437019,236.596019061203,45.79444149314881,0
1595875253.4470212,238.39640358268738,45.79444149314881,0
1595875253.457022,240.19653061210633,45.79444149314881,0
1595875253.467015,241.99528435050965,45.79444149314881,0
1595875253.4770231,243.79674175559998,45.79444149314881,0
1595875253.4870121,245.59476593315125,45.79444149314881,0
1595875253.4970138,247.39506462394715,45.79444149314881,0
1595875253.5070283,249.19768074333192,45.79444149314881,0
1595875253.51701,250.9943745452118,45.79444149314881,0
1595875253.527015,252.79527405082703,45.79444149314881,0
1595875253.5370235,254.59681728660584,45.79444149314881,0
1595875253.5470111,256.3945839720917,45.79444149314881,0
1595875253.5570142,258.19514015495304,45.79444149314881,0
1595875253.5670161,259.9954817610932,45.79444149314881,0
1595875253.5770118,261.7947075682831,45.79444149314881,0
1595875253.5870142,263.59513500511173,45.79444149314881,0
1595875253.5970166,265.39556244194034,45.79444149314881,0
1595875253.6070113,267.19461658775333,45.79444149314881,0
1595875253.617015,268.99525860130314,45.79444149314881,0
1595875253.6270273,270.79748848258976,45.79444149314881,0
1595875253.6370213,272.59641388237003,45.79444149314881,0
1595875253.6470203,274.3962405043793,45.79444149314881,0
1595875253.6570194,276.1960671263886,45.79444149314881,0
1595875253.6670172,277.99567917167667,45.79444149314881,0
1595875253.6770108,279.79451874076847,45.79444149314881,0
1595875253.6870105,281.59447410881046,45.79444149314881,0
1595875253.6970184,283.39588859855655,45.79444149314881,0
1595875253.707028,285.1976034957123,45.79444149314881,0
1595875253.7170274,286.99751594841007,45.79444149314881,0
1595875253.7270246,288.79699924766544,45.79444149314881,0
1595875253.7370098,290.5943367797089,45.79444149314881,0
1595875253.7470174,292.39570835411075,45.79444149314881,0
1595875253.757026,294.19725158988956,45.79444149314881,0
1595875253.7670283,295.9976790267182,45.79444149314881,0
1595875253.7770228,297.7966902571869,45.79444149314881,0
1595875253.7870135,299.59501484214786,45.79444149314881,0
1595875253.7970192,301.3960430937958,45.79444149314881,0
1595875253.807016,303.1954405623627,45.79444149314881,0
1595875253.8170104,304.99445179283146,45.79444149314881,0
1595875253.8270094,306.79427841484073,45.79444149314881,0
1595875253.837018,308.59582165061954,45.79444149314881,0
1595875253.8470194,310.3960774260712,45.79444149314881,0
1595875253.85702,312.1961615401459,45.79444149314881,0
1595875253.8670142,313.9951298552704,45.79444149314881,0
1595875253.877015,315.7952998000336,45.79444149314881,0
1595875253.8870122,317.594783099289,45.79444149314881,0
1595875253.897011,319.394566805954,45.79444149314881,0
1595875253.9070206,321.1962817031098,45.79444149314881,0
1595875253.9170136,322.9950354415131,45.79444149314881,0
1595875253.927015,324.79529121696476,45.79444149314881,0
1595875253.9370124,326.59481743156437,45.79444149314881,0
1595875253.9470267,328.3973906356049,45.79444149314881,0
1595875253.957013,330.1948998290253,45.79444149314881,0
1595875253.9670177,331.9957564192963,45.79444149314881,0
1595875253.9770186,333.7959263640595,45.79444149314881,0
1595875253.987026,335.5972550231171,45.79444149314881,0
1595875253.9970205,337.39626625358585,45.79444149314881,0
1595875254.0070267,339.1973803359223,45.79444149314881,0
1595875254.0170116,340.9946749526215,45.79444149314881,0
1595875254.0270193,342.79604652702335,45.79444149314881,0
1595875254.0370252,344.59711769401554,45.79444149314881,0
1595875254.0470264,346.39733055412296,45.79444149314881,0
1595875254.0570214,348.1964276152802,45.79444149314881,0
1595875254.0670242,349.9969408827973,45.79444149314881,0
1595875254.0770197,351.796123774643,45.79444149314881,0
1595875254.087015,353.59526375114444,45.79444149314881,0
1595875254.0970232,355.396764071579,45.79444149314881,0
1595875254.1070237,357.1968481856537,45.79444149314881,0
1595875254.1170244,358.99697521507267,45.79444149314881,0
1595875254.1226068,360,45.79444149314881,1
1595875254.1226068,0,45.79444149314881,0
1595875254.1326206,47.59692886650086,45.79444149314881,0
1595875254.1426117,49.395339282150275,45.79444149314881,0
1595875254.1526167,51.19623878776551,45.79444149314881,0
1595875254.162608,52.99464920341492,45.79444149314881,0
1595875254.1726136,54.79567745506287,45.79444149314881,0
1595875254.1826086,56.5947745162201,45.79444149314881,0
1595875254.1926162,58.396146090621954,45.79444149314881,0
1595875254.202611,60.19520023643494,45.79444149314881,0
1595875254.2126133,61.995627673263556,45.79444149314881,0
1595875254.2226105,63.79511097251893,45.79444149314881,0
1595875254.2326195,65.59674003898621,45.79444149314881,0
1595875254.242612,67.39536503135682,45.79444149314881,0
1595875254.243096,67.48252609550477,45.79444149314881,0
1595875254.243096,47.23776826685334,25.54968366449738,0
1595875254.2526183,48.95176420038605,25.54968366449738,0
1595875254.2626145,50.75107583826447,25.54968366449738,0
1595875254.272608,52.549915407356266,25.54968366449738,0
1595875254.282623,54.35261735742951,25.54968366449738,0
1595875254.2926211,56.15227231806183,25.54968366449738,0
1595875254.3026075,57.94982442682648,25.54968366449738,0
1595875254.3126094,59.75016603296662,25.54968366449738,0
1595875254.322609,61.55007848566437,25.54968366449738,0
1595875254.3326244,63.35286626642609,25.54968366449738,0
1595875254.342619,65.15187749689484,25.54968366449738,0
1595875254.352621,66.95226201837922,25.54968366449738,0
1595875254.3626127,68.7507582647171,25.54968366449738,0
1595875254.3726072,70.54976949518586,25.54968366449738,0
1595875254.3826108,72.35041150873566,25.54968366449738,0
1595875254.3926218,74.15238389795685,25.54968366449738,0
1595875254.4026124,75.95070848291779,25.54968366449738,0
1595875254.4126158,77.75130758112336,25.54968366449738,0
1595875254.4226096,79.55019006555939,25.54968366449738,0
1595875254.43261,81.3502741796341,25.54968366449738,0
1595875254.4426172,83.15155992334748,25.54968366449738,0
1595875254.4526074,84.94979867761994,25.54968366449738,0
1595875254.4626245,86.75288686579133,25.54968366449738,0
1595875254.4726152,88.55121145075226,25.54968366449738,0
1595875254.48261,90.35026559656525,25.54968366449738,0
1595875254.4926238,92.1527529699173,25.54968366449738,0
1595875254.5026212,93.95227918451691,25.54968366449738,0
1595875254.5126107,95.75038919275666,25.54968366449738,0
1595875254.5226188,97.55184659784699,25.54968366449738,0
1595875254.5326164,99.35141572779084,25.54968366449738,0
1595875254.5426154,101.15124234980011,25.54968366449738,0
1595875254.5526078,102.94986734217072,25.54968366449738,0
1595875254.5626175,104.75162515467072,25.54968366449738,0
1595875254.5726078,106.54986390894318,25.54968366449738,0
1595875254.582617,108.3515358907547,25.54968366449738,0
1595875254.5926256,110.15307912653351,25.54968366449738,0
1595875254.6026108,111.95041665857697,25.54968366449738,0
1595875254.6126115,113.75054368799591,25.54968366449738,0
1595875254.6226115,115.55054197138215,25.54968366449738,0
1595875254.632616,117.3513556463089,25.54968366449738,0
1595875254.642613,119.15079603022004,25.54968366449738,0
1595875254.652609,120.95010766809845,25.54968366449738,0
1595875254.6626208,122.75220880335236,25.54968366449738,0
1595875254.6726162,124.55139169519806,25.54968366449738,0
1595875254.6826196,126.35199079340363,25.54968366449738,0
1595875254.6926088,128.15005788629912,25.54968366449738,0
1595875254.7026246,129.95288858240508,25.54968366449738,0
1595875254.7126162,131.75138482874297,25.54968366449738,0
1595875254.722619,133.55189809626006,25.54968366449738,0
1595875254.732612,135.35060891931914,25.54968366449738,0
1595875254.7426069,137.14970598047637,25.54968366449738,0
1595875254.752624,138.95279416864776,25.54968366449738,0
1595875254.7626145,140.75107583826446,25.54968366449738,0
1595875254.7726254,142.55304822748565,25.54968366449738,0
1595875254.7826061,144.34957036798858,25.54968366449738,0
1595875254.7926161,146.15137109583281,25.54968366449738,0
1595875254.8026104,147.95033941095733,25.54968366449738,0
1595875254.8126113,149.7505093557205,25.54968366449738,0
1595875254.8226066,151.54964933222197,25.54968366449738,0
1595875254.832618,153.35170755213164,25.54968366449738,0
1595875254.8426244,155.1528645498123,25.54968366449738,0
1595875254.8526185,156.95178994959258,25.54968366449738,0
1595875254.8626103,158.7503291112747,25.54968366449738,0
1595875254.872625,160.5529881460037,25.54968366449738,0
1595875254.882623,162.3526001912918,25.54968366449738,0
1595875254.8926098,164.15023813074492,25.54968366449738,0
1595875254.9026108,165.9504080755081,25.54968366449738,0
1595875254.9126227,167.75255212610625,25.54968366449738,0
1595875254.9226172,169.551563356575,25.54968366449738,0
1595875254.9326103,171.35031709497832,25.54968366449738,0
1595875254.9426193,173.1519461614456,25.54968366449738,0
1595875254.9526172,174.9515582067337,25.54968366449738,0
1595875254.9626088,176.75005445307158,25.54968366449738,0
1595875254.972606,178.54953775232696,25.54968366449738,0
1595875254.9826179,180.3516818029251,25.54968366449738,0
1595875254.992623,182.15262422388457,25.54968366449738,0
1595875255.002615,183.9511633855667,25.54968366449738,0
1595875255.012623,185.75262079065703,25.54968366449738,0
1595875255.0226245,187.5528765661087,25.54968366449738,0
1595875255.0326188,189.3518448812332,25.54968366449738,0
1595875255.0426197,191.1520148259964,25.54968366449738,0
1595875255.0526102,192.9502964956131,25.54968366449738,0
1595875255.062617,194.75153932398223,25.54968366449738,0
1595875255.0726106,196.55037889307403,25.54968366449738,0
1595875255.0826063,198.34960470026397,25.54968366449738,0
1595875255.092609,200.15007505243682,25.54968366449738,0
1595875255.1026103,201.95033082788848,25.54968366449738,0
1595875255.1126242,203.75281820124053,25.54968366449738,0
1595875255.1226208,205.55221566980742,25.54968366449738,0
1595875255.1326115,207.35054025476836,25.54968366449738,0
1595875255.1426127,209.15075311487578,25.54968366449738,0
1595875255.152609,210.95010766809844,25.54968366449738,0
1595875255.162615,212.75117883509063,25.54968366449738,0
1595875255.1726062,214.54958925074004,25.54968366449738,0
1595875255.18262,216.3520766240921,25.54968366449738,0
1595875255.192616,218.15134534662627,25.54968366449738,0
1595875255.2026079,219.9498845083084,25.54968366449738,0
1595875255.2126136,221.75091275995635,25.54968366449738,0
1595875255.2226253,223.55301389521026,25.54968366449738,0
1595875255.2326121,225.35065183466338,25.54968366449738,0
1595875255.2426212,227.15228090113067,25.54968366449738,0
1595875255.25262,228.9520646077957,25.54968366449738,0
1595875255.2626228,230.7525778753128,25.54968366449738,0
1595875255.2726202,232.5521040899124,25.54968366449738,0
1595875255.28262,234.3520594579544,25.54968366449738,0
1595875255.2926202,236.15210065668487,25.54968366449738,0
1595875255.3026183,237.9517556173172,25.54968366449738,0
1595875255.3126218,239.752397630867,25.54968366449738,0
1595875255.3226063,241.54960641687774,25.54968366449738,0
1595875255.332611,243.35046300714873,25.54968366449738,0
1595875255.3426092,245.15011796778106,25.54968366449738,0
1595875255.3526125,246.95071706598662,25.54968366449738,0
1595875255.362613,248.75080118006133,25.54968366449738,0
1595875255.372623,250.55260190790557,25.54968366449738,0
1595875255.3826094,252.35015401667022,25.54968366449738,0
1595875255.392608,254.14989480799102,25.54968366449738,0
1595875255.4026124,255.95070848291778,25.54968366449738,0
1595875255.4126213,257.7522946340408,25.54968366449738,0
1595875255.4226096,259.5501900655594,25.54968366449738,0
1595875255.4326148,261.35113248651885,25.54968366449738,0
1595875255.442623,263.1525898916092,25.54968366449738,0
1595875255.452608,264.94992742365264,25.54968366449738,0
1595875255.4626176,266.7516423208084,25.54968366449738,0
1595875255.4726236,268.5527134878006,25.54968366449738,0
1595875255.4826076,270.34983644312285,25.54968366449738,0
1595875255.4926224,272.15249547785186,25.54968366449738,0
1595875255.5026147,273.95112047022246,25.54968366449738,0
1595875255.5126054,275.7494450551834,25.54968366449738,0
1595875255.5226076,277.5498295766678,25.54968366449738,0
1595875255.5326097,279.35021409815215,25.54968366449738,0
1595875255.5426176,281.15162858789824,25.54968366449738,0
1595875255.5526211,282.95227060144805,25.54968366449738,0
1595875255.5626247,284.75291261499785,25.54968366449738,0
1595875255.5726101,286.55029306238555,25.54968366449738,0
1595875255.5826197,288.3520079595413,25.54968366449738,0
1595875255.5926137,290.1509333593216,25.54968366449738,0
1595875255.6026175,291.9516182882156,25.54968366449738,0
1595875255.6126082,293.74994287317656,25.54968366449738,0
1595875255.6226227,295.55255899256133,25.54968366449738,0
1595875255.6326056,297.3494673711624,25.54968366449738,0
1595875255.6426167,299.15148267572783,25.54968366449738,0
1595875255.6526234,300.95268258875274,25.54968366449738,0
1595875255.6626074,302.749805544075,25.54968366449738,0
1595875255.6726112,304.55049047296905,25.54968366449738,0
1595875255.6826122,306.35066041773223,25.54968366449738,0
1595875255.692606,308.14954290216826,25.54968366449738,0
1595875255.702618,309.9516869527664,25.54968366449738,0
1595875255.7126224,311.75250062769317,25.54968366449738,0
1595875255.7226245,313.55288514917754,25.54968366449738,0
1595875255.7326107,315.35039434259795,25.54968366449738,0
1595875255.7426198,317.15202340906524,25.54968366449738,0
1595875255.7526066,318.94966134851836,25.54968366449738,0
1595875255.7626083,320.74996003931426,25.54968366449738,0
1595875255.7726092,322.55012998407744,25.54968366449738,0
1595875255.7826064,324.3496132833328,25.54968366449738,0
1595875255.7926068,326.1496973974075,25.54968366449738,0
1595875255.8026168,327.95149812525176,25.54968366449738,0
1595875255.8126175,329.7516251546707,25.54968366449738,0
1595875255.8226168,331.5514946920242,25.54968366449738,0
1595875255.8326118,333.35059175318145,25.54968366449738,0
1595875255.8426087,335.1500321370926,25.54968366449738,0
1595875255.8526118,336.9505883199539,25.54968366449738,0
1595875255.8626184,338.7517882329788,25.54968366449738,0
1595875255.872605,340.5493832570877,25.54968366449738,0
1595875255.8826241,342.352814768013,25.54968366449738,0
1595875255.8926105,344.15036687677764,25.54968366449738,0
1595875255.902614,345.95100889032744,25.54968366449738,0
1595875255.9126208,347.75220880335235,25.54968366449738,0
1595875255.9226124,349.55070504969024,25.54968366449738,0
1595875255.9326236,351.35272035425567,25.54968366449738,0
1595875255.9426138,353.1509591085281,25.54968366449738,0
1595875255.9526231,354.95263109033965,25.54968366449738,0
1595875255.962619,356.75189981287383,25.54968366449738,0
1595875255.9726162,358.5513831121292,25.54968366449738,0
1595875255.9806747,360,25.54968366449738,1
1595875255.9806747,0,25.54968366449738,0
1595875255.9907024,27.35466012781525,25.54968366449738,0
1595875256.0007026,29.15470132654572,25.54968366449738,0
1595875256.0106955,30.9534121496048,25.54968366449738,0
1595875256.0206754,32.749805544075016,25.54968366449738,0
1595875256.0306876,34.5519925100174,25.54968366449738,0
1595875256.0406969,36.35366449182892,25.54968366449738,0
1595875256.0506885,38.15216073816681,25.54968366449738,0
1595875256.0581696,39.4987584096756,25.54968366449738,0
1595875256.0581696,27.649130886772923,13.700056141594699,0
1595875256.0606754,28.10017115471726,13.700056141594699,0
1595875256.0706902,29.902830189446263,13.700056141594699,0
1595875256.0807042,31.705360478142552,13.700056141594699,0
1595875256.0906901,33.502826756218724,13.700056141594699,0
1595875256.100693,35.303340023735814,13.700056141594699,0
1595875256.1106868,37.10222250817185,13.700056141594699,0
1595875256.1206913,38.90303618309861,13.700056141594699,0
1595875256.130686,40.702090328911595,13.700056141594699,0
1595875256.1407044,42.50539309380417,13.700056141594699,0
1595875256.150675,44.300112789849095,13.700056141594699,0
1595875256.1606913,46.10302931664353,13.700056141594699,0
1595875256.1707034,47.90521628258591,13.700056141594699,0
1595875256.1806953,49.70375544426804,13.700056141594699,0
1595875256.1907005,51.50469786522751,13.700056141594699,0
1595875256.200687,53.30224997399216,13.700056141594699,0
1595875256.2106748,55.10005957482224,13.700056141594699,0
1595875256.220692,56.903147762993626,13.700056141594699,0
1595875256.2307024,58.70503432152634,13.700056141594699,0
1595875256.2406838,60.501685208061986,13.700056141594699,0
1595875256.2506876,62.30237013695603,13.700056141594699,0
1595875256.2606983,64.10429961083298,13.700056141594699,0
1595875256.2706854,65.90198046563034,13.700056141594699,0
1595875256.2806952,67.70373827813034,13.700056141594699,0
1595875256.2907002,69.50463778374558,13.700056141594699,0
1595875256.3006847,71.30184656975632,13.700056141594699,0
1595875256.3106854,73.10197359917527,13.700056141594699,0
1595875256.320689,74.90261561272507,13.700056141594699,0
1595875256.3306844,76.70179850457077,13.700056141594699,0
1595875256.3406909,78.50295550225144,13.700056141594699,0
1595875256.350695,80.30368334648972,13.700056141594699,0
1595875256.3606846,82.1018362700737,13.700056141594699,0
1595875256.370689,83.90260702965622,13.700056141594699,0
1595875256.380702,85.70496565697556,13.700056141594699,0
1595875256.3906875,87.50234610436326,13.700056141594699,0
1595875256.4006896,89.30273062584763,13.700056141594699,0
1595875256.4106982,91.10427386162644,13.700056141594699,0
1595875256.4206998,92.90457255242234,13.700056141594699,0
1595875256.4306924,94.70324046013718,13.700056141594699,0
1595875256.4406862,96.50212294457322,13.700056141594699,0
1595875256.450685,98.30190665123826,13.700056141594699,0
1595875256.4606833,100.10160452721482,13.700056141594699,0
1595875256.470683,101.90155989525681,13.700056141594699,0
1595875256.480682,103.70134360192185,13.700056141594699,0
1595875256.4906895,105.5027151763237,13.700056141594699,0
1595875256.5006983,107.30430132744675,13.700056141594699,0
1595875256.5107,109.10460001824265,13.700056141594699,0
1595875256.5206988,110.90438372490769,13.700056141594699,0
1595875256.5306826,112.70146376488572,13.700056141594699,0
1595875256.5406983,114.50429446099167,13.700056141594699,0
1595875256.5507014,116.304850643853,13.700056141594699,0
1595875256.5606928,118.10330397484665,13.700056141594699,0
1595875256.5706835,119.90162855980759,13.700056141594699,0
1595875256.5806847,121.70184141991501,13.700056141594699,0
1595875256.5906866,123.50218302605515,13.700056141594699,0
1595875256.6006958,125.30385500786667,13.700056141594699,0
1595875256.61069,127.10282332299118,13.700056141594699,0
1595875256.6206834,128.90161997673874,13.700056141594699,0
1595875256.6306806,130.70110327599411,13.700056141594699,0
1595875256.640689,132.50260359642868,13.700056141594699,0
1595875256.6506891,134.30264479515915,13.700056141594699,0
1595875256.6606963,136.10393053887253,13.700056141594699,0
1595875256.6706839,137.90169722435837,13.700056141594699,0
1595875256.680684,139.70173842308884,13.700056141594699,0
1595875256.6906826,141.50147921440964,13.700056141594699,0
1595875256.7006986,143.30435282585984,13.700056141594699,0
1595875256.7106864,145.10216242668992,13.700056141594699,0
1595875256.7206995,146.90452105400925,13.700056141594699,0
1595875256.7306833,148.70160109398728,13.700056141594699,0
1595875256.7406945,150.5036163985527,13.700056141594699,0
1595875256.7506862,152.3021126448906,13.700056141594699,0
1595875256.7606966,154.1039992034233,13.700056141594699,0
1595875256.7706897,155.90275294182663,13.700056141594699,0
1595875256.7807002,157.70463950035935,13.700056141594699,0
1595875256.7906845,159.50180537102585,13.700056141594699,0
1595875256.800691,161.30296236870652,13.700056141594699,0
1595875256.8106844,163.1018019377983,13.700056141594699,0
1595875256.8206978,164.9042034804619,13.700056141594699,0
1595875256.8306873,166.70231348870163,13.700056141594699,0
1595875256.8406801,168.50102431176072,13.700056141594699,0
1595875256.8506854,170.3019667327202,13.700056141594699,0
1595875256.8606963,172.10393912194138,13.700056141594699,0
1595875256.8706965,173.90398032067185,13.700056141594699,0
1595875256.8806868,175.7022190749443,13.700056141594699,0
1595875256.8906865,177.5021744429863,13.700056141594699,0
1595875256.9006839,179.3017006575859,13.700056141594699,0
1595875256.9106896,181.10272890923386,13.700056141594699,0
1595875256.9206917,182.90311343071824,13.700056141594699,0
1595875256.9306893,184.70268256066208,13.700056141594699,0
1595875256.940691,186.50298125145798,13.700056141594699,0
1595875256.9506788,188.30079085228806,13.700056141594699,0
1595875256.9606884,190.10250574944382,13.700056141594699,0
1595875256.9706929,191.90331942437058,13.700056141594699,0
1595875256.9806786,193.7007427871025,13.700056141594699,0
1595875256.9906878,195.50241476891404,13.700056141594699,0
1595875257.0006938,197.30348593590622,13.700056141594699,0
1595875257.0106869,199.10223967430954,13.700056141594699,0
1595875257.0206873,200.90232378838425,13.700056141594699,0
1595875257.0306935,202.70343787072068,13.700056141594699,0
1595875257.0406854,204.5019770324028,13.700056141594699,0
1595875257.0506933,206.3033915221489,13.700056141594699,0
1595875257.0606885,208.10253149865036,13.700056141594699,0
1595875257.0706975,209.90416056511765,13.700056141594699,0
1595875257.08069,211.70278555748826,13.700056141594699,0
1595875257.0906906,213.5029125869072,13.700056141594699,0
1595875257.1006777,215.30059344170456,13.700056141594699,0
1595875257.110684,217.101707524041,13.700056141594699,0
1595875257.1206818,218.90131956932908,13.700056141594699,0
1595875257.1306853,220.70196158287888,13.700056141594699,0
1595875257.1406934,222.5034189879692,13.700056141594699,0
1595875257.1506944,224.3035889327324,13.700056141594699,0
1595875257.1606824,226.1014414489067,13.700056141594699,0
1595875257.170689,227.90264136193161,13.700056141594699,0
1595875257.180691,229.70298296807175,13.700056141594699,0
1595875257.1906815,231.50126463768845,13.700056141594699,0
1595875257.2006922,233.3031941115654,13.700056141594699,0
1595875257.210689,235.10263449547654,13.700056141594699,0
1595875257.2207017,236.9049072921074,13.700056141594699,0
1595875257.230696,238.7038756072319,13.700056141594699,0
1595875257.2406757,240.50022608635788,13.700056141594699,0
1595875257.2506824,242.3014259993828,13.700056141594699,0
1595875257.2606838,244.10168177483445,13.700056141594699,0
1595875257.2707117,245.90670115349656,13.700056141594699,0
1595875257.2806826,247.70146376488572,13.700056141594699,0
1595875257.2906766,249.500389164666,13.700056141594699,0
1595875257.3006916,251.30309111473923,13.700056141594699,0
1595875257.3106892,253.10266024468308,13.700056141594699,0
1595875257.3206763,254.90034109948044,13.700056141594699,0
1595875257.3306894,256.7026997267998,13.700056141594699,0
1595875257.340691,258.5029984175957,13.700056141594699,0
1595875257.350689,260.30261046288376,13.700056141594699,0
1595875257.3606827,262.1014929473198,13.700056141594699,0
1595875257.370691,263.90299326775437,13.700056141594699,0
1595875257.3806808,265.70114619133835,13.700056141594699,0
1595875257.390677,267.50045782921677,13.700056141594699,0
1595875257.4006875,269.3023443877495,13.700056141594699,0
1595875257.4106853,271.10195643303757,13.700056141594699,0
1595875257.4206858,272.9020405471123,13.700056141594699,0
1595875257.4306865,274.7021675765312,13.700056141594699,0
1595875257.440686,276.502080029229,13.700056141594699,0
1595875257.450681,278.3011770903862,13.700056141594699,0
1595875257.460691,280.10297781823044,13.700056141594699,0
1595875257.4706845,281.90181738732224,13.700056141594699,0
1595875257.4806912,283.70301730034714,13.700056141594699,0
1595875257.490693,285.5033589064873,13.700056141594699,0
1595875257.50068,287.3009968459404,13.700056141594699,0
1595875257.5106745,289.10000807640915,13.700056141594699,0
1595875257.52069,290.9027958571709,13.700056141594699,0
1595875257.5306945,292.70360953209763,13.700056141594699,0
1595875257.5406878,294.5024061858452,13.700056141594699,0
1595875257.5506794,296.3009024321831,13.700056141594699,0
1595875257.5606816,298.10128695366745,13.700056141594699,0
1595875257.5706878,299.9024010360039,13.700056141594699,0
1595875257.5806732,301.6997814833916,13.700056141594699,0
1595875257.590678,303.50063807366257,13.700056141594699,0
1595875257.600675,305.30012137291794,13.700056141594699,0
1595875257.6106815,307.1012783705986,13.700056141594699,0
1595875257.6206772,308.90050417778855,13.700056141594699,0
1595875257.630688,310.7024336516655,13.700056141594699,0
1595875257.6406918,312.50311858055954,13.700056141594699,0
1595875257.6506777,314.3005848586357,13.700056141594699,0
1595875257.6606936,316.1034584700859,13.700056141594699,0
1595875257.6706774,317.90053851006394,13.700056141594699,0
1595875257.6806827,319.7014809310234,13.700056141594699,0
1595875257.6906936,321.5034533202446,13.700056141594699,0
1595875257.700674,323.2999325454033,13.700056141594699,0
1595875257.7106826,325.1014757811821,13.700056141594699,0
1595875257.7206845,326.90181738732224,13.700056141594699,0
1595875257.7306745,328.70001322625046,13.700056141594699,0
1595875257.7406855,330.50198561547165,13.700056141594699,0
1595875257.7506833,332.30159766075974,13.700056141594699,0
1595875257.76069,334.10279757378464,13.700056141594699,0
1595875257.7706828,335.9015083968437,13.700056141594699,0
1595875257.7806804,337.70107752678757,13.700056141594699,0
1595875257.790691,339.5029640853203,13.700056141594699,0
1595875257.8006754,341.30017287133103,13.700056141594699,0
1595875257.8106904,343.10287482140427,13.700056141594699,0
1595875257.8206735,344.8998261153496,13.700056141594699,0
1595875257.8306773,346.7005110442436,13.700056141594699,0
1595875257.8406932,348.5033846556938,13.700056141594699,0
1595875257.8506758,350.30025011895066,13.700056141594699,0
1595875257.860673,352.09973341820603,13.700056141594699,0
1595875257.8706827,353.90149123070603,13.700056141594699,0
1595875257.8732808,354.3691397368706,13.700056141594699,0
1595875257.8732808,356.0583978158094,15.389314220533524,0
1595875257.8806813,357.3904901009657,15.389314220533524,0
1595875257.890696,359.1931491356947,15.389314220533524,0
1595875257.8951905,360,15.389314220533524,1
1595875257.8951905,0,15.389314220533524,0
1595875257.9051929,17.189741657362138,15.389314220533524,0
1595875257.9151995,18.99094157038704,15.389314220533524,0
1595875257.925204,20.791755245313798,15.389314220533524,0
1595875257.9352088,22.592611835584794,15.389314220533524,0
1595875257.9451935,24.389863536939774,15.389314220533524,0
1595875257.9552085,26.192565487013017,15.389314220533524,0
1595875257.965197,27.99050383387581,15.389314220533524,0
1595875257.9752002,29.791060016737138,15.389314220533524,0
1595875257.985208,31.59247450648323,15.389314220533524,0
1595875257.9951904,33.389297054395826,15.389314220533524,0
1595875258.0052013,35.19126944361702,15.389314220533524,0
1595875258.0152035,36.99165396510139,15.389314220533524,0
1595875258.0251935,38.789849804029615,15.389314220533524,0
1595875258.0351918,40.58954768000618,15.389314220533524,0
1595875258.0452008,42.39117674647346,15.389314220533524,0
1595875258.0551918,44.18954424677864,15.389314220533524,0
1595875258.065204,45.99173121272102,15.389314220533524,0
1595875258.0752075,47.792373226270826,15.389314220533524,0
1595875258.0852044,49.59181361018196,15.389314220533524,0
1595875258.0952082,51.392498539076,15.389314220533524,0
1595875258.1052005,53.19112353144661,15.389314220533524,0
1595875258.115209,54.992666767225415,15.389314220533524,0
1595875258.125196,56.79030470667854,15.389314220533524,0
1595875258.1352015,58.59129004298225,15.389314220533524,0
1595875258.1452065,60.392189548597486,15.389314220533524,0
1595875258.1551986,62.19077162562385,15.389314220533524,0
1595875258.1652043,63.9917998772718,15.389314220533524,0
1595875258.1752043,65.79179816065803,15.389314220533524,0
1595875258.185199,67.59085230647102,15.389314220533524,0
1595875258.1952093,69.3926959496595,15.389314220533524,0
1595875258.2051976,71.19059138117805,15.389314220533524,0
1595875258.2152007,72.99114756403938,15.389314220533524,0
1595875258.2251914,74.78947214900032,15.389314220533524,0
1595875258.2352087,76.59260325251594,15.389314220533524,0
1595875258.2451966,78.39041285334602,15.389314220533524,0
1595875258.255195,80.19011072932258,15.389314220533524,0
1595875258.2652006,81.99113898097053,15.389314220533524,0
1595875258.275202,83.79139475642219,15.389314220533524,0
1595875258.2852023,85.59143595515266,15.389314220533524,0
1595875258.2951984,87.39074759303108,15.389314220533524,0
1595875258.30519,89.18924383936897,15.389314220533524,0
1595875258.3151922,90.98962836085335,15.389314220533524,0
1595875258.32519,92.78924040614143,15.389314220533524,0
1595875258.3351967,94.59044031916633,15.389314220533524,0
1595875258.3451912,96.38945154963508,15.389314220533524,0
1595875258.3552015,98.19129519282356,15.389314220533524,0
1595875258.365201,99.99120764552131,15.389314220533524,0
1595875258.375202,101.7913775902845,15.389314220533524,0
1595875258.385196,103.59030299006477,15.389314220533524,0
1595875258.3951957,105.39025835810676,15.389314220533524,0
1595875258.4051945,107.1900420647718,15.389314220533524,0
1595875258.4151917,108.98952536402717,15.389314220533524,0
1595875258.4251924,110.78965239344612,15.389314220533524,0
1595875258.43519,112.58922152338997,15.389314220533524,0
1595875258.4452052,114.39196638880745,15.389314220533524,0
1595875258.4551988,116.19080595789924,15.389314220533524,0
1595875258.4651942,117.98998884974495,15.389314220533524,0
1595875258.4751928,119.78972964106575,15.389314220533524,0
1595875258.4851904,121.5892987710096,15.389314220533524,0
1595875258.4952018,123.39135699091926,15.389314220533524,0
1595875258.5051968,125.19045405207649,15.389314220533524,0
1595875258.5152087,126.99259810267463,15.389314220533524,0
1595875258.5251951,128.79015021143928,15.389314220533524,0
1595875258.5352077,130.59242300807014,15.389314220533524,0
1595875258.5451908,132.38937430201545,15.389314220533524,0
1595875258.5551987,134.19078879176155,15.389314220533524,0
1595875258.565191,135.98941378413215,15.389314220533524,0
1595875258.5752087,137.79258780299202,15.389314220533524,0
1595875258.585203,139.59155611811653,15.389314220533524,0
1595875258.5951908,141.3893657189466,15.389314220533524,0
1595875258.605208,143.192453907118,15.389314220533524,0
1595875258.6152086,144.99258093653694,15.389314220533524,0
1595875258.6252003,146.79107718287483,15.389314220533524,0
1595875258.635193,148.5897880059339,15.389314220533524,0
1595875258.6452084,150.3925328713514,15.389314220533524,0
1595875258.6552005,152.19111494837776,15.389314220533524,0
1595875258.6652088,153.99261526881233,15.389314220533524,0
1595875258.6751962,155.79033903895393,15.389314220533524,0
1595875258.6852005,157.59110979853645,15.389314220533524,0
1595875258.695205,159.3919234734632,15.389314220533524,0
1595875258.7051897,161.1891751748182,15.389314220533524,0
1595875258.715208,162.99247793971077,15.389314220533524,0
1595875258.7252092,164.7926907998182,15.389314220533524,0
1595875258.7351985,166.5907578927137,15.389314220533524,0
1595875258.7452013,168.3912711602308,15.389314220533524,0
1595875258.7552044,170.19182734309211,15.389314220533524,0
1595875258.765208,171.99246935664192,15.389314220533524,0
1595875258.7752068,173.79225306330696,15.389314220533524,0
1595875258.7852082,175.59250883875862,15.389314220533524,0
1595875258.7951949,177.3901038628675,15.389314220533524,0
1595875258.8051963,179.19035963831917,15.389314220533524,0
1595875258.8151944,180.9900145989515,15.389314220533524,0
1595875258.8252006,182.79112868128792,15.389314220533524,0
1595875258.8352065,184.5921998482801,15.389314220533524,0
1595875258.8452082,186.392498539076,15.389314220533524,0
1595875258.8551965,188.19039397059456,15.389314220533524,0
1595875258.865194,189.9899631005384,15.389314220533524,0
1595875258.875207,191.7922788125135,15.389314220533524,0
1595875258.8851902,193.58927302180305,15.389314220533524,0
1595875258.8951957,195.39025835810676,15.389314220533524,0
1595875258.9052005,197.19111494837776,15.389314220533524,0
1595875258.9151964,198.99038367091194,15.389314220533524,0
1595875258.9252052,200.79196982203499,15.389314220533524,0
1595875258.9351923,202.58965067683235,15.389314220533524,0
1595875258.9451969,204.3904643517591,15.389314220533524,0
1595875258.9551926,206.18969015894905,15.389314220533524,0
1595875258.9651964,207.9903750878431,15.389314220533524,0
1595875258.9751925,209.7896867257215,15.389314220533524,0
1595875258.9851925,211.58968500910774,15.389314220533524,0
1595875258.9951913,213.38946871577278,15.389314220533524,0
1595875259.0051901,215.18925242243782,15.389314220533524,0
1595875259.0151925,216.98967985926643,15.389314220533524,0
1595875259.0252042,218.79178099452034,15.389314220533524,0
1595875259.035204,220.59173636256233,15.389314220533524,0
1595875259.045209,222.39263586817756,15.389314220533524,0
1595875259.0552044,224.19181876002327,15.389314220533524,0
1595875259.0652077,225.99241785822883,15.389314220533524,0
1595875259.0751958,227.79027037440315,15.389314220533524,0
1595875259.0852063,229.59215693293586,15.389314220533524,0
1595875259.0952017,231.39133982478157,15.389314220533524,0
1595875259.1051922,233.18962149439827,15.389314220533524,0
1595875259.1151948,234.99009184657112,15.389314220533524,0
1595875259.1251984,236.79073386012092,15.389314220533524,0
1595875259.1352046,238.59184794245735,15.389314220533524,0
1595875259.1451945,240.39004378138557,15.389314220533524,0
1595875259.1551967,242.19042830286995,15.389314220533524,0
1595875259.1651938,243.98991160212532,15.389314220533524,0
1595875259.1752012,245.79124026118294,15.389314220533524,0
1595875259.1852007,247.5911527138807,15.389314220533524,0
1595875259.1952035,249.39166598139778,15.389314220533524,0
1595875259.2051916,251.1895184975721,15.389314220533524,0
1595875259.21519,252.98921637354866,15.389314220533524,0
1595875259.2251992,254.79088835536018,15.389314220533524,0
1595875259.2352064,256.5921740990736,15.389314220533524,0
1595875259.2451985,258.39075617609996,15.389314220533524,0
1595875259.2552013,260.19126944361705,15.389314220533524,0
1595875259.265191,261.98942236720103,15.389314220533524,0
1595875259.2751925,263.7896781426527,15.389314220533524,0
1595875259.2851932,265.58980517207164,15.389314220533524,0
1595875259.2952027,267.3915200692274,15.389314220533524,0
1595875259.305195,269.190145061598,15.389314220533524,0
1595875259.3151977,270.99061541377085,15.389314220533524,0
1595875259.3252068,272.79224448023814,15.389314220533524,0
1595875259.3351982,274.5906978112318,15.389314220533524,0
1595875259.3451927,276.38970904170054,15.389314220533524,0
1595875259.3552017,278.1913381081678,15.389314220533524,0
1595875259.3651993,279.9909072381117,15.389314220533524,0
1595875259.3752074,281.792364643202,15.389314220533524,0
1595875259.3852053,283.5919766884901,15.389314220533524,0
1595875259.3952038,285.3917174798109,15.389314220533524,0
1595875259.4051893,287.1890979271986,15.389314220533524,0
1595875259.415204,288.9917569619276,15.389314220533524,0
1595875259.4251978,290.7906394463636,15.389314220533524,0
1595875259.4352005,292.5911097985365,15.389314220533524,0
1595875259.4451966,294.3904214364149,15.389314220533524,0
1595875259.455189,296.1890464287855,15.389314220533524,0
1595875259.465205,297.9919200402357,15.389314220533524,0
1595875259.4752016,299.7913175088026,15.389314220533524,0
1595875259.4851956,301.59024290858287,15.389314220533524,0
1595875259.4952028,303.39152865229624,15.389314220533524,0
1595875259.5051978,305.19062571345347,15.389314220533524,0
1595875259.5151896,306.9891648751356,15.389314220533524,0
1595875259.5251946,308.79006438075083,15.389314220533524,0
1595875259.5352082,310.59250883875865,15.389314220533524,0
1595875259.545204,312.3917346459486,15.389314220533524,0
1595875259.555192,314.1895871621229,15.389314220533524,0
1595875259.565203,315.9915595513441,15.389314220533524,0
1595875259.5752046,317.79185824214,15.389314220533524,0
1595875259.5851908,319.5893674355604,15.389314220533524,0
1595875259.5951943,321.3900094491102,15.389314220533524,0
1595875259.6052,323.19103770075816,15.389314220533524,0
1595875259.6151981,324.9906926613905,15.389314220533524,0
1595875259.6251988,326.7908196908094,15.389314220533524,0
1595875259.6351995,328.5909467202284,15.389314220533524,0
1595875259.6452022,330.3914170724012,15.389314220533524,0
1595875259.6552002,332.19107203303355,15.389314220533524,0
1595875259.6652043,333.99179987727183,15.389314220533524,0
1595875259.6751986,335.79076819239634,15.389314220533524,0
1595875259.6851957,337.5902514916517,15.389314220533524,0
1595875259.6951993,339.3908935052015,15.389314220533524,0
1595875259.7052078,341.1924367409803,15.389314220533524,0
1595875259.7152028,342.99153380213755,15.389314220533524,0
1595875259.725203,344.791575000868,15.389314220533524,0
1595875259.7351959,346.5902858239271,15.389314220533524,0
1595875259.7452064,348.3921723824598,15.389314220533524,0
1595875259.75464,350.09024672328013,15.389314220533524,0
1595875259.75464,353.0631727062961,18.362240203549486,0
1595875259.755195,353.16303671233857,18.362240203549486,0
1595875259.765207,354.96522367828095,18.362240203549486,0
1595875259.7751956,356.76316202514374,18.362240203549486,0
1595875259.7851923,358.56255949371064,18.362240203549486,0
1595875259.7931929,360,18.362240203549486,1
1595875259.7931929,0,18.362240203549486,0
1595875259.8032098,20.165285476376635,18.362240203549486,0
1595875259.813198,21.96318090789519,18.362240203549486,0
1595875259.8232095,23.765239127804858,18.362240203549486,0
1595875259.833201,25.56369245879851,18.362240203549486,0
1595875259.8431945,27.362532027890307,18.362240203549486,0
1595875259.853198,29.16317404144011,18.362240203549486,0
1595875259.8632026,30.96398771636687,18.362240203549486,0
1595875259.8732014,32.76377142303191,18.362240203549486,0
1595875259.8832107,34.565443404843435,18.362240203549486,0
1595875259.8931928,36.362223037411795,18.362240203549486,0
1595875259.903193,38.16226423614226,18.362240203549486,0
1595875259.9131975,39.96307791106902,18.362240203549486,0
1595875259.9232087,41.76509321563445,18.362240203549486,0
1595875259.9332068,43.564748176266775,18.362240203549486,0
1595875259.9431992,45.36337316863738,18.362240203549486,0
1595875259.9532123,47.16573179595672,18.362240203549486,0
1595875259.9632025,48.96397055022918,18.362240203549486,0
1595875259.973195,50.76263845794402,18.362240203549486,0
1595875259.9832034,52.56413877837859,18.362240203549486,0
1595875259.9932086,54.365081199338064,18.362240203549486,0
1595875260.0032053,56.16447866790496,18.362240203549486,0
1595875260.0131981,57.96318949096404,18.362240203549486,0
1595875260.0231986,59.76327360503875,18.362240203549486,0
1595875260.0331976,61.563100227048025,18.362240203549486,0
1595875260.0431955,63.36271227233611,18.362240203549486,0
1595875260.0532045,65.1643413388034,18.362240203549486,0
1595875260.0631955,66.96270883910857,18.362240203549486,0
1595875260.073204,68.76425207488738,18.362240203549486,0
1595875260.083207,70.56476534240447,18.362240203549486,0
1595875260.093209,72.36514986388885,18.362240203549486,0
1595875260.1032107,74.16544855468474,18.362240203549486,0
1595875260.113195,75.96261442535125,18.362240203549486,0
1595875260.1232064,77.76467264526092,18.362240203549486,0
1595875260.1332076,79.56488550536834,18.362240203549486,0
1595875260.1431956,81.36273802154265,18.362240203549486,0
1595875260.1531968,83.16295088165008,18.362240203549486,0
1595875260.1632028,84.96402204864226,18.362240203549486,0
1595875260.173206,86.76462114684783,18.362240203549486,0
1595875260.1831937,88.56238783233367,18.362240203549486,0
1595875260.1932037,90.36418856017791,18.362240203549486,0
1595875260.2032073,92.16483057372771,18.362240203549486,0
1595875260.2131941,93.96246851318084,18.362240203549486,0
1595875260.223198,95.76315344207488,18.362240203549486,0
1595875260.2332053,97.5644821011325,18.362240203549486,0
1595875260.2431955,99.36272085540496,18.362240203549486,0
1595875260.2532017,101.16383493774138,18.362240203549486,0
1595875260.2632103,102.9653781735202,18.362240203549486,0
1595875260.2731986,104.76327360503875,18.362240203549486,0
1595875260.2832036,106.56417311065398,18.362240203549486,0
1595875260.2932098,108.36528719299041,18.362240203549486,0
1595875260.3032074,110.16485632293426,18.362240203549486,0
1595875260.3132071,111.96481169097625,18.362240203549486,0
1595875260.3231995,113.76343668334685,18.362240203549486,0
1595875260.3331954,115.56270540588103,18.362240203549486,0
1595875260.3432078,117.36493528716765,18.362240203549486,0
1595875260.3532062,119.16463316314422,18.362240203549486,0
1595875260.363207,120.9648031079074,18.362240203549486,0
1595875260.373206,122.76458681457244,18.362240203549486,0
1595875260.3832066,124.56471384399138,18.362240203549486,0
1595875260.3931985,126.36325300567351,18.362240203549486,0
1595875260.403193,128.16226423614225,18.362240203549486,0
1595875260.4132025,129.963979133298,18.362240203549486,0
1595875260.4231954,131.7626899563571,18.362240203549486,0
1595875260.4331965,133.56290281646451,18.362240203549486,0
1595875260.4432,135.36354483001432,18.362240203549486,0
1595875260.4532025,137.16397226684293,18.362240203549486,0
1595875260.4632082,138.96500051849088,18.362240203549486,0
1595875260.4732077,140.76491297118864,18.362240203549486,0
1595875260.4831939,142.56242216460905,18.362240203549486,0
1595875260.4931946,144.362549194028,18.362240203549486,0
1595875260.503209,146.16516531341276,18.362240203549486,0
1595875260.513195,147.96263159148893,18.362240203549486,0
1595875260.5231926,149.76220072143278,18.362240203549486,0
1595875260.5332067,151.56473101012907,18.362240203549486,0
1595875260.5431933,153.36232603423795,18.362240203549486,0
1595875260.553201,155.1636976086398,18.362240203549486,0
1595875260.5631964,156.9628805004855,18.362240203549486,0
1595875260.5731933,158.76232088439664,18.362240203549486,0
1595875260.5831969,160.56296289794645,18.362240203549486,0
1595875260.593194,162.36244619720182,18.362240203549486,0
1595875260.6031938,164.1624015652438,18.362240203549486,0
1595875260.613205,165.96441686980924,18.362240203549486,0
1595875260.6232107,167.7654451214572,18.362240203549486,0
1595875260.6332016,169.56381262176237,18.362240203549486,0
1595875260.643208,171.36496961944303,18.362240203549486,0
1595875260.6531975,173.16307962768278,18.362240203549486,0
1595875260.6632056,174.9645370327731,18.362240203549486,0
1595875260.673196,176.7628187023898,18.362240203549486,0
1595875260.6831927,178.5622161709567,18.362240203549486,0
1595875260.6932075,180.3648752056857,18.362240203549486,0
1595875260.7032034,182.1641439282199,18.362240203549486,0
1595875260.7132077,183.9649146878024,18.362240203549486,0
1595875260.7231948,185.76259554259977,18.362240203549486,0
1595875260.7332,187.56353796355924,18.362240203549486,0
1595875260.7431996,189.363450416257,18.362240203549486,0
1595875260.7532084,191.16503656738004,18.362240203549486,0
1595875260.7631977,192.96310366027555,18.362240203549486,0
1595875260.7731984,194.7632306896945,18.362240203549486,0
1595875260.7832077,196.56490267150602,18.362240203549486,0
1595875260.793206,198.36460054748258,18.362240203549486,0
1595875260.8032062,200.16464174621305,18.362240203549486,0
1595875260.8132048,201.96438253753385,18.362240203549486,0
1595875260.8231921,203.76210630767545,18.362240203549486,0
1595875260.8332028,205.5640357815524,18.362240203549486,0
1595875260.843206,207.36459196441373,18.362240203549486,0
1595875260.8532078,209.16493357055387,18.362240203549486,0
1595875260.863209,210.9651464306613,18.362240203549486,0
1595875260.8732028,212.76402891509733,18.362240203549486,0
1595875260.8831966,214.56291139953336,18.362240203549486,0
