Timestamp,Phase,Heading,Ping?
1595996571.9861858,3.2560723350690424,3.2560723350690424,0
1595996571.9962058,5.057830147569042,3.2560723350690424,0
1595996572.0062048,6.85765676957832,3.2560723350690424,0
1595996572.016229,8.661989502732617,3.2560723350690424,0
1595996572.0262382,10.46366148454414,3.2560723350690424,0
1595996572.0362077,12.25816660386787,3.2560723350690424,0
1595996572.0462337,14.062842659776074,3.2560723350690424,0
1595996572.0562227,15.860866837327343,3.2560723350690424,0
1595996572.0662365,17.663354210679394,3.2560723350690424,0
1595996572.076208,19.45824556810127,3.2560723350690424,0
1595996572.0862098,21.258544258897167,3.2560723350690424,0
1595996572.0962033,23.057383827988964,3.2560723350690424,0
1595996572.1062026,24.85725336534248,3.2560723350690424,0
1595996572.116196,26.65605001909004,3.2560723350690424,0
1595996572.1262088,28.458365731065136,3.2560723350690424,0
1595996572.1362047,30.257634453599316,3.2560723350690424,0
1595996572.1462111,32.05879145127998,3.2560723350690424,0
1595996572.1561968,33.85621481401191,3.2560723350690424,0
1595996572.1662004,35.65685682756172,3.2560723350690424,0
1595996572.176203,37.45732717973457,3.2560723350690424,0
1595996572.1862023,39.257196717088085,3.2560723350690424,0
1595996572.1962,41.05676584703193,3.2560723350690424,0
1595996572.2062082,42.8582661674665,3.2560723350690424,0
1595996572.2162006,44.65689115983711,3.2560723350690424,0
1595996572.2262156,46.45959310991035,3.2560723350690424,0
1595996572.2362027,48.257273964707714,3.2560723350690424,0
1595996572.2462118,50.058903031175,3.2560723350690424,0
1595996572.2562163,51.85971670610176,3.2560723350690424,0
1595996572.2662022,53.65718298417793,3.2560723350690424,0
1595996572.27621,55.45859747392402,3.2560723350690424,0
1595996572.286214,57.259325318162304,3.2560723350690424,0
1595996572.2962089,59.05837946397529,3.2560723350690424,0
1595996572.30621,60.858592324082714,3.2560723350690424,0
1595996572.316211,62.6587622688459,3.2560723350690424,0
1595996572.3262062,64.45790224534736,3.2560723350690424,0
1595996572.3362076,66.25815802079902,3.2560723350690424,0
1595996572.346205,68.05768423539863,3.2560723350690424,0
1595996572.356215,69.85948496324286,3.2560723350690424,0
1595996572.366217,71.659826569383,3.2560723350690424,0
1595996572.3762083,73.45827990037665,3.2560723350690424,0
1595996572.3862095,75.25849276048407,3.2560723350690424,0
1595996572.396208,77.05823355180488,3.2560723350690424,0
1595996572.4062018,78.85711603624091,3.2560723350690424,0
1595996572.4161975,80.65634184343085,3.2560723350690424,0
1595996572.4262075,82.45814257127509,3.2560723350690424,0
1595996572.436196,84.25608091813788,3.2560723350690424,0
1595996572.4462094,86.05848246080146,3.2560723350690424,0
1595996572.4562094,87.85848074418769,3.2560723350690424,0
1595996572.466214,89.65929441911445,3.2560723350690424,0
1595996572.4761968,91.45620279771552,3.2560723350690424,0
1595996572.4862156,93.25959139329657,3.2560723350690424,0
1595996572.4962018,95.05710058671698,3.2560723350690424,0
1595996572.5061982,96.85645513993964,3.2560723350690424,0
1595996572.5162134,98.65920000535712,3.2560723350690424,0
1595996572.526203,100.45731001359687,3.2560723350690424,0
1595996572.5362093,102.25846701127753,3.2560723350690424,0
1595996572.5462081,104.05825071794257,3.2560723350690424,0
1595996572.5562077,105.85816317064032,3.2560723350690424,0
1595996572.5662124,107.65901976091132,3.2560723350690424,0
1595996572.576198,109.45644312364325,3.2560723350690424,0
1595996572.586213,111.2591450737165,3.2560723350690424,0
1595996572.5962045,113.05759840471015,3.2560723350690424,0
1595996572.6061995,114.85669546586738,3.2560723350690424,0
1595996572.6162114,116.65883951646552,3.2560723350690424,0
1595996572.6262102,118.45862322313056,3.2560723350690424,0
1595996572.6362145,120.25939398271308,3.2560723350690424,0
1595996572.6462076,122.0581477211164,3.2560723350690424,0
1595996572.6562064,123.85793142778144,3.2560723350690424,0
1595996572.6662111,125.65878801805243,3.2560723350690424,0
1595996572.6762123,127.45900087815986,3.2560723350690424,0
1595996572.6862113,129.25882750016913,3.2560723350690424,0
1595996572.6962063,131.05792456132636,3.2560723350690424,0
1595996572.7062008,132.8569357917951,3.2560723350690424,0
1595996572.7162051,134.65770655137763,3.2560723350690424,0
1595996572.7261996,136.45671778184638,3.2560723350690424,0
1595996572.7362015,138.25705938798652,3.2560723350690424,0
1595996572.7462134,140.05920343858466,3.2560723350690424,0
1595996572.7562015,141.85705595475898,3.2560723350690424,0
1595996572.766197,143.65623884660468,3.2560723350690424,0
1595996572.7761993,145.4566662834333,3.2560723350690424,0
1595996572.7862089,147.25838118058905,3.2560723350690424,0
1595996572.7962093,149.05846529466376,3.2560723350690424,0
1595996572.8062,150.8567898796247,3.2560723350690424,0
1595996572.8162045,152.65760355455146,3.2560723350690424,0
1595996572.8262064,154.4579451606916,3.2560723350690424,0
1595996572.8361967,156.25618391496405,3.2560723350690424,0
1595996572.8462152,158.05952959520087,3.2560723350690424,0
1595996572.8561983,159.85648088914618,3.2560723350690424,0
1595996572.8662126,161.6590540931867,3.2560723350690424,0
1595996572.876207,163.45806532365546,3.2560723350690424,0
1595996572.8862083,165.25827818376288,3.2560723350690424,0
1595996572.8962138,167.0592635200666,3.2560723350690424,0
1595996572.906198,168.8564293907331,3.2560723350690424,0
1595996572.916202,170.65715723497138,3.2560723350690424,0
1595996572.9262114,172.4588292167829,3.2560723350690424,0
1595996572.936206,174.2578833625959,3.2560723350690424,0
1595996572.946197,176.05625086290107,3.2560723350690424,0
1595996572.9562087,177.85835199815497,3.2560723350690424,0
1595996572.966207,179.65804987413154,3.2560723350690424,0
1595996572.9762135,181.4592068718122,3.2560723350690424,0
1595996572.986201,183.25697355729804,3.2560723350690424,0
1595996572.9961953,185.05594187242255,3.2560723350690424,0
1595996573.0061958,186.85602598649726,3.2560723350690424,0
1595996573.0162115,188.65885668260321,3.2560723350690424,0
1595996573.026206,190.45786791307196,3.2560723350690424,0
1595996573.036195,192.25589209062323,3.2560723350690424,0
1595996573.0461957,194.05601912004218,3.2560723350690424,0
1595996573.0562081,195.8582490013288,3.2560723350690424,0
1595996573.0661964,197.65614443284736,3.2560723350690424,0
1595996573.0762095,199.4585030601667,3.2560723350690424,0
1595996573.0862122,201.25897341233954,3.2560723350690424,0
1595996573.0962102,203.05862837297187,3.2560723350690424,0
1595996573.1062047,204.85763960344062,3.2560723350690424,0
1595996573.116201,206.65695124131904,3.2560723350690424,0
1595996573.1262128,208.45909529191718,3.2560723350690424,0
1595996573.1361983,210.25647573930488,3.2560723350690424,0
1595996573.1462066,212.05797605973945,3.2560723350690424,0
1595996573.1562064,213.85793142778144,3.2560723350690424,0
1595996573.1662142,215.65934591752753,3.2560723350690424,0
1595996573.176195,217.45586805803046,3.2560723350690424,0
1595996573.186197,219.25625257951484,3.2560723350690424,0
1595996573.196204,221.05749540788398,3.2560723350690424,0
1595996573.206196,222.85607748491034,3.2560723350690424,0
1595996573.216202,224.65714865190253,3.2560723350690424,0
1595996573.226203,226.45731859666571,3.2560723350690424,0
1595996573.236199,228.2565873191999,3.2560723350690424,0
1595996573.2461963,230.0561135337995,3.2560723350690424,0
1595996573.2562103,231.8586438224958,3.2560723350690424,0
1595996573.2662127,233.6590712593244,3.2560723350690424,0
1595996573.276211,235.45876913530097,3.2560723350690424,0
1595996573.2862153,237.2595398948835,3.2560723350690424,0
1595996573.2962024,239.05722074968085,3.2560723350690424,0
1595996573.3062108,240.85872107011542,3.2560723350690424,0
1595996573.3162131,242.65914850694404,3.2560723350690424,0
1595996573.3261964,244.4561427162336,3.2560723350690424,0
1595996573.336207,246.2580292747663,3.2560723350690424,0
1595996573.346214,248.05931501847968,3.2560723350690424,0
1595996573.3562052,249.8577254341291,3.2560723350690424,0
1595996573.366199,251.65660791856513,3.2560723350690424,0
1595996573.3762143,253.4593527839826,3.2560723350690424,0
1595996573.3862143,255.25935106736884,3.2560723350690424,0
1595996573.3962116,257.0588772819685,3.2560723350690424,0
1595996573.4061995,258.85668688279856,3.2560723350690424,0
1595996573.4161963,260.6561272667097,3.2560723350690424,0
1595996573.426208,262.4582284019636,3.2560723350690424,0
1595996573.4362118,264.25891333085764,3.2560723350690424,0
1595996573.4462004,266.05685167772043,3.2560723350690424,0
1595996573.456204,267.85749369127024,3.2560723350690424,0
1595996573.4662068,269.6580069587873,3.2560723350690424,0
1595996573.4762082,271.458262734239,3.2560723350690424,0
1595996573.4862077,273.25817518693674,3.2560723350690424,0
1595996573.496205,275.05770140153635,3.2560723350690424,0
1595996573.5062141,276.85933046800363,3.2560723350690424,0
1595996573.5161963,278.656110100572,3.2560723350690424,0
1595996573.5261984,280.45649462205637,3.2560723350690424,0
1595996573.5361974,282.25632124406565,3.2560723350690424,0
1595996573.5461972,284.05627661210764,3.2560723350690424,0
1595996573.556201,285.8569615410017,3.2560723350690424,0
1595996573.566195,287.65588694078195,3.2560723350690424,0
1595996573.576211,289.45876055223215,3.2560723350690424,0
1595996573.5861967,291.2561839149641,3.2560723350690424,0
1595996573.596213,293.05914335710276,3.2560723350690424,0
1595996573.6062105,294.85866957170236,3.2560723350690424,0
1595996573.6162028,296.65729456407297,3.2560723350690424,0
1595996573.6262155,298.45956736070383,3.2560723350690424,0
1595996573.6362152,300.2595227287458,3.2560723350690424,0
1595996573.6461997,302.05673151475656,3.2560723350690424,0
1595996573.656199,303.8566010521101,3.2560723350690424,0
1595996573.66621,305.65857344133127,3.2560723350690424,0
1595996573.6762035,307.45741301042307,3.2560723350690424,0
1595996573.6862142,309.2593424843,3.2560723350690424,0
1595996573.6962047,311.0576241539167,3.2560723350690424,0
1595996573.7062013,312.8570216224836,3.2560723350690424,0
1595996573.716198,314.6564190910505,3.2560723350690424,0
1595996573.7262108,316.4587348030256,3.2560723350690424,0
1595996573.7361984,318.25650148851145,3.2560723350690424,0
1595996573.7462041,320.0575297401594,3.2560723350690424,0
1595996573.7561958,321.8560259864973,3.2560723350690424,0
1595996573.7662044,323.6575692222761,3.2560723350690424,0
1595996573.7762032,325.45735292894113,3.2560723350690424,0
1595996573.7862093,327.25846701127756,3.2560723350690424,0
1595996573.7962096,329.05850821000803,3.2560723350690424,0
1595996573.8061945,330.85580282670725,3.2560723350690424,0
1595996573.8162103,332.6586335228132,3.2560723350690424,0
1595996573.8262076,334.4581597374128,3.2560723350690424,0
1595996573.836204,336.25751429063547,3.2560723350690424,0
1595996573.8462017,338.0570834205793,3.2560723350690424,0
1595996573.856211,339.85875540239084,3.2560723350690424,0
1595996573.8661985,341.6565220878767,3.2560723350690424,0
1595996573.876208,343.45823698503244,3.2560723350690424,0
1595996573.8862016,345.25707655412424,3.2560723350690424,0
1595996573.896205,347.0576756523298,3.2560723350690424,0
1595996573.9061956,348.85600023729074,3.2560723350690424,0
1595996573.9162102,350.6586163566755,3.2560723350690424,0
1595996573.926201,352.4569838569807,3.2560723350690424,0
1595996573.9362109,354.2587416694807,3.2560723350690424,0
1595996573.9462137,356.0592549369978,3.2560723350690424,0
1595996573.9561987,357.856549553697,3.2560723350690424,0
1595996573.966203,359.6573203132795,3.2560723350690424,0
1595996573.9681184,360,3.2560723350690424,1
1595996573.9762154,361.45955019456613,3.2560723350690424,0
1595996573.9862027,363.25727396470774,3.2560723350690424,0
1595996573.9862027,0,3.2560723350690424,0
1595996573.996215,5.0583022163556635,3.2560723350690424,0
1595996574.006208,6.8570130394147455,3.2560723350690424,0
1595996574.016205,8.656496338670117,3.2560723350690424,0
1595996574.0262053,10.456537537400585,3.2560723350690424,0
1595996574.0362191,12.259024910752636,3.2560723350690424,0
1595996574.0462174,14.058722786729199,3.2560723350690424,0
1595996574.0562062,15.85670404893623,3.2560723350690424,0
1595996574.066204,17.656316094224316,3.2560723350690424,0
1595996574.0762067,19.456786446397167,3.2560723350690424,0
1595996574.0862088,21.257170967881542,3.2560723350690424,0
1595996574.0962133,23.0579846428083,3.2560723350690424,0
1595996574.1062188,24.85896997911201,3.2560723350690424,0
1595996574.1162148,26.65823870164619,3.2560723350690424,0
1595996574.126217,28.458623223130566,3.2560723350690424,0
1595996574.136206,30.256647400681835,3.2560723350690424,0
1595996574.1462026,32.05604486924873,3.2560723350690424,0
1595996574.1562197,33.85913305742012,3.2560723350690424,0
1595996574.166214,35.65810137254463,3.2560723350690424,0
1595996574.176209,37.457198433701855,3.2560723350690424,0
1595996574.1862104,39.257454209153515,3.2560723350690424,0
1595996574.1962106,41.057495407883984,3.2560723350690424,0
1595996574.2062232,42.85976820451484,3.2560723350690424,0
1595996574.2162175,44.658736519639355,3.2560723350690424,0
1595996574.2262142,46.45813398820625,3.2560723350690424,0
1595996574.2362156,48.25838976365791,3.2560723350690424,0
1595996574.2462142,50.05813055497871,3.2560723350690424,0
1595996574.2562182,51.85885839921699,3.2560723350690424,0
1595996574.2662039,53.656281761948925,3.2560723350690424,0
1595996574.2762058,55.45662336808906,3.2560723350690424,0
1595996574.286207,57.256836228196484,3.2560723350690424,0
1595996574.2962117,59.05769281846748,3.2560723350690424,0
1595996574.30622,60.85919313890205,3.2560723350690424,0
1595996574.3162026,62.656058602158886,3.2560723350690424,0
1595996574.3262186,64.45893221360907,3.2560723350690424,0
1595996574.3362157,66.25841551286445,3.2560723350690424,0
1595996574.346219,68.05901461107001,3.2560723350690424,0
1595996574.356204,69.85630922776923,3.2560723350690424,0
1595996574.3662114,71.65763788682685,3.2560723350690424,0
1595996574.376217,73.45862322313056,3.2560723350690424,0
1595996574.3862143,75.25814943773017,3.2560723350690424,0
1595996574.3962085,77.05711775285468,3.2560723350690424,0
1595996574.4062054,78.85655813676581,3.2560723350690424,0
1595996574.4162052,80.6565135048078,3.2560723350690424,0
1595996574.4262037,82.4562542961286,3.2560723350690424,0
1595996574.4362159,84.25844126207099,3.2560723350690424,0
1595996574.446213,86.05792456132636,3.2560723350690424,0
1595996574.4562085,87.85710745317206,3.2560723350690424,0
1595996574.4662168,89.65860777360663,3.2560723350690424,0
1595996574.4762228,91.45967894059882,3.2560723350690424,0
1595996574.486208,93.25701647264228,3.2560723350690424,0
1595996574.4962173,95.0586884544538,3.2560723350690424,0
1595996574.506218,96.85881548387275,3.2560723350690424,0
1595996574.5162048,98.65645342332587,3.2560723350690424,0
1595996574.5262113,100.45761042100654,3.2560723350690424,0
1595996574.5362105,102.25747995836005,3.2560723350690424,0
1595996574.546223,104.05970983964667,3.2560723350690424,0
1595996574.5562115,105.85764818650946,3.2560723350690424,0
1595996574.5662112,107.65760355455146,3.2560723350690424,0
1595996574.5762048,109.45644312364325,3.2560723350690424,0
1595996574.586206,111.25665598375068,3.2560723350690424,0
1595996574.5962174,113.05871420366034,3.2560723350690424,0
1595996574.6062148,114.85824041825995,3.2560723350690424,0
1595996574.6162105,116.6574662254499,3.2560723350690424,0
1595996574.6262193,118.45905237657294,3.2560723350690424,0
1595996574.6362226,120.25965147477851,3.2560723350690424,0
1595996574.6462047,122.05643110734687,3.2560723350690424,0
1595996574.6562095,123.85728769761786,3.2560723350690424,0
1595996574.6662126,125.65784388047919,3.2560723350690424,0
1595996574.676216,127.45844297868476,3.2560723350690424,0
1595996574.6862104,129.2574542091535,3.2560723350690424,0
1595996574.6962042,131.05633669358954,3.2560723350690424,0
1595996574.7062051,132.85650663835273,3.2560723350690424,0
1595996574.7162209,134.65933733445868,3.2560723350690424,0
1595996574.726221,136.45937853318915,3.2560723350690424,0
1595996574.7362165,138.25856142503486,3.2560723350690424,0
1595996574.7462099,140.0573580787824,3.2560723350690424,0
1595996574.7562077,141.8569701240705,3.2560723350690424,0
1595996574.7662153,143.65834169847236,3.2560723350690424,0
1595996574.7762156,145.45838289720282,3.2560723350690424,0
1595996574.7862127,147.2578661964582,3.2560723350690424,0
1595996574.796202,149.0559332893537,3.2560723350690424,0
1595996574.8062046,150.85640364152655,3.2560723350690424,0
1595996574.8162136,152.65803270799384,3.2560723350690424,0
1595996574.8262208,154.45931845170722,3.2560723350690424,0
1595996574.8362198,156.2591450737165,3.2560723350690424,0
1595996574.846217,158.05862837297187,3.2560723350690424,0
1595996574.8562098,159.85733919603095,3.2560723350690424,0
1595996574.8662052,161.65652208787665,3.2560723350690424,0
1595996574.876207,163.4568636940168,3.2560723350690424,0
1595996574.8862224,165.25960855943427,3.2560723350690424,0
1595996574.8962142,167.0581477211164,3.2560723350690424,0
1595996574.90621,168.85737352830634,3.2560723350690424,0
1595996574.9162216,170.65947466356025,3.2560723350690424,0
1595996574.9262037,172.4562542961286,3.2560723350690424,0
1595996574.9362166,174.2585700081037,3.2560723350690424,0
1595996574.946218,176.05882578355536,3.2560723350690424,0
1595996574.9562082,177.85706453782782,3.2560723350690424,0
1595996574.9662068,179.65680532914863,3.2560723350690424,0
1595996574.97622,181.45916395646796,3.2560723350690424,0
1595996574.986212,183.25774603349433,3.2560723350690424,0
1595996574.9962156,185.05838804704413,3.2560723350690424,0
1595996575.006218,186.85881548387275,3.2560723350690424,0
1595996575.0129764,188.0753367469953,3.2560723350690424,0
1595996575.0129764,308.4226010240986,123.60333661217231,0
1595996575.0162086,309.00440434593696,123.60333661217231,0
1595996575.0262148,310.8055184282734,123.60333661217231,0
1595996575.0362208,312.6065895952656,123.60333661217231,0
1595996575.0462165,314.4058154024555,123.60333661217231,0
1595996575.0562153,316.20559910912056,123.60333661217231,0
1595996575.066214,318.0053828157856,123.60333661217231,0
1595996575.076207,319.8040936388447,123.60333661217231,0
1595996575.0862117,321.6049502291157,123.60333661217231,0
1595996575.096208,323.40430478233833,123.60333661217231,0
1595996575.1062157,325.2056763567402,123.60333661217231,0
1595996575.1162174,327.0059750475361,123.60333661217231,0
1595996575.1262188,328.80623082298774,123.60333661217231,0
1595996575.1362224,330.60687283653755,123.60333661217231,0
1595996575.1462057,332.4038670458271,123.60333661217231,0
1595996575.1562057,334.20386532921333,123.60333661217231,0
1595996575.1662178,336.0060522951557,123.60333661217231,0
1595996575.1762085,337.80437688011665,123.60333661217231,0
1595996575.1862226,339.60690716881294,123.60333661217231,0
1595996575.1962016,341.4031289019062,123.60333661217231,0
1595996575.2062206,343.2065604128315,123.60333661217231,0
1595996575.2162015,345.00312546867866,123.60333661217231,0
1595996575.2262144,346.80544118065376,123.60333661217231,0
1595996575.236222,348.6068127550556,123.60333661217231,0
1595996575.2462041,350.403592387624,123.60333661217231,0
1595996575.2562082,352.20432023186225,123.60333661217231,0
1595996575.26621,354.0046618380024,123.60333661217231,0
1595996575.2762182,355.8061192430927,123.60333661217231,0
1595996575.2862191,357.6062891878559,123.60333661217231,0
1595996575.2962189,359.4062445558979,123.60333661217231,0
1595996575.2995207,360,123.60333661217231,1
1595996575.3062103,361.20469788689155,123.60333661217231,0
1595996575.3162043,363.0036232866718,123.60333661217231,0
1595996575.3262198,364.80641106743354,123.60333661217231,0
1595996575.3362212,366.6066668428852,123.60333661217231,0
1595996575.346219,368.4062788881733,123.60333661217231,0
1595996575.3562129,370.2051613726093,123.60333661217231,0
1595996575.3662174,372.0059750475361,123.60333661217231,0
1595996575.3762183,373.80614499229927,123.60333661217231,0
1595996575.386202,375.6032250322773,123.60333661217231,0
1595996575.396222,377.40682820457954,123.60333661217231,0
1595996575.4062192,379.2063115038349,123.60333661217231,0
1595996575.4162169,381.00588063377876,123.60333661217231,0
1595996575.426211,382.80484894890327,123.60333661217231,0
1595996575.4362113,384.60489014763374,123.60333661217231,0
1595996575.4462044,386.40364388603706,123.60333661217231,0
1595996575.4562192,388.20630292076606,123.60333661217231,0
1595996575.466218,390.0060866274311,123.60333661217231,0
1595996575.4762094,391.80453995842475,123.60333661217231,0
1595996575.4862115,393.60492447990913,123.60333661217231,0
1595996575.4962173,395.4059527315571,123.60333661217231,0
1595996575.5062084,397.2043631472065,123.60333661217231,0
1595996575.5162182,399.0061209597065,123.60333661217231,0
1595996575.526214,400.80534676689643,123.60333661217231,0
1595996575.5362155,402.60564545769233,123.60333661217231,0
1595996575.5462208,404.4065878786518,123.60333661217231,0
1595996575.5562148,406.2055132784321,123.60333661217231,0
1595996575.5662014,408.00310830254097,123.60333661217231,0
1595996575.5762177,409.8060248293354,123.60333661217231,0
1595996575.5862114,411.60490731377143,123.60333661217231,0
1595996575.5962043,413.4036181368305,123.60333661217231,0
1595996575.6062212,415.20666340965766,123.60333661217231,0
1595996575.6162138,417.0053313173725,123.60333661217231,0
1595996575.6262124,418.8050721086933,123.60333661217231,0
1595996575.6362174,420.60597161430854,123.60333661217231,0
1595996575.64621,422.4046395220234,123.60333661217231,0
1595996575.6562047,424.2036936678364,123.60333661217231,0
1595996575.6662083,426.0043356813862,123.60333661217231,0
1595996575.6762147,427.80549267906684,123.60333661217231,0
1595996575.6862094,429.60454682487983,123.60333661217231,0
1595996575.6962204,431.406519214101,123.60333661217231,0
1595996575.7062075,433.2042000688984,123.60333661217231,0
1595996575.7162156,435.0056574739887,123.60333661217231,0
1595996575.7262192,436.8062994875385,123.60333661217231,0
1595996575.7362068,438.60406617302436,123.60333661217231,0
1595996575.746215,440.40556649345893,123.60333661217231,0
1595996575.7562058,442.2038910784199,123.60333661217231,0
1595996575.7662156,444.0056488909199,123.60333661217231,0
1595996575.7762036,445.8035014070942,123.60333661217231,0
1595996575.7862105,447.60474423546333,123.60333661217231,0
1595996575.7962124,449.40508584160347,123.60333661217231,0
1595996575.806218,451.2060711779072,123.60333661217231,0
1595996575.816207,453.00409535545845,123.60333661217231,0
1595996575.8262084,454.8043511309101,123.60333661217231,0
1595996575.8362112,456.6048643984272,123.60333661217231,0
1595996575.8462057,458.40387562889595,123.60333661217231,0
1595996575.8562222,460.2068350710346,123.60333661217231,0
1595996575.866206,462.00391511101265,123.60333661217231,0
1595996575.8762043,463.8036129869892,123.60333661217231,0
1595996575.886211,465.6048129000141,123.60333661217231,0
1595996575.896203,467.4033949770405,123.60333661217231,0
1595996575.9062104,469.2047236360981,123.60333661217231,0
1595996575.9162042,471.00360612053413,123.60333661217231,0
1595996575.9262009,472.803003589101,123.60333661217231,0
1595996575.9362173,474.6059630312397,123.60333661217231,0
1595996575.9462142,476.40540341515083,123.60333661217231,0
1595996575.9562118,478.2049725450947,123.60333661217231,0
1595996575.9662104,480.0047133364155,123.60333661217231,0
1595996575.9762175,481.80599908012886,123.60333661217231,0
1595996575.986217,483.6059115328266,123.60333661217231,0
1595996575.986217,0,123.60333661217231,0
1595996575.9962375,125.40702561516304,123.60333661217231,0
1595996576.0062377,127.2070668138935,123.60333661217231,0
1595996576.0162232,129.0044472612812,123.60333661217231,0
1595996576.0262244,130.80466012138862,123.60333661217231,0
1595996576.0362194,132.60375718254585,123.60333661217231,0
1595996576.0462255,134.40487126488227,123.60333661217231,0
1595996576.0562358,136.20671490807075,123.60333661217231,0
1595996576.066224,138.0046103395893,123.60333661217231,0
1595996576.0762365,139.80684022087593,123.60333661217231,0
1595996576.0862179,141.60349110741157,123.60333661217231,0
1595996576.0962265,143.40503434319038,123.60333661217231,0
1595996576.1062186,145.20361642021675,123.60333661217231,0
1595996576.1162274,147.0052025713398,123.60333661217231,0
1595996576.126231,148.8058445848896,123.60333661217231,0
1595996576.1362295,150.6055853762104,123.60333661217231,0
1595996576.1462224,152.40429619926948,123.60333661217231,0
1595996576.1562245,154.20468072075386,123.60333661217231,0
1595996576.1662362,156.00678185600776,123.60333661217231,0
1595996576.176231,157.80583600182075,123.60333661217231,0
1595996576.186235,159.60656384605903,123.60333661217231,0
1595996576.1962266,161.40506009239692,123.60333661217231,0
1595996576.206231,163.20587376732368,123.60333661217231,0
1595996576.2162259,165.00492791313667,123.60333661217231,0
1595996576.2262378,166.8070719637348,123.60333661217231,0
1595996576.236221,168.60406617302436,123.60333661217231,0
1595996576.2462356,170.40668229240913,123.60333661217231,0
1595996576.256236,172.20676640648384,123.60333661217231,0
1595996576.2662375,174.0070221819355,123.60333661217231,0
1595996576.276232,175.80603341240425,123.60333661217231,0
1595996576.286231,177.60586003441352,123.60333661217231,0
1595996576.2962294,179.4055579103901,123.60333661217231,0
1595996576.3062344,181.20645741600532,123.60333661217231,0
1595996576.3162336,183.00632695335884,123.60333661217231,0
1595996576.3262193,184.80375031609077,123.60333661217231,0
1595996576.3362222,186.60426358360786,123.60333661217231,0
1595996576.3462353,188.4066222109272,123.60333661217231,0
1595996576.3562293,190.20554761070747,123.60333661217231,0
1595996576.3662195,192.00378636497993,123.60333661217231,0
1595996576.376225,193.80477170128364,123.60333661217231,0
1595996576.3862288,195.60545663017768,123.60333661217231,0
1595996576.3962204,197.40395287651558,123.60333661217231,0
1595996576.4062264,199.20502404350776,123.60333661217231,0
1595996576.4162192,201.00373486656684,123.60333661217231,0
1595996576.4262278,202.80527810234565,123.60333661217231,0
1595996576.436218,204.6035168566181,123.60333661217231,0
1595996576.446231,206.4058325685932,123.60333661217231,0
1595996576.4562318,208.2060025133564,123.60333661217231,0
1595996576.4662194,210.00376919884224,123.60333661217231,0
1595996576.476222,211.8042395510151,123.60333661217231,0
1595996576.486236,213.60676983971138,123.60333661217231,0
1595996576.4962277,215.40526608604927,123.60333661217231,0
1595996576.5062325,217.20612267632026,123.60333661217231,0
1595996576.5162325,219.0061209597065,123.60333661217231,0
1595996576.5262377,220.80706338066597,123.60333661217231,0
1595996576.5362227,222.60435799736518,123.60333661217231,0
1595996576.5462244,224.40465668816108,123.60333661217231,0
1595996576.5562317,226.2059853472187,123.60333661217231,0
1595996576.5662222,228.0042670168354,123.60333661217231,0
1595996576.5762317,229.80598191399116,123.60333661217231,0
1595996576.5862293,231.605551043935,123.60333661217231,0
1595996576.5962334,233.4062788881733,123.60333661217231,0
1595996576.6062331,235.20623425621528,123.60333661217231,0
1595996576.6162271,237.00515965599556,123.60333661217231,0
1595996576.6262362,238.80678872246284,123.60333661217231,0
1595996576.6362283,240.6053707994892,123.60333661217231,0
1595996576.6462328,242.40618447441597,123.60333661217231,0
1595996576.6562219,244.20420865196724,123.60333661217231,0
1595996576.6662347,246.00652436394233,123.60333661217231,0
1595996576.6762228,247.80437688011665,123.60333661217231,0
1595996576.6862361,249.60677842278022,123.60333661217231,0
1595996576.6962168,251.40330056328315,123.60333661217231,0
1595996576.7062256,253.2048867144062,123.60333661217231,0
1595996576.7162364,255.00681618828315,123.60333661217231,0
1595996576.7262216,256.8041537203266,123.60333661217231,0
1595996576.7362177,258.603465358205,123.60333661217231,0
1595996576.7462265,260.4050515093281,123.60333661217231,0
1595996576.756232,262.2060368456318,123.60333661217231,0
1595996576.7662334,264.00629262108345,123.60333661217231,0
1595996576.7762165,265.80324391502876,123.60333661217231,0
1595996576.7862349,267.60654667992134,123.60333661217231,0
1595996576.7962298,269.40564374107856,123.60333661217231,0
1595996576.8062172,271.20336751122016,123.60333661217231,0
1595996576.8162239,273.00456742424507,123.60333661217231,0
1595996576.8262272,274.80516652245063,123.60333661217231,0
1595996576.8362288,276.60546521324653,123.60333661217231,0
1595996576.846226,278.4049485125019,123.60333661217231,0
1595996576.8562343,280.2064488329365,123.60333661217231,0
1595996576.8662345,282.00649003166694,123.60333661217231,0
1595996576.8762214,283.80412797112007,123.60333661217231,0
1595996576.8862183,285.6035683550312,123.60333661217231,0
1595996576.896227,287.40511159081,123.60333661217231,0
1595996576.9062338,289.20635441917915,123.60333661217231,0
1595996576.9162366,291.00686768669624,123.60333661217231,0
1595996576.926237,292.80695180077095,123.60333661217231,0
1595996576.9362228,294.6043751635029,123.60333661217231,0
1595996576.9462245,296.4046738542988,123.60333661217231,0
1595996576.9562187,298.2036421694233,123.60333661217231,0
1595996576.9662182,300.00355462212104,123.60333661217231,0
1595996576.9762347,301.8065140642597,123.60333661217231,0
1595996576.9862363,303.6068127550556,123.60333661217231,0
1595996576.996234,305.40638188499946,123.60333661217231,0
1595996577.006224,307.2045777239277,123.60333661217231,0
1595996577.0162284,309.00539139885444,123.60333661217231,0
1595996577.0262232,310.80444554466743,123.60333661217231,0
1595996577.03623,312.60568837303657,123.60333661217231,0
1595996577.0462182,314.4035408892109,123.60333661217231,0
1595996577.0562277,316.20525578636665,123.60333661217231,0
1595996577.0662212,318.00409535545845,123.60333661217231,0
1595996577.076219,319.80370740074653,123.60333661217231,0
1595996577.0862336,321.6063235201313,123.60333661217231,0
1595996577.0962162,323.40318898338813,123.60333661217231,0
1595996577.106229,325.20550469536323,123.60333661217231,0
1595996577.1162293,327.0055458940937,123.60333661217231,0
1595996577.1262286,328.8054154314472,123.60333661217231,0
1595996577.136225,330.6047699846699,123.60333661217231,0
1595996577.146217,332.40335206169624,123.60333661217231,0
1595996577.1562278,334.2052815355732,123.60333661217231,0
1595996577.1662204,336.00394944328804,123.60333661217231,0
1595996577.1762273,337.8051922716572,123.60333661217231,0
1595996577.186229,339.6054909624531,123.60333661217231,0
1595996577.1962333,341.4062617220356,123.60333661217231,0
1595996577.20623,343.2056591906025,123.60333661217231,0
1595996577.2162313,345.00591496605415,123.60333661217231,0
1595996577.2243457,346.4664957918598,123.60333661217231,0
1595996577.2243457,355.9399487375579,133.07678955787046,0
1595996577.226222,356.27769249671326,133.07678955787046,0
1595996577.236226,358.07842034095154,133.07678955787046,0
1595996577.246226,359.87841862433777,133.07678955787046,0
1595996577.2469084,360,133.07678955787046,1
1595996577.2562308,361.67927521460877,133.07678955787046,0
1595996577.2662246,363.4781576990448,133.07678955787046,0
1595996577.276229,365.2789284586273,133.07678955787046,0
1595996577.2862349,367.0799996256195,133.07678955787046,0
1595996577.2962341,368.879869162973,133.07678955787046,0
1595996577.3044434,370.3575302957855,133.07678955787046,0
1595996577.3044434,363.10725908873565,125.82651835082059,0
1595996577.3062353,363.42981081603057,125.82651835082059,0
1595996577.3162296,365.2287791311551,125.82651835082059,0
1595996577.3262243,367.02783327696807,125.82651835082059,0
1595996577.3362172,368.82654410002715,125.82651835082059,0
1595996577.3462296,370.62877398131377,125.82651835082059,0
1595996577.3562202,372.4270985662747,125.82651835082059,0
1595996577.3662245,374.2278693258572,125.82651835082059,0
1595996577.3762238,376.02773886321074,125.82651835082059,0
1595996577.3862214,377.8273079931546,125.82651835082059,0
1595996577.3962278,379.62846499083525,125.82651835082059,0
1595996577.40622,381.4270470678616,125.82651835082059,0
1595996577.4162161,383.22635870574004,125.82651835082059,0
1595996577.4262292,385.0287173330594,125.82651835082059,0
1595996577.436223,386.8275998174954,125.82651835082059,0
1595996577.446236,388.6299155294705,125.82651835082059,0
1595996577.456231,390.429055505972,125.82651835082059,0
1595996577.4662364,392.22999792693145,125.82651835082059,0
1595996577.47623,394.02883749602324,125.82651835082059,0
1595996577.4862227,395.8275483190823,125.82651835082059,0
1595996577.4962273,397.6283619940091,125.82651835082059,0
1595996577.506224,399.427759462576,125.82651835082059,0
1595996577.5162284,401.22857313750274,125.82651835082059,0
1595996577.526217,403.0265114843655,125.82651835082059,0
1595996577.5362337,404.82951384184844,125.82651835082059,0
1595996577.5462253,406.62801008818633,125.82651835082059,0
1595996577.5562189,408.4268496572781,125.82651835082059,0
1595996577.566229,410.2286933004666,125.82651835082059,0
1595996577.5762165,412.0264170706082,125.82651835082059,0
1595996577.5862231,413.8276169836331,125.82651835082059,0
1595996577.5962186,415.6267998754788,125.82651835082059,0
1595996577.6062298,417.42881518004424,125.82651835082059,0
1595996577.616236,419.22992926238067,125.82651835082059,0
1595996577.6262362,421.02997046111113,125.82651835082059,0
1595996577.6362364,422.8300116598416,125.82651835082059,0
1595996577.6462204,424.62713461516387,125.82651835082059,0
1595996577.6562247,426.4279053747464,125.82651835082059,0
1595996577.6662295,428.2287619650174,125.82651835082059,0
1595996577.6762266,430.02824526427275,125.82651835082059,0
1595996577.686223,431.8275998174954,125.82651835082059,0
1595996577.696228,433.62849932311065,125.82651835082059,0
1595996577.7062252,435.427982622366,125.82651835082059,0
1595996577.716221,437.2272513449002,125.82651835082059,0
1595996577.7262225,439.02750712035186,125.82651835082059,0
1595996577.7362254,440.82802038786895,125.82651835082059,0
1595996577.746229,442.62866240141875,125.82651835082059,0
1595996577.7562199,444.4270299017239,125.82651835082059,0
1595996577.7662153,446.22621279356963,125.82651835082059,0
1595996577.7762291,448.0287001669217,125.82651835082059,0
1595996577.7862325,449.82929926512725,125.82651835082059,0
1595996577.7962155,451.62625055907256,125.82651835082059,0
1595996577.8062346,453.42968206999785,125.82651835082059,0
1595996577.8162277,455.2284358084012,125.82651835082059,0
1595996577.8262308,457.0289919912625,125.82651835082059,0
1595996577.8362226,458.82753115294463,125.82651835082059,0
1595996577.8462217,460.6273577749539,125.82651835082059,0
1595996577.8562212,462.42727022765166,125.82651835082059,0
1595996577.8662283,464.22855597136504,125.82651835082059,0
1595996577.8762188,466.02683764098174,125.82651835082059,0
1595996577.8862193,467.82692175505645,125.82651835082059,0
1595996577.89622,469.6270487844754,125.82651835082059,0
1595996577.9062264,471.42820578215606,125.82651835082059,0
1595996577.9162185,473.2267878591824,125.82651835082059,0
1595996577.9262211,475.0272582113553,125.82651835082059,0
1595996577.9362352,476.82978850005156,125.82651835082059,0
1595996577.9462314,478.62910013793,125.82651835082059,0
1595996577.956225,480.4279397070218,125.82651835082059,0
1595996577.9662306,482.2289679586697,125.82651835082059,0
1595996577.9762263,484.02819376585967,125.82651835082059,0
1595996577.986221,485.82724791167266,125.82651835082059,0
1595996577.986221,0,125.82651835082059,0
1595996577.9962225,127.62677412627225,125.82651835082059,0
1595996578.0062363,129.42926149962432,125.82651835082059,0
1595996578.0162385,131.2296460211087,125.82651835082059,0
1595996578.0262263,133.02745562193877,125.82651835082059,0
1595996578.0362258,134.82736807463652,125.82651835082059,0
1595996578.0462277,136.62770968077666,125.82651835082059,0
1595996578.05623,138.42813711760527,125.82651835082059,0
1595996578.0662284,140.22783499358184,125.82651835082059,0
1595996578.0762262,142.02744703886992,125.82651835082059,0
1595996578.0862274,143.82765989897734,125.82651835082059,0
1595996578.0962324,145.62855940459258,125.82651835082059,0
1595996578.106234,147.42885809538848,125.82651835082059,0
1595996578.1162226,149.22679644225127,125.82651835082059,0
1595996578.1262336,151.02876883147246,125.82651835082059,0
1595996578.1362402,152.82996874449736,125.82651835082059,0
1595996578.146222,154.62670546172149,125.82651835082059,0
1595996578.1562324,156.42854910490996,125.82651835082059,0
1595996578.1662326,158.22859030364043,125.82651835082059,0
1595996578.1762295,160.02803068755156,125.82651835082059,0
1595996578.1862285,161.82785730956084,125.82651835082059,0
1595996578.1962368,163.6293576299954,125.82651835082059,0
1595996578.2062361,165.42922716734893,125.82651835082059,0
1595996578.2162297,167.22806673644072,125.82651835082059,0
1595996578.2262385,169.02965288756377,125.82651835082059,0
1595996578.2362237,170.82699041960723,125.82651835082059,0
1595996578.2462296,172.62806158659942,125.82651835082059,0
1595996578.2562408,174.43007689116484,125.82651835082059,0
1595996578.2662284,176.22784357665068,125.82651835082059,0
1595996578.2762387,178.02968721983916,125.82651835082059,0
1595996578.286224,179.82702475188262,125.82651835082059,0
1595996578.2962322,181.6285250723172,125.82651835082059,0
1595996578.306232,183.42848044035918,125.82651835082059,0
1595996578.316227,185.2275775015164,125.82651835082059,0
1595996578.326238,187.0295498907376,125.82651835082059,0
1595996578.3362403,188.8299773275662,125.82651835082059,0
1595996578.3462255,190.62731485960967,125.82651835082059,0
1595996578.3562407,192.43005972502715,125.82651835082059,0
1595996578.366235,194.22902804015166,125.82651835082059,0
1595996578.3762355,196.02911215422637,125.82651835082059,0
1595996578.38624,197.82992582915313,125.82651835082059,0
1595996578.3962233,199.62692003844268,125.82651835082059,0
1595996578.406237,201.4293644964505,125.82651835082059,0
1595996578.4162333,203.22871904967315,125.82651835082059,0
1595996578.4262261,205.02742987273223,125.82651835082059,0
1595996578.4362276,206.8276856481839,125.82651835082059,0
1595996578.4462287,208.6278985082913,125.82651835082059,0
1595996578.4562283,210.42781096098906,125.82651835082059,0
1595996578.4662328,212.22862463591582,125.82651835082059,0
1595996578.4762306,214.0282366812039,125.82651835082059,0
1595996578.4862323,215.8285353719998,125.82651835082059,0
1595996578.496225,217.6272461950589,125.82651835082059,0
1595996578.5062275,219.4276736318875,125.82651835082059,0
1595996578.516241,221.2301180898953,125.82651835082059,0
1595996578.5262337,223.02878599761016,125.82651835082059,0
1595996578.5362232,224.8268960058499,125.82651835082059,0
1595996578.5462298,226.6280959188748,125.82651835082059,0
1595996578.5562282,228.42779379485137,125.82651835082059,0
1595996578.5662253,230.22727709410674,125.82651835082059,0
1595996578.5762243,232.02710371611602,125.82651835082059,0
1595996578.5862205,233.82641535399443,125.82651835082059,0
1595996578.5962207,235.6264565527249,125.82651835082059,0
1595996578.6062376,237.42950182555205,125.82651835082059,0
1595996578.6162248,239.22718268034942,125.82651835082059,0
1595996578.6262243,241.02709513304717,125.82651835082059,0
1595996578.6362407,242.83005457518584,125.82651835082059,0
1595996578.6462216,244.626619631033,125.82651835082059,0
1595996578.656241,246.43009405730254,125.82651835082059,0
1595996578.6662304,248.2282040655423,125.82651835082059,0
1595996578.6762342,250.02888899443633,125.82651835082059,0
1595996578.6862314,251.8283722936917,125.82651835082059,0
1595996578.6962383,253.62961512206084,125.82651835082059,0
1595996578.706233,255.42866926787383,125.82651835082059,0
1595996578.7162383,257.2296116888333,125.82651835082059,0
1595996578.7262323,259.0285370886136,125.82651835082059,0
1595996578.7362208,260.82647543547637,125.82651835082059,0
1595996578.7462285,262.6278470098782,125.82651835082059,0
1595996578.7562356,264.4291327535916,125.82651835082059,0
1595996578.7662392,266.2297747671414,125.82651835082059,0
1595996578.776229,268.0279276907254,125.82651835082059,0
1595996578.7862337,269.8287842809964,125.82651835082059,0
1595996578.7962353,271.6290829717923,125.82651835082059,0
1595996578.8062348,273.42899542449004,125.82651835082059,0
1595996578.8162398,275.2298949301053,125.82651835082059,0
1595996578.8262246,277.02714663146025,125.82651835082059,0
1595996578.8362384,278.8296340048123,125.82651835082059,0
1595996578.846235,280.6290314733792,125.82651835082059,0
1595996578.856221,282.4264977514554,125.82651835082059,0
1595996578.866238,284.22958593962676,125.82651835082059,0
1595996578.8762202,286.0263655721951,125.82651835082059,0
1595996578.8862355,287.8291104376126,125.82651835082059,0
1595996578.8962333,289.6287224829007,125.82651835082059,0
1595996578.9062262,291.42743330595977,125.82651835082059,0
1595996578.9162323,293.2285473882962,125.82651835082059,0
1595996578.9262404,295.0300047933865,125.82651835082059,0
1595996578.9362302,296.8281577169705,125.82651835082059,0
1595996578.9462335,298.6287568151761,125.82651835082059,0
1595996578.9562204,300.4263947546292,125.82651835082059,0
1595996578.9662213,302.2265646993924,125.82651835082059,0
1595996578.9762392,304.0297816335965,125.82651835082059,0
1595996578.986235,305.8290074407864,125.82651835082059,0
1595996578.996237,307.6293919622708,125.82651835082059,0
1595996579.0062299,309.4281027853299,125.82651835082059,0
1595996579.0162385,311.2296460211087,125.82651835082059,0
1595996579.026236,313.02921515105254,125.82651835082059,0
1595996579.0362325,314.8285697042752,125.82651835082059,0
1595996579.0462263,316.62745218871123,125.82651835082059,0
1595996579.0562286,318.42787962553984,125.82651835082059,0
1595996579.0662344,320.2289078771878,125.82651835082059,0
1595996579.0762382,322.02959280608184,125.82651835082059,0
1595996579.0862277,323.8277028143216,125.82651835082059,0
1595996579.0962307,325.6282589971829,125.82651835082059,0
1595996579.1062298,327.4280856191922,125.82651835082059,0
1595996579.1162343,329.22889929411895,125.82651835082059,0
1595996579.126239,331.02975588438994,125.82651835082059,0
1595996579.136227,332.82756548522,125.82651835082059,0
1595996579.1462367,334.62932329772,125.82651835082059,0
1595996579.1562314,336.428377443533,125.82651835082059,0
1595996579.1662407,338.23004942534453,125.82651835082059,0
1595996579.1762276,340.02768736479766,125.82651835082059,0
1595996579.186234,341.8288443624783,125.82651835082059,0
1595996579.196231,343.62828474638945,125.82651835082059,0
1595996579.2062292,345.427982622366,125.82651835082059,0
1595996579.2162263,347.2274659216214,125.82651835082059,0
1595996579.2262218,349.0266488134671,125.82651835082059,0
1595996579.2362335,350.828749948721,125.82651835082059,0
1595996579.2462282,352.627804094534,125.82651835082059,0
1595996579.2562325,354.4285748541165,125.82651835082059,0
1595996579.2662244,356.22711401579863,125.82651835082059,0
1595996579.276226,358.02741270659453,125.82651835082059,0
1595996579.2862349,359.8289988577176,125.82651835082059,0
1595996579.2871954,360,125.82651835082059,1
1595996579.2932885,361.09864931700713,125.82651835082059,0
1595996579.2932885,360.32959479510214,125.0574638289156,0
1595996579.2962277,360.85865515887167,125.0574638289156,0
1595996579.3021686,361.92801970660116,125.0574638289156,0
1595996579.3021686,360.5784059119803,123.7078500342948,0
1595996579.306228,361.3090825629813,123.7078500342948,0
1595996579.3162267,363.10886626964634,123.7078500342948,0
1595996579.326238,364.91088157421177,123.7078500342948,0
1595996579.3362403,366.7113090110404,123.7078500342948,0
1595996579.346235,368.5103631568534,123.7078500342948,0
1595996579.3562279,370.30907397991245,123.7078500342948,0
1595996579.3662407,372.11138969188755,123.7078500342948,0
1595996579.3762202,373.9076972556693,123.7078500342948,0
1595996579.3862264,375.7088113380057,123.7078500342948,0
1595996579.396223,377.5082088065726,123.7078500342948,0
1595996579.4062383,379.3109536719901,123.7078500342948,0
1595996579.4162307,381.1095786643607,123.7078500342948,0
1595996579.426227,382.90893321758335,123.7078500342948,0
1595996579.4362326,384.70991855388706,123.7078500342948,0
1595996579.44623,386.5094447684867,123.7078500342948,0
1595996579.4562268,388.3088851523978,123.7078500342948,0
1595996579.4662282,390.10914092784947,123.7078500342948,0
1595996579.4762347,391.91029792553013,123.7078500342948,0
1595996579.4862406,393.7113690925223,123.7078500342948,0
1595996579.496233,395.5099940848929,123.7078500342948,0
1595996579.5062397,397.3111939979178,123.7078500342948,0
1595996579.5162356,399.110462720452,123.7078500342948,0
1595996579.5262318,400.9097743583304,123.7078500342948,0
1595996579.5362375,402.7108026099784,123.7078500342948,0
1595996579.5462358,404.51050048595494,123.7078500342948,0
1595996579.556236,406.3105416846854,123.7078500342948,0
1595996579.5662336,408.11011081462925,123.7078500342948,0
1595996579.576228,409.90907912975376,123.7078500342948,0
1595996579.586229,411.7092919898612,123.7078500342948,0
1595996579.5962384,413.5109639716727,123.7078500342948,0
1595996579.6062245,415.3084731650931,123.7078500342948,0
1595996579.6162407,417.11138969188755,123.7078500342948,0
1595996579.6262243,418.90842681652134,123.7078500342948,0
1595996579.6362247,420.70851093059605,123.7078500342948,0
1595996579.6462388,422.51104121929234,123.7078500342948,0
1595996579.656236,424.3105245185477,123.7078500342948,0
1595996579.6662302,426.1094928336722,123.7078500342948,0
1595996579.6762338,427.910134847222,123.7078500342948,0
1595996579.686226,429.7087169242484,123.7078500342948,0
1595996579.6962404,431.51133304363316,123.7078500342948,0
1595996579.7062268,433.3088851523978,123.7078500342948,0
1595996579.7162294,435.10935550457066,123.7078500342948,0
1595996579.7262278,436.9090533805472,123.7078500342948,0
1595996579.7362406,438.7113690925223,123.7078500342948,0
1595996579.7462354,440.5104232383353,123.7078500342948,0
1595996579.7562356,442.3104644370658,123.7078500342948,0
1595996579.76624,444.1112351966483,123.7078500342948,0
1595996579.7762246,445.9084868980033,123.7078500342948,0
1595996579.7862194,447.70754104381626,123.7078500342948,0
1595996579.796236,449.5105434012992,123.7078500342948,0
1595996579.80623,451.30946880107945,123.7078500342948,0
1595996579.8162296,453.1093812537772,123.7078500342948,0
1595996579.826223,454.90817790752476,123.7078500342948,0
1595996579.8362403,456.7113090110404,123.7078500342948,0
1595996579.8462327,458.509934003411,123.7078500342948,0
1595996579.8562386,460.3110051704032,123.7078500342948,0
1595996579.8662312,462.109673078118,123.7078500342948,0
1595996579.8762355,463.91044383770054,123.7078500342948,0
1595996579.8862371,465.71074252849644,123.7078500342948,0
1595996579.8962214,467.50790839916294,123.7078500342948,0
1595996579.9062324,469.30988078838413,123.7078500342948,0
1595996579.9162266,471.10884910350865,123.7078500342948,0
1595996579.9262333,472.91004901653355,123.7078500342948,0
1595996579.9362314,474.7097039771659,123.7078500342948,0
1595996579.9462278,476.50905853038853,123.7078500342948,0
1595996579.9562404,478.3113313270194,123.7078500342948,0
1595996579.9662294,480.10935550457066,123.7078500342948,0
1595996579.9762304,481.90952544933384,123.7078500342948,0
1595996579.9862344,483.7102532935721,123.7078500342948,0
1595996579.9862344,0,123.7078500342948,0
1595996579.9962404,125.50892120128698,123.7078500342948,0
1595996580.0062358,127.30810409313268,123.7078500342948,0
1595996580.0162408,129.1090035987479,123.7078500342948,0
1595996580.0262532,130.91123348003453,123.7078500342948,0
1595996580.0362542,132.7114034247977,123.7078500342948,0
1595996580.046252,134.5110154700858,123.7078500342948,0
1595996580.056244,136.30955463176792,123.7078500342948,0
1595996580.066243,138.1093812537772,123.7078500342948,0
1595996580.076238,139.90847831493443,123.7078500342948,0
1595996580.0862503,141.71070819622105,123.7078500342948,0
1595996580.0962417,143.5091615272147,123.7078500342948,0
1595996580.106242,145.30920272594517,123.7078500342948,0
1595996580.1162343,147.10782771831578,123.7078500342948,0
1595996580.1262486,148.9104009223563,123.7078500342948,0
1595996580.1362386,150.70859676128453,123.7078500342948,0
1595996580.146237,152.5082946372611,123.7078500342948,0
1595996580.1562417,154.30915122753208,123.7078500342948,0
1595996580.1662412,156.10906368022984,123.7078500342948,0
1595996580.1762443,157.90961986309117,123.7078500342948,0
1595996580.1862352,159.70798736339634,123.7078500342948,0
1595996580.1962552,161.5115905356986,123.7078500342948,0
1595996580.2062364,163.30819850689,123.7078500342948,0
1595996580.2162523,165.1110721183402,123.7078500342948,0
1595996580.2262356,166.90806632762974,123.7078500342948,0
1595996580.2362428,168.70935207134312,123.7078500342948,0
1595996580.246252,170.51102405315464,123.7078500342948,0
1595996580.256252,172.31102233654087,123.7078500342948,0
1595996580.26625,174.11063438182896,123.7078500342948,0
1595996580.2762516,175.91093307262486,123.7078500342948,0
1595996580.286237,177.70831352001255,123.7078500342948,0
1595996580.2962532,179.511230046807,123.7078500342948,0
1595996580.3062537,181.3113141608817,123.7078500342948,0
1595996580.3162544,183.11144119030064,123.7078500342948,0
1595996580.3262486,184.91040950542515,123.7078500342948,0
1595996580.33625,186.7106652808768,123.7078500342948,0
1595996580.346247,188.51010566478794,123.7078500342948,0
1595996580.3562505,190.31074767833775,123.7078500342948,0
1595996580.3662405,192.10894351726597,123.7078500342948,0
1595996580.3762515,193.91091590648716,123.7078500342948,0
1595996580.3862352,195.7079959464652,123.7078500342948,0
1595996580.3962498,197.51061206584995,123.7078500342948,0
1595996580.4062517,199.3109536719901,123.7078500342948,0
1595996580.4162521,201.1110377860648,123.7078500342948,0
1595996580.4262433,202.9094482017142,123.7078500342948,0
1595996580.4362514,204.71090560680454,123.7078500342948,0
1595996580.4462397,206.5088010383231,123.7078500342948,0
1595996580.4562364,208.30819850689,123.7078500342948,0
1595996580.466255,210.1115441871268,123.7078500342948,0
1595996580.476234,211.90776592022007,123.7078500342948,0
1595996580.486246,213.70995288616245,123.7078500342948,0
1595996580.4962478,215.51025157695835,123.7078500342948,0
1595996580.5062428,217.30934863811558,123.7078500342948,0
1595996580.5162485,219.11037688976353,123.7078500342948,0
1595996580.5262523,220.91106181865757,123.7078500342948,0
1595996580.5362446,222.70968681102818,123.7078500342948,0
1595996580.5462537,224.51131587749546,123.7078500342948,0
1595996580.5562508,226.31079917675083,123.7078500342948,0
1595996580.566247,228.11011081462925,123.7078500342948,0
1595996580.576246,229.90993743663853,123.7078500342948,0
1595996580.586243,231.70937782054966,123.7078500342948,0
1595996580.5962431,233.50941901928013,123.7078500342948,0
1595996580.6062446,235.3096747947318,123.7078500342948,0
1595996580.6162517,237.11096053844517,123.7078500342948,0
1595996580.6262374,238.9083839011771,123.7078500342948,0
1595996580.6362357,240.70808177715367,123.7078500342948,0
1595996580.6462429,242.50936752086704,123.7078500342948,0
1595996580.6562476,244.31022411113804,123.7078500342948,0
1595996580.6662526,246.11112361675328,123.7078500342948,0
1595996580.676254,247.91137939220494,123.7078500342948,0
1595996580.6862385,249.70858817821568,123.7078500342948,0
1595996580.6962447,251.5097022605521,123.7078500342948,0
1595996580.7062466,253.31004386669224,123.7078500342948,0
1595996580.7162359,255.10811095958775,123.7078500342948,0
1595996580.7262511,256.9108558250052,123.7078500342948,0
1595996580.7362516,258.71093993907994,123.7078500342948,0
1595996580.7462347,260.50789123302525,123.7078500342948,0
1595996580.756251,262.3108506751639,123.7078500342948,0
1595996580.7662416,264.1091323447806,123.7078500342948,0
1595996580.776236,265.90814357524937,123.7078500342948,0
1595996580.7862365,267.7082276893241,123.7078500342948,0
1595996580.796254,269.5113587928397,123.7078500342948,0
1595996580.806254,271.31135707622593,123.7078500342948,0
1595996580.816244,273.10955291515415,123.7078500342948,0
1595996580.8262541,274.91139655834263,123.7078500342948,0
1595996580.8362548,276.7115235877616,123.7078500342948,0
1595996580.8462496,278.51057773357456,123.7078500342948,0
1595996580.856253,280.31117683178013,123.7078500342948,0
1595996580.8662543,282.1114326072318,123.7078500342948,0
1595996580.8762536,283.9113021445853,123.7078500342948,0
1595996580.8862402,285.7088971686942,123.7078500342948,0
1595996580.8962533,287.51125579601353,123.7078500342948,0
1595996580.9062488,289.31043868785923,123.7078500342948,0
1595996580.916252,291.11099487072056,123.7078500342948,0
1595996580.9262354,292.90803199535435,123.7078500342948,0
1595996580.9362447,294.7097039771659,123.7078500342948,0
1595996580.946242,296.5092301917655,123.7078500342948,0
1595996580.9562516,298.31094508892124,123.7078500342948,0
1595996580.9662414,300.1090980125052,123.7078500342948,0
1595996580.9762402,301.90888171917027,123.7078500342948,0
1595996580.986253,303.71119743114537,123.7078500342948,0
1595996580.996234,305.50776248699253,123.7078500342948,0
1595996581.0062351,307.30797534709995,123.7078500342948,0
1595996581.0162373,309.10835986858433,123.7078500342948,0
1595996581.0262518,310.9109759879691,123.7078500342948,0
1595996581.0362334,312.707669789849,123.7078500342948,0
1595996581.0462515,314.5109296393973,123.7078500342948,0
1595996581.056238,316.30848174816197,123.7078500342948,0
1595996581.0662441,318.1095958304984,123.7078500342948,0
1595996581.0762405,319.90895038372105,123.7078500342948,0
1595996581.0862446,321.70967822795933,123.7078500342948,0
1595996581.0962334,323.50765949016636,123.7078500342948,0
1595996581.106238,325.3084731650931,123.7078500342948,0
1595996581.11625,327.1106601310355,123.7078500342948,0
1595996581.126234,328.90778308635777,123.7078500342948,0
1595996581.1362445,330.7096696448905,123.7078500342948,0
1595996581.1462507,332.5107837272269,123.7078500342948,0
1595996581.1562347,334.3079066825492,123.7078500342948,0
1595996581.1662407,336.10897784954136,123.7078500342948,0
1595996581.176244,337.9095769477469,123.7078500342948,0
1595996581.1862347,339.70790153270787,123.7078500342948,0
1595996581.196247,341.5101314139945,123.7078500342948,0
1595996581.2062366,343.30824142223423,123.7078500342948,0
1595996581.2162352,345.10798221355503,123.7078500342948,0
1595996581.226252,346.9110274863822,123.7078500342948,0
1595996581.2362459,348.7099099708182,123.7078500342948,0
1595996581.2462397,350.50879245525425,123.7078500342948,0
1595996581.2562456,352.30986362224644,123.7078500342948,0
1595996581.2662485,354.11037688976353,123.7078500342948,0
1595996581.2762487,355.910418088494,123.7078500342948,0
1595996581.286243,357.7093864036185,123.7078500342948,0
1595996581.296251,359.51084380870884,123.7078500342948,0
1595996581.298974,360,123.7078500342948,1
1595996581.3022628,360.5929542136771,123.7078500342948,0
1595996581.3022628,360.1778862641031,123.29278208472083,0
1595996581.3062444,360.89457251288246,123.29278208472083,0
1595996581.3162355,362.6929829285319,123.29278208472083,0
1595996581.3198936,363.3514330551798,123.29278208472083,0
1595996581.3198936,361.00542991655396,120.94677894609495,0
1595996581.3262484,362.14929550188106,120.94677894609495,0
1595996581.3362381,363.94744842546504,120.94677894609495,0
1595996581.3462338,365.746674232655,120.94677894609495,0
1595996581.35625,367.5495907594494,120.94677894609495,0
1595996581.3662453,369.3487307359509,120.94677894609495,0
1595996581.376237,371.14722698228877,120.94677894609495,0
1595996581.3862524,372.9500147630505,120.94677894609495,0
1595996581.3962514,374.74984138505977,120.94677894609495,0
1595996581.4062512,376.54979675310176,120.94677894609495,0
1595996581.4162405,378.34786384599727,120.94677894609495,0
1595996581.426249,380.1494070817761,120.94677894609495,0
1595996581.436247,381.9490620424084,120.94677894609495,0
1595996581.4462457,383.7488028337292,120.94677894609495,0
1595996581.456243,385.5483290483288,120.94677894609495,0
1595996581.4662395,387.34768360155147,120.94677894609495,0
1595996581.4762516,389.14987056749385,120.94677894609495,0
1595996581.4862442,390.9485384752087,120.94677894609495,0
1595996581.496245,392.74866550462764,120.94677894609495,0
1595996581.5062366,394.54716175096553,120.94677894609495,0
1595996581.516248,396.3492199708752,120.94677894609495,0
1595996581.5262449,398.14866035478633,120.94677894609495,0
1595996581.5362494,399.9494740297131,120.94677894609495,0
1595996581.5462475,401.7491289903454,120.94677894609495,0
1595996581.556254,403.5502859880261,120.94677894609495,0
1595996581.5662382,405.3474518586926,120.94677894609495,0
1595996581.5762372,407.14727848070186,120.94677894609495,0
1595996581.586251,408.9497658540539,120.94677894609495,0
1595996581.5962472,410.7490774919323,120.94677894609495,0
1595996581.6062512,412.5498053361706,120.94677894609495,0
1595996581.6162422,414.3481728364758,120.94677894609495,0
1595996581.6262436,416.14842861192744,120.94677894609495,0
1595996581.6362424,417.9482123185925,120.94677894609495,0
1595996581.646248,419.74924057024043,120.94677894609495,0
1595996581.6562495,421.5494963456921,120.94677894609495,0
1595996581.666241,423.34794967668574,120.94677894609495,0
1595996581.6762478,425.1491925050549,120.94677894609495,0
1595996581.6862476,426.9491478730969,120.94677894609495,0
1595996581.6962445,428.748588257008,120.94677894609495,0
1595996581.7062335,430.5466124345593,120.94677894609495,0
1595996581.7162344,432.34678237932246,120.94677894609495,0
1595996581.7262444,434.1485831071667,120.94677894609495,0
1595996581.7362366,435.94716518419307,120.94677894609495,0
1595996581.746242,437.7481505204968,120.94677894609495,0
1595996581.7562342,439.54673259752315,120.94677894609495,0
1595996581.766253,441.3501211931042,120.94677894609495,0
1595996581.7762337,443.14664333360713,120.94677894609495,0
1595996581.7862475,444.9491307069592,120.94677894609495,0
1595996581.7962368,446.7471977998547,120.94677894609495,0
1595996581.806245,448.54869812028926,120.94677894609495,0
1595996581.8162434,450.3483959962658,120.94677894609495,0
1595996581.8262434,452.14839427965205,120.94677894609495,0
1595996581.83624,453.94779174821895,120.94677894609495,0
1595996581.846236,455.7470604707531,120.94677894609495,0
1595996581.8562472,457.54907577531856,120.94677894609495,0
1595996581.8662446,459.34860198991817,120.94677894609495,0
1595996581.8762374,461.14731281297725,120.94677894609495,0
1595996581.886244,462.94851272600215,120.94677894609495,0
1595996581.8962426,464.74825351732295,120.94677894609495,0
1595996581.906244,466.5485092927746,120.94677894609495,0
1595996581.9162443,468.3485504915051,120.94677894609495,0
1595996581.9262424,470.1482054521374,120.94677894609495,0
1595996581.9362469,471.94901912706416,120.94677894609495,0
1595996581.946253,473.7501332094006,120.94677894609495,0
1595996581.9562333,475.54656951921504,120.94677894609495,0
1595996581.9662507,477.34970062273067,120.94677894609495,0
1595996581.9762437,479.148454361134,120.94677894609495,0
1595996581.9862483,480.94926803606074,120.94677894609495,0
1595996581.9862483,0,120.94677894609495,0
1595996581.996269,122.75051086442991,120.94677894609495,0
1595996582.0062618,124.549221687489,120.94677894609495,0
1595996582.0162594,126.34879081743284,120.94677894609495,0
1595996582.0262668,128.15011947649046,120.94677894609495,0
1595996582.0362635,129.94951694505735,120.94677894609495,0
1595996582.0462582,131.74857109087034,120.94677894609495,0
1595996582.05625,133.54711025255247,120.94677894609495,0
1595996582.0662534,135.34770935075804,120.94677894609495,0
1595996582.0762503,137.14714973466917,120.94677894609495,0
1595996582.0862489,138.94689052598997,120.94677894609495,0
1595996582.0962677,140.75027912157103,120.94677894609495,0
1595996582.1062663,142.55001991289183,120.94677894609495,0
1595996582.1162486,144.34684246080442,120.94677894609495,0
1595996582.1262658,146.1499306489758,120.94677894609495,0
1595996582.136251,147.94726818101927,120.94677894609495,0
1595996582.1462512,149.74730937974974,120.94677894609495,0
1595996582.1562605,151.54898136156126,120.94677894609495,0
1595996582.1662679,153.35031002061888,120.94677894609495,0
1595996582.1762528,155.1476046373181,120.94677894609495,0
1595996582.1862547,156.94794624345823,120.94677894609495,0
1595996582.1962516,158.74738662736937,120.94677894609495,0
1595996582.206251,160.54725616472288,120.94677894609495,0
1595996582.2162504,162.34716861742064,120.94677894609495,0
1595996582.2262492,164.14695232408567,120.94677894609495,0
1595996582.236267,165.95016925828978,120.94677894609495,0
1595996582.2462559,167.7481505204968,120.94677894609495,0
1595996582.2562635,169.54952209489866,120.94677894609495,0
1595996582.2662544,171.34788959520384,120.94677894609495,0
1595996582.2762644,173.14969032304808,120.94677894609495,0
1595996582.286256,174.94818656938597,120.94677894609495,0
1595996582.2962577,176.74848526018187,120.94677894609495,0
1595996582.3062563,178.54822605150267,120.94677894609495,0
1595996582.3162587,180.34865348833128,120.94677894609495,0
1595996582.3262534,182.14770763414427,120.94677894609495,0
1595996582.3362577,183.9484783937268,120.94677894609495,0
1595996582.3462565,185.74826210039183,120.94677894609495,0
1595996582.356268,187.5503203203015,120.94677894609495,0
1595996582.3662689,189.35049026506468,120.94677894609495,0
1595996582.3762598,191.14885776536985,120.94677894609495,0
1595996582.3862638,192.94958560960814,120.94677894609495,0
1595996582.3962657,194.74992721574827,120.94677894609495,0
1595996582.4062488,196.54687850969358,120.94677894609495,0
1595996582.4162552,198.34803550737425,120.94677894609495,0
1595996582.4262671,200.1501795579724,120.94677894609495,0
1595996582.4362633,201.9494911958508,120.94677894609495,0
1595996582.4462662,203.7500044633679,120.94677894609495,0
1595996582.4562497,205.5470415880017,120.94677894609495,0
1595996582.4662645,207.3497006227307,120.94677894609495,0
1595996582.4762485,209.14682357805296,120.94677894609495,0
1595996582.4862545,210.94789474504515,120.94677894609495,0
1595996582.4962654,212.74986713426634,120.94677894609495,0
1595996582.5062633,214.54947917955442,120.94677894609495,0
1595996582.5162532,216.34767501848265,120.94677894609495,0
1595996582.5262496,218.1470295717053,120.94677894609495,0
1595996582.5362613,219.9491307069592,120.94677894609495,0
1595996582.546267,221.75015895860716,120.94677894609495,0
1595996582.5562654,223.54985683458372,120.94677894609495,0
1595996582.5662546,225.34792392747923,120.94677894609495,0
1595996582.5762537,227.1477505494885,120.94677894609495,0
1595996582.5862656,228.94989460008665,120.94677894609495,0
1595996582.5962486,230.74684589403196,120.94677894609495,0
1595996582.6062503,232.54714458482786,120.94677894609495,0
1595996582.6162512,234.34731452959105,120.94677894609495,0
1595996582.6262574,236.14842861192747,120.94677894609495,0
1595996582.6362586,237.9486414720349,120.94677894609495,0
1595996582.6462538,239.74778144853636,120.94677894609495,0
1595996582.656254,241.54782264726683,120.94677894609495,0
1595996582.666259,243.34872215288206,120.94677894609495,0
1595996582.6762629,245.1494070817761,120.94677894609495,0
1595996582.6862578,246.94850414293333,120.94677894609495,0
1595996582.6962678,248.75030487077757,120.94677894609495,0
1595996582.7062674,250.55021732347532,120.94677894609495,0
1595996582.716252,252.3474690248303,120.94677894609495,0
1595996582.7262666,254.15008514421507,120.94677894609495,0
1595996582.7362535,255.9477230836682,120.94677894609495,0
1595996582.7462673,257.7502104570202,120.94677894609495,0
1595996582.756263,259.54943626421016,120.94677894609495,0
1595996582.7662518,261.3474175264172,120.94677894609495,0
1595996582.7762532,263.14767330186885,120.94677894609495,0
1595996582.7862656,264.94990318315547,120.94677894609495,0
1595996582.7962484,266.74681156175654,120.94677894609495,0
1595996582.8062582,268.54856937425654,120.94677894609495,0
1595996582.8162591,270.3487393190197,120.94677894609495,0
1595996582.8262486,272.1468493272595,120.94677894609495,0
1595996582.83626,273.94890754716914,120.94677894609495,0
1595996582.8462675,275.75023620622676,120.94677894609495,0
1595996582.856265,277.5498053361706,120.94677894609495,0
1595996582.8662653,279.3498465349011,120.94677894609495,0
1595996582.8762653,281.1498448182873,120.94677894609495,0
1595996582.8862607,282.949027710133,120.94677894609495,0
1595996582.8962486,284.7468373109631,120.94677894609495,0
1595996582.9062674,286.55022590654414,120.94677894609495,0
1595996582.9162567,288.34829299943965,120.94677894609495,0
1595996582.9262607,290.14902084367793,120.94677894609495,0
1595996582.936251,291.9472595979504,120.94677894609495,0
1595996582.9462671,293.7501761247448,120.94677894609495,0
1595996582.9562554,295.5480715562634,120.94677894609495,0
1595996582.9662507,297.34721153276485,120.94677894609495,0
1595996582.9762657,299.1499134828381,120.94677894609495,0
1595996582.9862642,300.9496542741589,120.94677894609495,0
1595996582.9962482,302.74677722948115,120.94677894609495,0
1595996583.0062473,304.54660385149043,120.94677894609495,0
1595996583.0162594,306.3487908174328,120.94677894609495,0
1595996583.0262477,308.14668624895137,120.94677894609495,0
1595996583.0362601,309.948916130238,120.94677894609495,0
1595996583.0462537,311.7477556993298,120.94677894609495,0
1595996583.056266,313.5499855806164,120.94677894609495,0
1595996583.0662537,315.34775226610225,120.94677894609495,0
1595996583.0762522,317.14749305742305,120.94677894609495,0
1595996583.0862584,318.9486071397595,120.94677894609495,0
1595996583.0962553,320.7480475236706,120.94677894609495,0
1595996583.10626,322.5489041139416,120.94677894609495,0
1595996583.116252,324.34744327562373,120.94677894609495,0
1595996583.1262507,326.14722698228877,120.94677894609495,0
1595996583.136258,327.94851272600215,120.94677894609495,0
1595996583.1462543,329.7478672792248,120.94677894609495,0
1595996583.1562498,331.5470501710705,120.94677894609495,0
1595996583.166265,333.349795036488,120.94677894609495,0
1595996583.1762648,335.14975040453,120.94677894609495,0
1595996583.186263,336.94944828050654,120.94677894609495,0
1595996583.1962607,338.7490174104504,120.94677894609495,0
1595996583.2062619,340.5492302705578,120.94677894609495,0
1595996583.216267,342.3501726915173,120.94677894609495,0
1595996583.2262564,344.1482397844128,120.94677894609495,0
1595996583.236258,345.9485384752087,120.94677894609495,0
1595996583.2462552,347.74802177446406,120.94677894609495,0
1595996583.2562664,349.5500370790295,120.94677894609495,0
1595996583.2662566,351.34827583330195,120.94677894609495,0
1595996583.2762592,353.1487461854748,120.94677894609495,0
1595996583.2862623,354.94930236833613,120.94677894609495,0
1595996583.2962515,356.74736946123164,120.94677894609495,0
1595996583.3062608,358.54904144304317,120.94677894609495,0
1595996583.3125112,359.67411010759395,120.94677894609495,0
1595996583.3125112,359.90223303227816,121.1749018707792,0
1595996583.313064,360,121.1749018707792,1
1595996583.3162627,360.5775059738676,121.1749018707792,0
1595996583.321393,361.5009583511869,121.1749018707792,0
1595996583.321393,360.4502875053561,120.12423102494836,0
1595996583.3262584,361.3260609352267,120.12423102494836,0
1595996583.33626,363.1263596260226,120.12423102494836,0
1595996583.3462586,364.9261004173434,120.12423102494836,0
1595996583.3562555,366.7255408012545,120.12423102494836,0
1595996583.3662581,368.52601115342736,120.12423102494836,0
1595996583.376256,370.32562319871545,120.12423102494836,0
1595996583.386248,372.1242052757418,120.12423102494836,0
1595996583.3962498,373.9245039665377,120.12423102494836,0
1595996583.4062507,375.7246739113009,120.12423102494836,0
1595996583.416267,377.52759043809533,120.12423102494836,0
1595996583.4262674,379.32767455217004,120.12423102494836,0
1595996583.436249,381.1243683540499,120.12423102494836,0
1595996583.4462578,382.92595450517297,120.12423102494836,0
1595996583.4562485,384.7242790901339,120.12423102494836,0
1595996583.4662535,386.52517859574914,120.12423102494836,0
1595996583.4762468,388.3239752494967,120.12423102494836,0
1595996583.486259,390.1261622154391,120.12423102494836,0
1595996583.496252,391.9249159538424,120.12423102494836,0
1595996583.506265,393.7272316658175,120.12423102494836,0
1595996583.516248,395.5241829597628,120.12423102494836,0
1595996583.5262609,397.3264986717379,120.12423102494836,0
1595996583.5362556,399.1255528175509,120.12423102494836,0
1595996583.546265,400.9272247993624,120.12423102494836,0
1595996583.556261,402.72653643724084,120.12423102494836,0
1595996583.5662549,404.5254189216769,120.12423102494836,0
1595996583.5762653,406.3273054802096,120.12423102494836,0
1595996583.5862644,408.12713210221887,120.12423102494836,0
1595996583.5962539,409.9252421104586,120.12423102494836,0
1595996583.6062598,411.7263132774508,120.12423102494836,0
1595996583.6162655,413.52734152909875,120.12423102494836,0
1595996583.626254,415.32527987596154,120.12423102494836,0
1595996583.6362498,417.1245056831515,120.12423102494836,0
1595996583.6462677,418.9277226173556,120.12423102494836,0
1595996583.6562529,420.72506014939904,120.12423102494836,0
1595996583.6662643,422.5271183693087,120.12423102494836,0
1595996583.6762583,424.326043769089,120.12423102494836,0
1595996583.6862652,426.1272865974581,120.12423102494836,0
1595996583.696247,427.92402331468224,120.12423102494836,0
1595996583.7062516,429.724836989609,120.12423102494836,0
1595996583.7162573,431.52586524125695,120.12423102494836,0
1595996583.726253,433.3250910484469,120.12423102494836,0
1595996583.736265,435.12723509904504,120.12423102494836,0
1595996583.746266,436.9274050438082,120.12423102494836,0
1595996583.7562594,438.7262446129,120.12423102494836,0
1595996583.7662613,440.52658621904015,120.12423102494836,0
1595996583.776258,442.32598368760705,120.12423102494836,0
1595996583.7862597,444.12628237840295,120.12423102494836,0
1595996583.7962499,445.9245211326754,120.12423102494836,0
1595996583.8062515,447.7248198234713,120.12423102494836,0
1595996583.8162668,449.5275646888888,120.12423102494836,0
1595996583.8262672,451.3276488029635,120.12423102494836,0
1595996583.8362472,453.1240421974337,120.12423102494836,0
1595996583.8462608,454.9264866554415,120.12423102494836,0
1595996583.8562596,456.72627036210656,120.12423102494836,0
1595996583.8662672,458.5276419365084,120.12423102494836,0
1595996583.8762572,460.32583777543664,120.12423102494836,0
1595996583.886256,462.1256214821017,120.12423102494836,0
1595996583.8962464,463.9239031517184,120.12423102494836,0
1595996583.9062507,465.7246739113009,120.12423102494836,0
1595996583.9162562,467.5256592476046,120.12423102494836,0
1595996583.9262602,469.3263870918429,120.12423102494836,0
1595996583.9362519,471.1248833381808,120.12423102494836,0
1595996583.946249,472.92436663743615,120.12423102494836,0
1595996583.9562485,474.7242790901339,120.12423102494836,0
1595996583.9662507,476.5246636116183,120.12423102494836,0
1595996583.9762657,478.3273655616915,120.12423102494836,0
1595996583.9862468,480.1239735328829,120.12423102494836,0
1595996583.986271,480.128307982651,120.12423102494836,0
1595996583.986271,0,120.12423102494836,0
1595996583.9962714,121.92431513902307,120.12423102494836,0
1595996584.0062804,123.72594420549035,120.12423102494836,0
1595996584.0162826,125.52632872697473,120.12423102494836,0
1595996584.0262735,127.3246962272799,120.12423102494836,0
1595996584.0362713,129.124308272568,120.12423102494836,0
1595996584.0462875,130.92722479936242,120.12423102494836,0
1595996584.0562801,132.72589270707726,120.12423102494836,0
1595996584.0662875,134.52722136613488,120.12423102494836,0
1595996584.0762904,136.32773463365197,120.12423102494836,0
1595996584.0862715,138.12434260484338,120.12423102494836,0
1595996584.0962782,139.92554251786828,120.12423102494836,0
1595996584.1062863,141.7269999229586,120.12423102494836,0
1595996584.1162736,143.5247236931002,120.12423102494836,0
1595996584.1262815,145.3261381828463,120.12423102494836,0
1595996584.136282,147.12622229692101,120.12423102494836,0
1595996584.1462739,148.92476145860314,120.12423102494836,0
1595996584.1562788,150.72566096421838,120.12423102494836,0
1595996584.1662765,152.52523009416223,120.12423102494836,0
1595996584.1762817,154.3261725151217,120.12423102494836,0
1595996584.1862843,156.12664286729455,120.12423102494836,0
1595996584.1962855,157.92685572740197,120.12423102494836,0
1595996584.206291,159.72784106370568,120.12423102494836,0
1595996584.2162843,161.52663771745324,120.12423102494836,0
1595996584.2262843,163.32663600083947,120.12423102494836,0
1595996584.2362747,165.12491767045617,120.12423102494836,0
1595996584.2462707,166.92418639299035,120.12423102494836,0
1595996584.2562754,168.72504298326135,120.12423102494836,0
1595996584.2662911,170.5278736793673,120.12423102494836,0
1595996584.2762864,172.32701365586877,120.12423102494836,0
1595996584.2862847,174.12671153184533,120.12423102494836,0
1595996584.29628,175.9258515083468,120.12423102494836,0
1595996584.306275,177.72494856950402,120.12423102494836,0
1595996584.3162727,179.5245606147921,120.12423102494836,0
1595996584.3262794,181.325760527817,120.12423102494836,0
1595996584.3362849,183.12674586412072,120.12423102494836,0
1595996584.346271,184.92425505754113,120.12423102494836,0
1595996584.3562803,186.72592703935265,120.12423102494836,0
1595996584.3662724,188.52450911637902,120.12423102494836,0
1595996584.3762798,190.32583777543664,120.12423102494836,0
1595996584.3862805,192.12596480485558,120.12423102494836,0
1595996584.396271,193.92424647447228,120.12423102494836,0
1595996584.4062855,195.72686259385705,120.12423102494836,0
1595996584.4162886,197.52741877671838,120.12423102494836,0
1595996584.4262712,199.3242842399752,120.12423102494836,0
1595996584.4362884,201.1273724281466,120.12423102494836,0
1595996584.4462714,202.9243237220919,120.12423102494836,0
1595996584.4562902,204.72771231767297,120.12423102494836,0
1595996584.4662712,206.52427737352014,120.12423102494836,0
1595996584.476281,208.32603518602014,120.12423102494836,0
1595996584.4862754,210.12504641648889,120.12423102494836,0
1595996584.496271,211.9242293083346,120.12423102494836,0
1595996584.5062754,213.72504298326135,120.12423102494836,0
1595996584.5162845,215.52667204972863,120.12423102494836,0
1595996584.5262725,217.32452456590295,120.12423102494836,0
1595996584.5362778,219.12546698686242,120.12423102494836,0
1595996584.546275,220.9249502861178,120.12423102494836,0
1595996584.5562868,222.72709433671594,120.12423102494836,0
1595996584.566271,224.52426020738244,120.12423102494836,0
1595996584.5762806,226.3259751045382,120.12423102494836,0
1595996584.5862777,228.12545840379357,120.12423102494836,0
1595996584.5962718,229.92438380357385,120.12423102494836,0
1595996584.6062887,231.727429076401,120.12423102494836,0
1595996584.6162844,233.52665488359094,120.12423102494836,0
1595996584.6262755,235.32506529924035,120.12423102494836,0
1595996584.636275,237.1249777519381,120.12423102494836,0
1595996584.6462913,238.92789427873254,120.12423102494836,0
1595996584.6562805,240.72596137162805,120.12423102494836,0
1595996584.6662834,242.52647463914514,120.12423102494836,0
1595996584.6762745,244.32488505479455,120.12423102494836,0
1595996584.6862864,246.1270291053927,120.12423102494836,0
1595996584.6962748,247.92492453691125,120.12423102494836,0
1595996584.7062886,249.7274119102633,120.12423102494836,0
1595996584.7162826,251.52633731004357,120.12423102494836,0
1595996584.7262852,253.32680766221642,120.12423102494836,0
1595996584.736291,255.12783591386437,120.12423102494836,0
1595996584.7462792,256.9257313453829,120.12423102494836,0
1595996584.756291,258.72783248063683,120.12423102494836,0
1595996584.7662756,260.5250841819918,120.12423102494836,0
1595996584.776288,262.32731406327844,120.12423102494836,0
1595996584.786274,264.1247803413546,120.12423102494836,0
1595996584.7962778,265.92546527024865,120.12423102494836,0
1595996584.8062863,267.72700850602746,120.12423102494836,0
1595996584.81628,269.52584807511926,120.12423102494836,0
1595996584.8262713,271.3243014061129,120.12423102494836,0
1595996584.8362806,273.12597338792443,120.12423102494836,0
1595996584.8462842,274.92661540147424,120.12423102494836,0
1595996584.8562896,276.72760073777795,120.12423102494836,0
1595996584.8662815,278.5261398994601,120.12423102494836,0
1595996584.8762815,280.3261381828463,120.12423102494836,0
1595996584.8862767,282.1252781593478,120.12423102494836,0
1595996584.8962839,283.92656390306115,120.12423102494836,0
1595996584.906275,285.72497431871057,120.12423102494836,0
1595996584.9162824,287.5263029777682,120.12423102494836,0
1595996584.926281,289.326043769089,120.12423102494836,0
1595996584.9362803,291.1259133064425,120.12423102494836,0
1595996584.9462748,292.92492453691125,120.12423102494836,0
1595996584.956278,294.7255236351168,120.12423102494836,0
1595996584.966272,296.5244490348971,120.12423102494836,0
1595996584.976289,298.32749430772424,120.12423102494836,0
1595996584.9862876,300.12723509904504,120.12423102494836,0
1595996584.9962714,301.92431513902307,120.12423102494836,0
1595996585.006274,303.7247854911959,120.12423102494836,0
1595996585.0162895,305.52757327195764,120.12423102494836,0
1595996585.0262852,307.3267990791476,120.12423102494836,0
1595996585.0362787,309.1256386482394,120.12423102494836,0
1595996585.0462823,310.9262806617892,120.12423102494836,0
1595996585.05627,312.724047347275,120.12423102494836,0
1595996585.06629,314.52765051957726,120.12423102494836,0
1595996585.0762818,316.3261896812594,120.12423102494836,0
1595996585.086276,318.1251579963839,120.12423102494836,0
1595996585.0962849,319.92674414750695,120.12423102494836,0
1595996585.1062903,321.72772948381066,120.12423102494836,0
1595996585.1162732,323.52463786241174,120.12423102494836,0
1595996585.1262805,325.32596652146935,120.12423102494836,0
1595996585.1362746,327.1248919212496,120.12423102494836,0
1595996585.146276,328.9251476967013,120.12423102494836,0
1595996585.1562734,330.7246739113009,120.12423102494836,0
1595996585.166278,332.52548758622765,120.12423102494836,0
1595996585.1762908,334.32780329820275,120.12423102494836,0
1595996585.186278,336.12552706834435,120.12423102494836,0
1595996585.1962802,337.92591158982873,120.12423102494836,0
1595996585.2062752,339.72500865098596,120.12423102494836,0
1595996585.216277,341.52530734178185,120.12423102494836,0
1595996585.226278,343.3255202018893,120.12423102494836,0
1595996585.2362812,345.1260763847506,120.12423102494836,0
1595996585.2462876,346.92723338243127,120.12423102494836,0
1595996585.256274,348.7247854911959,120.12423102494836,0
1595996585.266282,350.52624289628625,120.12423102494836,0
1595996585.2762697,352.3240095817721,120.12423102494836,0
1595996585.2862859,354.1269261085665,120.12423102494836,0
1595996585.2962735,355.92469279405236,120.12423102494836,0
1595996585.3062754,357.7250344001925,120.12423102494836,0
1595996585.316289,359.5274788582003,120.12423102494836,0
1595996585.3189158,360,120.12423102494836,1
1595996585.326277,361.3253313743746,120.12423102494836,0
1595996585.326497,361.36494223710656,120.12423102494836,0
1595996585.326497,360.40948267113197,119.16877145897377,0
1595996585.327865,360.655688001027,119.16877145897377,0
1595996585.327865,360.1967064003081,118.70978985825488,0
1595996585.336291,361.71342049637747,118.70978985825488,0
1595996585.3462722,363.5100284675689,118.70978985825488,0
1595996585.3562737,365.31028424302053,118.70978985825488,0
1595996585.3662763,367.1107545951934,118.70978985825488,0
1595996585.376272,368.9099804023833,118.70978985825488,0
1595996585.3862839,370.71212445298147,118.70978985825488,0
1595996585.39627,372.5096336464019,118.70978985825488,0
1595996585.4062731,374.3101898292632,118.70978985825488,0
1595996585.4162908,376.1133638481231,118.70978985825488,0
1595996585.4262784,377.9111305336089,118.70978985825488,0
1595996585.4362772,379.71091424027395,118.70978985825488,0
1595996585.446271,381.50979672471,118.70978985825488,0
1595996585.4562764,383.3107820610137,118.70978985825488,0
1595996585.4662714,385.1098791221709,118.70978985825488,0
1595996585.4762833,386.91202317276907,118.70978985825488,0
1595996585.486277,388.7109056572051,118.70978985825488,0
1595996585.4962757,390.5106464485259,118.70978985825488,0
1595996585.50627,392.3096147636504,118.70978985825488,0
1595996585.5162778,394.1110292533965,118.70978985825488,0
1595996585.526289,395.91304455796194,118.70978985825488,0
1595996585.5362844,397.71222744980764,118.70978985825488,0
1595996585.5462751,399.5105520347686,118.70978985825488,0
1595996585.5562844,401.3122240165801,118.70978985825488,0
1595996585.5662837,403.1120935539336,118.70978985825488,0
1595996585.5762804,404.9114910225005,118.70978985825488,0
1595996585.586274,406.7103305915923,118.70978985825488,0
1595996585.5962827,408.51191674271536,118.70978985825488,0
1595996585.6062882,410.31290207901907,118.70978985825488,0
1595996585.6162763,412.1107545951934,118.70978985825488,0
1595996585.6262844,413.9122120002837,118.70978985825488,0
1595996585.636279,415.7112661460967,118.70978985825488,0
1595996585.6462846,417.5122514824004,118.70978985825488,0
1595996585.6562712,419.3098465065093,118.70978985825488,0
1595996585.6662722,421.1100164512725,118.70978985825488,0
1595996585.6762714,422.909885988626,118.70978985825488,0
1595996585.6862876,424.71280251542044,118.70978985825488,0
1595996585.6962836,426.5120712379546,118.70978985825488,0
1595996585.706277,428.3108678917022,118.70978985825488,0
1595996585.7162898,430.11318360367727,118.70978985825488,0
1595996585.7262802,431.91146527329397,118.70978985825488,0
1595996585.7362704,433.70970402756643,118.70978985825488,0
1595996585.7462857,435.5124488929839,118.70978985825488,0
1595996585.7562797,437.3113742927642,118.70978985825488,0
1595996585.766279,439.1112438301177,118.70978985825488,0
1595996585.7762787,440.9111991981597,118.70978985825488,0
1595996585.7862864,442.71257077256155,118.70978985825488,0
1595996585.7962894,444.5131269554229,118.70978985825488,0
1595996585.806284,446.3121381858916,118.70978985825488,0
1595996585.8162715,448.10990487137747,118.70978985825488,0
1595996585.8262868,449.91264973679495,118.70978985825488,0
1595996585.8362868,451.7126480201812,118.70978985825488,0
1595996585.846272,453.50998555222463,118.70978985825488,0
1595996585.8562887,455.31298790970754,118.70978985825488,0
1595996585.8662694,457.1095100502105,118.70978985825488,0
1595996585.8762777,458.91101037064504,118.70978985825488,0
1595996585.886288,460.7128540138335,118.70978985825488,0
1595996585.896286,462.51250897446585,118.70978985825488,0
1595996585.906269,464.30946026841116,118.70978985825488,0
1595996585.9162757,466.11066018143606,118.70978985825488,0
1595996585.926274,467.9103580574126,118.70978985825488,0
1595996585.9362893,469.7131029228301,118.70978985825488,0
1595996585.9462857,471.51245747605276,118.70978985825488,0
1595996585.956271,473.3097950080962,118.70978985825488,0
1595996585.9662771,475.11090909043264,118.70978985825488,0
1595996585.9762769,476.91086445847463,118.70978985825488,0
1595996585.9862814,478.7116781334014,118.70978985825488,0
1595996585.9862814,0,118.70978985825488,0
1595996585.9962833,120.51013146439502,118.70978985825488,0
1595996586.0062866,122.31073056260058,118.70978985825488,0
1595996586.0162833,124.11012803116748,118.70978985825488,0
1595996586.026302,125.91351662674853,118.70978985825488,0
1595996586.0362995,127.71304284134814,118.70978985825488,0
1595996586.0463014,129.51338444748828,118.70978985825488,0
1595996586.056296,131.31243859330127,118.70978985825488,0
1595996586.0662978,133.11273728409716,118.70978985825488,0
1595996586.0762856,134.91054688492724,118.70978985825488,0
1595996586.086287,136.7108026603789,118.70978985825488,0
1595996586.0962985,138.51286088028857,118.70978985825488,0
1595996586.1063004,140.3132024864287,118.70978985825488,0
1595996586.1162963,142.1124712089629,118.70978985825488,0
1595996586.1262991,143.91298447647998,118.70978985825488,0
1595996586.1362984,145.7128540138335,118.70978985825488,0
1595996586.146297,147.5125948051543,118.70978985825488,0
1595996586.1563003,149.31319390335986,118.70978985825488,0
1595996586.1662986,151.11289177933642,118.70978985825488,0
1595996586.1762884,152.9110447029204,118.70978985825488,0
1595996586.1863022,154.71353207627246,118.70978985825488,0
1595996586.1962988,156.51292954483935,118.70978985825488,0
1595996586.2062857,158.31056748429248,118.70978985825488,0
1595996586.2163012,160.1133552650542,118.70978985825488,0
1595996586.2262907,161.91146527329394,118.70978985825488,0
1595996586.236288,163.71099148789355,118.70978985825488,0
1595996586.2462842,165.51030312577197,118.70978985825488,0
1595996586.2562954,167.3123184303374,118.70978985825488,0
1595996586.266301,169.1133037666411,118.70978985825488,0
1595996586.2762897,170.91128502884814,118.70978985825488,0
1595996586.2862945,172.71214161911914,118.70978985825488,0
1595996586.296285,174.51042328873584,118.70978985825488,0
1595996586.3062854,176.31050740281054,118.70978985825488,0
1595996586.316281,178.10973321000048,118.70978985825488,0
1595996586.3262827,179.91003190079638,118.70978985825488,0
1595996586.3362947,181.71217595139453,118.70978985825488,0
1595996586.346285,183.51045762101123,118.70978985825488,0
1595996586.3562968,185.31255875626513,118.70978985825488,0
1595996586.3662887,187.11109791794726,118.70978985825488,0
1595996586.376284,188.91023789444873,118.70978985825488,0
1595996586.3862925,190.71178113022754,118.70978985825488,0
1595996586.3962965,192.51250897446582,118.70978985825488,0
1595996586.4062886,194.31109105149218,118.70978985825488,0
1595996586.41629,196.11134682694384,118.70978985825488,0
1595996586.426297,197.91258965531298,118.70978985825488,0
1595996586.4362917,199.71164380112597,118.70978985825488,0
1595996586.4462833,201.51014004746386,118.70978985825488,0
1595996586.4562998,203.31309948960254,118.70978985825488,0
1595996586.466299,205.11296902695605,118.70978985825488,0
1595996586.4762852,206.91047822037646,118.70978985825488,0
1595996586.4862924,208.71176396408984,118.70978985825488,0
1595996586.4962962,210.51244889298388,118.70978985825488,0
1595996586.5062835,212.31017266312548,118.70978985825488,0
1595996586.5162964,214.11248837510058,118.70978985825488,0
1595996586.526283,215.91008339920947,118.70978985825488,0
1595996586.5362852,217.71046792069384,118.70978985825488,0
1595996586.546296,219.5123973945708,118.70978985825488,0
1595996586.5562859,221.31059323349902,118.70978985825488,0
1595996586.5662954,223.11230813065478,118.70978985825488,0
1595996586.5762851,224.91046105423877,118.70978985825488,0
1595996586.586295,226.71221886673877,118.70978985825488,0
1595996586.5962818,228.5098568061919,118.70978985825488,0
1595996586.6062872,230.3108421424956,118.70978985825488,0
1595996586.6162834,232.11015378037402,118.70978985825488,0
1595996586.626289,233.91113911667773,118.70978985825488,0
1595996586.6362932,235.71190987626025,118.70978985825488,0
1595996586.6462824,237.50997696915576,118.70978985825488,0
1595996586.6562963,239.3124643425078,118.70978985825488,0
1595996586.6662962,241.11246262589404,118.70978985825488,0
1595996586.6762989,242.9129329780669,118.70978985825488,0
1595996586.686281,244.70971261063525,118.70978985825488,0
1595996586.6962821,246.50992547074267,118.70978985825488,0
1595996586.7062948,248.31219826737353,118.70978985825488,0
1595996586.7162898,250.11129532853076,118.70978985825488,0
1595996586.7262812,251.9097486595244,118.70978985825488,0
1595996586.7363007,253.71326600113818,118.70978985825488,0
1595996586.7462964,255.51249180832812,118.70978985825488,0
1595996586.7562923,257.31176053086233,118.70978985825488,0
1595996586.7662923,259.11175881424856,118.70978985825488,0
1595996586.7762854,260.9105125526519,118.70978985825488,0
1595996586.7862968,262.71257077256155,118.70978985825488,0
1595996586.7962933,264.5119253257842,118.70978985825488,0
1595996586.8062935,266.3119665245147,118.70978985825488,0
1595996586.8162901,268.11136399308157,118.70978985825488,0
1595996586.8262823,269.90994607010794,118.70978985825488,0
1595996586.836301,271.713334665689,118.70978985825488,0
1595996586.8462956,273.51234589615774,118.70978985825488,0
1595996586.856282,275.3098980049224,118.70978985825488,0
1595996586.8662903,277.11139832535696,118.70978985825488,0
1595996586.8762913,278.91156827012014,118.70978985825488,0
1595996586.8862839,280.710236177835,118.70978985825488,0
1595996586.8962991,282.51298104325247,118.70978985825488,0
1595996586.9062939,284.31203518906545,118.70978985825488,0
1595996586.916296,286.11241971054983,118.70978985825488,0
1595996586.9262896,287.9112592796416,118.70978985825488,0
1595996586.9362996,289.71306000748586,118.70978985825488,0
1595996586.9462929,291.5118566612334,118.70978985825488,0
1595996586.956293,293.3118978599639,118.70978985825488,0
1595996586.966296,295.112411127481,118.70978985825488,0
1595996586.9762862,296.91064988175344,118.70978985825488,0
1595996586.9863014,298.7133947471709,118.70978985825488,0
1595996586.9962823,300.5099598030181,118.70978985825488,0
1595996587.0063004,302.31321965256643,118.70978985825488,0
1595996587.016292,304.1117158989043,118.70978985825488,0
1595996587.0262933,305.91192875901174,118.70978985825488,0
1595996587.0362825,307.70999585190725,118.70978985825488,0
1595996587.0462923,309.51175366440725,118.70978985825488,0
1595996587.0562906,311.3114515403838,118.70978985825488,0
1595996587.0662818,313.1098619560332,118.70978985825488,0
1595996587.0762908,314.9114910225005,118.70978985825488,0
1595996587.086284,316.71024476090383,118.70978985825488,0
1595996587.0962946,318.5121742347808,118.70978985825488,0
1595996587.1062822,320.3099409202666,118.70978985825488,0
1595996587.116291,322.1115270713897,118.70978985825488,0
1595996587.1262815,323.9098087410064,118.70978985825488,0
1595996587.1362994,325.7130256752105,118.70978985825488,0
1595996587.146287,327.5107923606963,118.70978985825488,0
1595996587.1562986,329.3128934959502,118.70978985825488,0
1595996587.1662817,331.10984478989553,118.70978985825488,0
1595996587.176294,332.91207467118215,118.70978985825488,0
1595996587.1862807,334.70966969529104,118.70978985825488,0
1595996587.1962934,336.5119424919219,118.70978985825488,0
1595996587.2062936,338.31198369065237,118.70978985825488,0
1595996587.2162905,340.1114240745635,118.70978985825488,0
1595996587.2262838,341.91022072831106,118.70978985825488,0
1595996587.2363014,343.7133947471709,118.70978985825488,0
1595996587.2463,345.5131355384917,118.70978985825488,0
1595996587.2562878,347.3109451393218,118.70978985825488,0
1595996587.2662814,349.1097847084136,118.70978985825488,0
1595996587.2762911,350.9115425209136,118.70978985825488,0
1595996587.2862804,352.7096096138091,118.70978985825488,0
1595996587.2962945,354.5121399025054,118.70978985825488,0
1595996587.3062952,356.31226693192434,118.70978985825488,0
1595996587.3162875,358.11089192429495,118.70978985825488,0
1595996587.3262956,359.9123493293853,118.70978985825488,0
1595996587.3267894,360,118.70978985825488,1
1595996587.3362846,361.71037350693655,118.70978985825488,0
1595996587.3442163,363.1380811790557,118.70978985825488,0
1595996587.3442163,360.9414243537167,116.5131330329159,0
1595996587.3463001,361.31650446235926,116.5131330329159,0
1595996587.3562841,363.1136274176815,116.5131330329159,0
1595996587.3662899,364.9146556693295,116.5131330329159,0
1595996587.3718252,365.91102121650965,116.5131330329159,0
1595996587.3718252,361.7733063649529,112.37541818135915,0
1595996587.3762937,362.57762574666674,112.37541818135915,0
1595996587.3862858,364.3762078236931,112.37541818135915,0
1595996587.3962913,366.1771931599968,112.37541818135915,0
1595996587.4062865,367.9763331364983,112.37541818135915,0
1595996587.416284,369.77590226644213,112.37541818135915,0
1595996587.426289,371.57680177205737,112.37541818135915,0
1595996587.4363008,373.37890290731127,112.37541818135915,0
1595996587.446299,375.17860078328783,112.37541818135915,0
1595996587.4562848,376.97602414601977,112.37541818135915,0
1595996587.466299,378.7785973500603,112.37541818135915,0
1595996587.4762812,380.57537698262865,112.37541818135915,0
1595996587.4862943,382.377735609948,112.37541818135915,0
1595996587.4962945,384.17777680867846,112.37541818135915,0
1595996587.5062823,385.97558640950854,112.37541818135915,0
1595996587.516297,387.77824544423754,112.37541818135915,0
1595996587.5262847,389.5760121297234,112.37541818135915,0
1595996587.5362968,391.37819909566576,112.37541818135915,0
1595996587.5462842,393.17592286580737,112.37541818135915,0
1595996587.5562947,394.9778094243401,112.37541818135915,0
1595996587.5662935,396.7775931310051,112.37541818135915,0
1595996587.5762813,398.5754027318352,112.37541818135915,0
1595996587.5863004,400.3788342427605,112.37541818135915,0
1595996587.596283,402.1756997060173,112.37541818135915,0
1595996587.6062992,403.97861623281176,112.37541818135915,0
1595996587.616287,405.77642583364184,112.37541818135915,0
1595996587.6262825,407.57560872548754,112.37541818135915,0
1595996587.6362965,409.37813901418383,112.37541818135915,0
1595996587.6462815,411.17543363088305,112.37541818135915,0
1595996587.656289,412.9768052052849,112.37541818135915,0
1595996587.6662955,414.77796220296557,112.37541818135915,0
1595996587.6762896,416.57688760274584,112.37541818135915,0
1595996587.6862884,418.3766713094109,112.37541818135915,0
1595996587.6962914,420.1772274922722,112.37541818135915,0
1595996587.7063,421.978770728051,112.37541818135915,0
1595996587.7162979,423.7783827733391,112.37541818135915,0
1595996587.726298,425.5784239720696,112.37541818135915,0
1595996587.736281,427.37533235067065,112.37541818135915,0
1595996587.7462845,429.17597436422045,112.37541818135915,0
1595996587.7562923,430.97738885396654,112.37541818135915,0
1595996587.7662854,432.77614259236987,112.37541818135915,0
1595996587.7762988,434.57854413503344,112.37541818135915,0
1595996587.7862837,436.37583875173266,112.37541818135915,0
1595996587.7962937,438.1776394795769,112.37541818135915,0
1595996587.8062837,439.9758353185051,112.37541818135915,0
1595996587.8162801,441.7751898717278,112.37541818135915,0
1595996587.8262951,443.577891821801,112.37541818135915,0
1595996587.8362854,445.3761305760735,112.37541818135915,0
1595996587.8463,447.17874669545824,112.37541818135915,0
1595996587.8562946,448.97780084127123,112.37541818135915,0
1595996587.8662834,450.77578210347826,112.37541818135915,0
1595996587.8762884,452.5766816090935,112.37541818135915,0
1595996587.8862913,454.3771948766106,112.37541818135915,0
1595996587.896282,456.1755194615715,112.37541818135915,0
1595996587.9062808,457.97530316823656,112.37541818135915,0
1595996587.9162996,459.7786917638176,112.37541818135915,0
1595996587.9263008,461.57890462392504,112.37541818135915,0
1595996587.9362867,463.3763709020012,112.37541818135915,0
1595996587.9462802,465.175210471093,112.37541818135915,0
1595996587.956289,466.97679662221606,112.37541818135915,0
1595996587.966297,468.77821111196215,112.37541818135915,0
1595996587.9762952,470.5779089879387,112.37541818135915,0
1595996587.9862986,472.3785080861443,112.37541818135915,0
1595996587.9862986,0,112.37541818135915,0
1595996587.9963055,114.17666100972829,112.37541818135915,0
1595996588.0063121,115.9778609227532,112.37541818135915,0
1595996588.0163143,117.77824544423757,112.37541818135915,0
1595996588.0263052,119.57661294454275,112.37541818135915,0
1595996588.0363026,121.37613915914235,112.37541818135915,0
1595996588.0463026,123.17613744252859,112.37541818135915,0
1595996588.0563045,124.97647904866872,112.37541818135915,0
1595996588.0663066,126.7768635701531,112.37541818135915,0
1595996588.0763004,128.57574605458913,112.37541818135915,0
1595996588.0862992,130.37552976125417,112.37541818135915,0
1595996588.096304,132.17638635152517,112.37541818135915,0
1595996588.106318,133.97891664022146,112.37541818135915,0
1595996588.1163068,135.7768979024285,112.37541818135915,0
1595996588.126312,137.57784032338796,112.37541818135915,0
1595996588.1363103,139.37753819936452,112.37541818135915,0
1595996588.1463046,141.17650651448903,112.37541818135915,0
1595996588.1563148,142.9783501576775,112.37541818135915,0
1595996588.1663034,144.7762885045403,112.37541818135915,0
1595996588.1763144,146.5782608937615,112.37541818135915,0
1595996588.1863017,148.3759846639031,112.37541818135915,0
1595996588.1963055,150.17666959279714,112.37541818135915,0
1595996588.2063155,151.97847032064138,112.37541818135915,0
1595996588.2163126,153.77795361989675,112.37541818135915,0
1595996588.2263184,155.5789818715447,112.37541818135915,0
1595996588.2363083,157.37717771047292,112.37541818135915,0
1595996588.2463174,159.1788067769402,112.37541818135915,0
1595996588.2563179,160.9788908910149,112.37541818135915,0
1595996588.2663069,162.77691506856618,112.37541818135915,0
1595996588.2763004,164.57575463765798,112.37541818135915,0
1595996588.2863169,166.37871407979665,112.37541818135915,0
1595996588.2963066,168.17686700338064,112.37541818135915,0
1595996588.3063,169.9756636571282,112.37541818135915,0
1595996588.316316,171.7785372685784,112.37541818135915,0
1595996588.3263118,173.57780599111257,112.37541818135915,0
1595996588.3363073,175.37698888295827,112.37541818135915,0
1595996588.3463025,177.17612885945974,112.37541818135915,0
1595996588.3563023,178.97608422750173,112.37541818135915,0
1595996588.3663034,180.77629708760915,112.37541818135915,0
1595996588.3762994,182.57556581014333,112.37541818135915,0
1595996588.3863013,184.37590741628347,112.37541818135915,0
1595996588.3963068,186.17689275258718,112.37541818135915,0
1595996588.4062986,187.9754319142693,112.37541818135915,0
1595996588.4163158,189.7785201024407,112.37541818135915,0
1595996588.4263124,191.5779175710076,112.37541818135915,0
1595996588.4363174,193.37881707662282,112.37541818135915,0
1595996588.4463067,195.17688416951833,112.37541818135915,0
1595996588.4563084,196.97718286031423,112.37541818135915,0
1595996588.4663122,198.77786778920827,112.37541818135915,0
1595996588.4763136,200.57812356465993,112.37541818135915,0
1595996588.486318,202.3789372395867,112.37541818135915,0
1595996588.4963136,204.1781201314324,112.37541818135915,0
