Timestamp,Phase,Heading,Ping?
1595877925.01014,91.61164119013318,89.8088963247157,0
1595877925.0201385,93.41138198145399,89.8088963247157,0
1595877925.0301366,95.21103694208631,89.8088963247157,0
1595877925.0401313,97.0100910878993,89.8088963247157,0
1595877925.050132,98.81021811731824,89.8088963247157,0
1595877925.060139,100.61146094568738,89.8088963247157,0
1595877925.0701282,102.40952803858289,89.8088963247157,0
1595877925.0801277,104.20944049128065,89.8088963247157,0
1595877925.0901315,106.01012542017469,89.8088963247157,0
1595877925.1001275,107.80939414270887,89.8088963247157,0
1595877925.1101441,109.61239650019178,89.8088963247157,0
1595877925.1201348,111.41072108515272,89.8088963247157,0
1595877925.130128,113.20947482355604,89.8088963247157,0
1595877925.1401362,115.0109751439906,89.8088963247157,0
1595877925.1501381,116.81131675013074,89.8088963247157,0
1595877925.1601286,118.60959841974744,89.8088963247157,0
1595877925.1701345,120.41066958673963,89.8088963247157,0
1595877925.1801286,122.2095949865199,89.8088963247157,0
1595877925.1901438,124.01233985193738,89.8088963247157,0
1595877925.2001383,125.81135108240613,89.8088963247157,0
1595877925.210137,127.61109187372693,89.8088963247157,0
1595877925.2201338,129.41053225763807,89.8088963247157,0
1595877925.2301316,131.21014430292615,89.8088963247157,0
1595877925.2401438,133.01233126886854,89.8088963247157,0
1595877925.250128,134.80949713953504,89.8088963247157,0
1595877925.2601292,136.60970999964246,89.8088963247157,0
1595877925.2701373,138.4111674047328,89.8088963247157,0
1595877925.280139,140.2114660955287,89.8088963247157,0
1595877925.2901287,142.00961901911268,89.8088963247157,0
1595877925.3001313,143.81008937128553,89.8088963247157,0
1595877925.310129,145.60965850122938,89.8088963247157,0
1595877925.3201416,147.41193129786024,89.8088963247157,0
1595877925.330137,149.21111418970594,89.8088963247157,0
1595877925.3401372,151.0111553884364,89.8088963247157,0
1595877925.3501332,152.8104241109706,89.8088963247157,0
1595877925.3601427,154.61213900812635,89.8088963247157,0
1595877925.3701375,156.41119315393934,89.8088963247157,0
1595877925.372702,156.8727905965663,89.8088963247157,0
1595877925.372702,109.81095341759641,42.747059145745816,0
1595877925.3801317,111.14832429009397,42.747059145745816,0
1595877925.3901348,112.9488804729553,42.747059145745816,0
1595877925.4001355,114.74900750237424,42.747059145745816,0
1595877925.4101415,116.55007866936643,42.747059145745816,0
1595877925.4201422,118.35020569878537,42.747059145745816,0
1595877925.4301376,120.14938859063108,42.747059145745816,0
1595877925.4401257,121.9472411068054,42.747059145745816,0
1595877925.4501374,123.7493422420593,42.747059145745816,0
1595877925.460137,125.54925469475705,42.747059145745816,0
1595877925.4701285,127.34775094109494,42.747059145745816,0
1595877925.4801283,129.14770630913694,42.747059145745816,0
1595877925.4901385,130.9495499523254,42.747059145745816,0
1595877925.500128,132.74765996056516,42.747059145745816,0
1595877925.510144,134.55053357201535,42.747059145745816,0
1595877925.520137,136.34928731041867,42.747059145745816,0
1595877925.5301368,138.14924267846067,42.747059145745816,0
1595877925.540141,139.9500134380432,42.747059145745816,0
1595877925.5501392,141.7496683986755,42.747059145745816,0
1595877925.5601425,143.55026749688108,42.747059145745816,0
1595877925.5701416,145.35009411889035,42.747059145745816,0
1595877925.5801375,147.14936284142453,42.747059145745816,0
1595877925.5901334,148.9486315639587,42.747059145745816,0
1595877925.6001375,150.749359408197,42.747059145745816,0
1595877925.6101367,152.5492289455505,42.747059145745816,0
1595877925.6201267,154.34742478447873,42.747059145745816,0
1595877925.630124,156.14695099907834,42.747059145745816,0
1595877925.640128,157.94763592797239,42.747059145745816,0
1595877925.650124,159.7469475658508,42.747059145745816,0
1595877925.6601336,161.54866246300656,42.747059145745816,0
1595877925.670129,163.34784535485227,42.747059145745816,0
1595877925.680131,165.1481869609924,42.747059145745816,0
1595877925.6901407,166.9499447734924,42.747059145745816,0
1595877925.7001371,168.74929932671506,42.747059145745816,0
1595877925.7101305,170.54809598046262,42.747059145745816,0
1595877925.7201328,172.34852341729123,42.747059145745816,0
1595877925.7301295,174.14792088585813,42.747059145745816,0
1595877925.7401257,175.94723252373655,42.747059145745816,0
1595877925.750132,177.7483895214172,42.747059145745816,0
1595877925.7601328,179.54851655083615,42.747059145745816,0
1595877925.7701435,181.3504460247131,42.747059145745816,0
1595877925.7801301,183.148041048822,42.747059145745816,0
1595877925.7901278,184.94761017876584,42.747059145745816,0
1595877925.800134,186.74872426110227,42.747059145745816,0
1595877925.8101285,188.54773549157102,42.747059145745816,0
1595877925.8201263,190.3473475368591,42.747059145745816,0
1595877925.830126,192.1473029049011,42.747059145745816,0
1595877925.840128,193.94764451104123,42.747059145745816,0
1595877925.8501365,195.74918774682004,42.747059145745816,0
1595877925.8601372,197.549314776239,42.747059145745816,0
1595877925.8701384,199.3495276363464,42.747059145745816,0
1595877925.8801334,201.14862469750364,42.747059145745816,0
1595877925.890124,202.94694928246457,42.747059145745816,0
1595877925.9001238,204.74690465050656,42.747059145745816,0
1595877925.91013,206.548018732843,42.747059145745816,0
1595877925.9201434,208.35042027550656,42.747059145745816,0
1595877925.930132,210.14835862236936,42.747059145745816,0
1595877925.940133,211.94857148247678,42.747059145745816,0
1595877925.9501305,213.7480976970764,42.747059145745816,0
1595877925.960133,215.54856804924924,42.747059145745816,0
1595877925.9701278,217.34762219506223,42.747059145745816,0
1595877925.980137,219.14929417687375,42.747059145745816,0
1595877925.9901273,220.9475329311462,42.747059145745816,0
1595877926.0001423,222.75023488121946,42.747059145745816,0
1595877926.010128,224.5476582439514,42.747059145745816,0
1595877926.020135,226.34890107232053,42.747059145745816,0
1595877926.0301397,228.14975766259153,42.747059145745816,0
1595877926.040132,229.94838265496213,42.747059145745816,0
1595877926.050135,231.74889592247922,42.747059145745816,0
1595877926.0601315,233.54829339104612,42.747059145745816,0
1595877926.0701385,235.34953621941526,42.747059145745816,0
1595877926.0801237,237.1468737514587,42.747059145745816,0
1595877926.090139,238.9496186168762,42.747059145745816,0
1595877926.1001315,240.74828652459104,42.747059145745816,0
1595877926.1101239,242.54691151696164,42.747059145745816,0
1595877926.1201282,244.34768227654416,42.747059145745816,0
1595877926.130125,246.1471226604553,42.747059145745816,0
1595877926.1401362,247.94913796502073,42.747059145745816,0
1595877926.1501389,249.74960831719358,42.747059145745816,0
1595877926.160133,251.54853371697385,42.747059145745816,0
1595877926.170132,253.34836033898313,42.747059145745816,0
1595877926.1801376,255.14938859063108,42.747059145745816,0
1595877926.1901333,256.948614397821,42.747059145745816,0
1595877926.20014,258.7498143108459,42.747059145745816,0
1595877926.2101297,260.5479672344299,42.747059145745816,0
1595877926.2201252,262.3471501262756,42.747059145745816,0
1595877926.23013,264.1480067165466,42.747059145745816,0
1595877926.240136,265.9490778835388,42.747059145745816,0
1595877926.2501311,267.74821786004026,42.747059145745816,0
1595877926.2601352,269.54894570427854,42.747059145745816,0
1595877926.270134,271.3487294109436,42.747059145745816,0
1595877926.280137,273.1492855938049,42.747059145745816,0
1595877926.2901263,274.9473526867004,42.747059145745816,0
1595877926.3001342,276.7487671764465,42.747059145745816,0
1595877926.3101323,278.54842213707883,42.747059145745816,0
1595877926.320134,280.34872082787473,42.747059145745816,0
1595877926.3301404,282.1498778255554,42.747059145745816,0
1595877926.3401315,283.9482882412048,42.747059145745816,0
1595877926.3501265,285.74738530236203,42.747059145745816,0
1595877926.3601418,287.5501301677795,42.747059145745816,0
1595877926.370143,289.35034302788694,42.747059145745816,0
1595877926.3801394,291.1496975811096,42.747059145745816,0
1595877926.390133,292.9485371502014,42.747059145745816,0
1595877926.4001288,294.74780587273557,42.747059145745816,0
1595877926.4101312,296.5482333095642,42.747059145745816,0
1595877926.4201353,298.34896115380246,42.747059145745816,0
1595877926.4301322,300.1484015377136,42.747059145745816,0
1595877926.4401393,301.949687281427,42.747059145745816,0
1595877926.4501352,303.74895600396115,42.747059145745816,0
1595877926.4601378,305.549426356134,42.747059145745816,0
1595877926.4701273,307.34753636437375,42.747059145745816,0
1595877926.4801383,309.14950875359494,42.747059145745816,0
1595877926.4901307,310.94813374596555,42.747059145745816,0
1595877926.500128,312.74765996056516,42.747059145745816,0
1595877926.5101404,314.5498898418518,42.747059145745816,0
1595877926.5201426,316.35027436333615,42.747059145745816,0
1595877926.5301282,318.1476977260681,42.747059145745816,0
1595877926.5401354,319.94898346978147,42.747059145745816,0
1595877926.5501397,321.749754229364,42.747059145745816,0
1595877926.5601332,323.5485937984558,42.747059145745816,0
1595877926.5701382,325.349493304071,42.747059145745816,0
1595877926.5801294,327.14790371972043,42.747059145745816,0
1595877926.5901408,328.9499619396301,42.747059145745816,0
1595877926.6001232,330.7467844875427,42.747059145745816,0
1595877926.6101308,332.54815606194455,42.747059145745816,0
1595877926.6201408,334.3499567897888,42.747059145745816,0
1595877926.6301298,336.14798096734006,42.747059145745816,0
1595877926.640142,337.95016793328244,42.747059145745816,0
1595877926.6501398,339.74977997857053,42.747059145745816,0
1595877926.6601324,341.5484478862854,42.747059145745816,0
1595877926.6701322,343.34840325432737,42.747059145745816,0
1595877926.6801333,345.1486161144348,42.747059145745816,0
1595877926.69013,346.9480135830017,42.747059145745816,0
1595877926.7001388,348.74959973412473,42.747059145745816,0
1595877926.7101295,350.54792431908567,42.747059145745816,0
1595877926.7201374,352.34933880883176,42.747059145745816,0
1595877926.7301414,354.15006665307004,42.747059145745816,0
1595877926.7401392,355.9496786983581,42.747059145745816,0
1595877926.7501266,357.74740246849973,42.747059145745816,0
1595877926.7601352,359.54894570427854,42.747059145745816,0
1595877926.7626474,360,42.747059145745816,1
1595877926.7626474,0,42.747059145745816,0
1595877927.010145,44.549546519097866,42.747059145745816,0
1595877927.0201435,46.34928731041867,42.747059145745816,0
1595877927.030144,48.149371424493374,42.747059145745816,0
1595877927.0401356,49.947867670831265,42.747059145745816,0
1595877927.0501323,51.74726513939816,42.747059145745816,0
1595877927.0601497,53.550396242913784,42.747059145745816,0
1595877927.0701437,55.34932164269406,42.747059145745816,0
1595877927.0801375,57.14820412713009,42.747059145745816,0
1595877927.0901475,58.95000485497433,42.747059145745816,0
1595877927.100134,60.74755696373898,42.747059145745816,0
1595877927.110139,62.548456469354214,42.747059145745816,0
1595877927.1201339,64.34755353051145,42.747059145745816,0
1595877927.130136,66.14793805199582,42.747059145745816,0
1595877927.1401494,67.9503395946594,42.747059145745816,0
1595877927.1501408,69.74879292565305,42.747059145745816,0
1595877927.160148,71.55007866936643,42.747059145745816,0
1595877927.1701326,73.34733037072141,42.747059145745816,0
1595877927.1801438,75.14934567528684,42.747059145745816,0
1595877927.1901343,76.94762734490354,42.747059145745816,0
1595877927.19285,77.4364760311218,42.747059145745816,0
1595877927.19285,54.20553322178526,19.516116336409276,0
1595877927.2001395,55.51762695652646,19.516116336409276,0
1595877927.2101474,57.31904144627256,19.516116336409276,0
1595877927.2201312,59.116121486250584,19.516116336409276,0
1595877927.2301455,60.91869469029111,19.516116336409276,0
1595877927.2401452,62.718650058333104,19.516116336409276,0
1595877927.2501361,64.51701755863829,19.516116336409276,0
1595877927.260135,66.31680126530333,19.516116336409276,0
1595877927.2701354,68.11688537937803,19.516116336409276,0
1595877927.2801466,69.91890068394346,19.516116336409276,0
1595877927.2901394,71.71761150700254,19.516116336409276,0
1595877927.3001344,73.51670856815977,19.516116336409276,0
1595877927.3101323,75.31632061344786,19.516116336409276,0
1595877927.3201334,77.11653347355528,19.516116336409276,0
1595877927.3301394,78.91760464054747,19.516116336409276,0
1595877927.3401403,80.71777458531065,19.516116336409276,0
1595877927.3501494,82.51940365177794,19.516116336409276,0
1595877927.3601341,84.31665535313292,19.516116336409276,0
1595877927.370148,86.11914272648497,19.516116336409276,0
1595877927.3801463,87.91884060246153,19.516116336409276,0
1595877927.3901331,89.71647854191465,19.516116336409276,0
1595877927.4001403,91.51776428562803,19.516116336409276,0
1595877927.4101455,93.3187067065875,19.516116336409276,0
1595877927.4201422,95.1181041751544,19.516116336409276,0
1595877927.4301405,96.91780205113096,19.516116336409276,0
1595877927.4401317,98.71621246678038,19.516116336409276,0
1595877927.4501352,100.51685448033018,19.516116336409276,0
1595877927.460147,102.31895561558409,19.516116336409276,0
1595877927.4701366,104.11710853916807,19.516116336409276,0
1595877927.480136,105.91697807652159,19.516116336409276,0
1595877927.4901454,107.71869297367735,19.516116336409276,0
1595877927.5001423,109.51813335758848,19.516116336409276,0
1595877927.5101495,111.31941910130186,19.516116336409276,0
1595877927.5201411,113.11791534763975,19.516116336409276,0
1595877927.5301328,114.91641159397764,19.516116336409276,0
1595877927.540137,116.71718235356016,19.516116336409276,0
1595877927.5501375,118.51726646763487,19.516116336409276,0
1595877927.5601346,120.31674976689024,19.516116336409276,0
1595877927.570136,122.1170055423419,19.516116336409276,0
1595877927.580137,123.91717548710508,19.516116336409276,0
1595877927.5901423,125.71811790806456,19.516116336409276,0
1595877927.60014,127.51772995335264,19.516116336409276,0
1595877927.6101449,129.31858654362364,19.516116336409276,0
1595877927.6201448,131.11858482700987,19.516116336409276,0
1595877927.6301465,132.91888351780577,19.516116336409276,0
1595877927.6401336,134.71656437260313,19.516116336409276,0
1595877927.650146,136.51879425388975,19.516116336409276,0
1595877927.660144,138.31844921452208,19.516116336409276,0
1595877927.6701422,140.1181041751544,19.516116336409276,0
1595877927.6801395,141.917630389754,19.516116336409276,0
1595877927.6901336,143.71655578953428,19.516116336409276,0
1595877927.7001398,145.5176698718707,19.516116336409276,0
1595877927.7101493,147.31938476902647,19.516116336409276,0
1595877927.7201352,149.11685104710264,19.516116336409276,0
1595877927.7301488,150.91929550511045,19.516116336409276,0
1595877927.740132,152.7162897144,19.516116336409276,0
1595877927.750134,154.51663132054014,19.516116336409276,0
1595877927.7601376,156.31727333408995,19.516116336409276,0
1595877927.7701435,158.11834450108213,19.516116336409276,0
1595877927.7801397,159.91765613896055,19.516116336409276,0
1595877927.7901464,161.71885605198545,19.516116336409276,0
1595877927.800136,163.51700897556944,19.516116336409276,0
1595877927.8101432,165.31829471928282,19.516116336409276,0
1595877927.8201363,167.11704845768614,19.516116336409276,0
1595877927.8301327,168.9164030109088,19.516116336409276,0
1595877927.8401303,170.71597214085264,19.516116336409276,0
1595877927.8501449,172.5185882602374,19.516116336409276,0
1595877927.8601453,174.31867237431211,19.516116336409276,0
1595877927.870149,176.11931438786192,19.516116336409276,0
1595877927.8801484,177.91922684055967,19.516116336409276,0
1595877927.890145,179.71862430912657,19.516116336409276,0
1595877927.900139,181.51754970890684,19.516116336409276,0
1595877927.910133,183.31643219334288,19.516116336409276,0
1595877927.920131,185.1160871539752,19.516116336409276,0
1595877927.9301436,186.91835995060606,19.516116336409276,0
1595877927.9401424,188.7181436572711,19.516116336409276,0
1595877927.9501317,190.5162107501666,19.516116336409276,0
1595877927.9601383,192.3174106631915,19.516116336409276,0
1595877927.9701352,194.11685104710264,19.516116336409276,0
1595877927.9801428,195.9182226215045,19.516116336409276,0
1595877927.990145,197.71860714298887,19.516116336409276,0
1595877928.0001447,199.51856251103086,19.516116336409276,0
1595877928.0101347,201.3167583499591,19.516116336409276,0
1595877928.0201378,203.11731453282042,19.516116336409276,0
1595877928.030134,204.91662617069883,19.516116336409276,0
1595877928.040149,206.71932812077208,19.516116336409276,0
1595877928.050133,208.51645107609434,19.516116336409276,0
1595877928.060144,210.31842346531553,19.516116336409276,0
1595877928.0701346,212.11674805027647,19.516116336409276,0
1595877928.080142,213.9180767093341,19.516116336409276,0
1595877928.0901442,215.71846123081846,19.516116336409276,0
1595877928.1001348,217.5167858157794,19.516116336409276,0
1595877928.1101465,219.3188869510333,19.516116336409276,0
1595877928.1201484,221.11922855717344,19.516116336409276,0
1595877928.1301389,222.91751022679014,19.516116336409276,0
1595877928.1401367,224.71712227207823,19.516116336409276,0
1595877928.1501338,226.5166055713336,19.516116336409276,0
1595877928.1601312,228.3161317859332,19.516116336409276,0
1595877928.1701431,230.11827583653135,19.516116336409276,0
1595877928.1801362,231.91702957493467,19.516116336409276,0
1595877928.1901455,233.7187015567462,19.516116336409276,0
1595877928.200133,235.51646824223204,19.516116336409276,0
1595877928.2101326,237.3163806949298,19.516116336409276,0
1595877928.220136,239.11697979313536,19.516116336409276,0
1595877928.230134,240.91663475376768,19.516116336409276,0
1595877928.2401493,242.71937961918516,19.516116336409276,0
1595877928.2501335,244.51654548985167,19.516116336409276,0
1595877928.2601345,246.31671543461485,19.516116336409276,0
1595877928.2701457,248.11873073918028,19.516116336409276,0
1595877928.2801354,249.91688366276426,19.516116336409276,0
1595877928.290141,251.7179119144122,19.516116336409276,0
1595877928.300142,253.5180818591754,19.516116336409276,0
1595877928.3101337,255.3165781055133,19.516116336409276,0
1595877928.320141,257.1179067645709,19.516116336409276,0
1595877928.3301322,258.9163171802203,19.516116336409276,0
1595877928.3401396,260.7176458392779,19.516116336409276,0
1595877928.3501468,262.5189315829913,19.516116336409276,0
1595877928.3601384,264.3174278293292,19.516116336409276,0
1595877928.3701398,266.11768360478084,19.516116336409276,0
1595877928.3801394,267.9175960574786,19.516116336409276,0
1595877928.390136,269.7169935260455,19.516116336409276,0
1595877928.4001381,271.51737804752986,19.516116336409276,0
1595877928.4101408,273.3178483997027,19.516116336409276,0
1595877928.4201343,275.1166879687945,19.516116336409276,0
1595877928.43014,276.91771622044246,19.516116336409276,0
1595877928.4401438,278.7184011493365,19.516116336409276,0
1595877928.4501402,280.51775570255916,19.516116336409276,0
1595877928.4601357,282.31693859440486,19.516116336409276,0
1595877928.4701362,284.11702270847957,19.516116336409276,0
1595877928.4801319,285.9162485156695,19.516116336409276,0
1595877928.490136,287.7169763599078,19.516116336409276,0
1595877928.5001354,289.51688881260554,19.516116336409276,0
1595877928.5101364,291.3170587573687,19.516116336409276,0
1595877928.5201337,293.11658497196834,19.516116336409276,0
1595877928.5301442,294.91847153050105,19.516116336409276,0
1595877928.540138,296.7173540149371,19.516116336409276,0
1595877928.550135,298.5167943988482,19.516116336409276,0
1595877928.560144,300.3184234653155,19.516116336409276,0
1595877928.5701373,302.11722011906306,19.516116336409276,0
1595877928.5801418,303.9180337939898,19.516116336409276,0
1595877928.5901349,305.71678753239314,19.516116336409276,0
1595877928.60014,307.5177299533526,19.516116336409276,0
1595877928.6101334,309.3165266071002,19.516116336409276,0
1595877928.620137,311.11716862065,19.516116336409276,0
1595877928.6301372,312.91720981938045,19.516116336409276,0
1595877928.6401374,314.7172510181109,19.516116336409276,0
1595877928.6501424,316.51815052372615,19.516116336409276,0
1595877928.6601446,318.3185350452105,19.516116336409276,0
1595877928.6701467,320.1189195666949,19.516116336409276,0
1595877928.6801443,321.91848869663875,19.516116336409276,0
1595877928.6901348,323.71677036625545,19.516116336409276,0
1595877928.7001455,325.5186998401324,19.516116336409276,0
1595877928.7101338,327.31659527165095,19.516116336409276,0
1595877928.7201357,329.1169368777911,19.516116336409276,0
1595877928.7301471,330.91899509770076,19.516116336409276,0
1595877928.740148,332.71916504246394,19.516116336409276,0
1595877928.7501311,334.51611633640925,19.516116336409276,0
1595877928.7601435,336.3183462176959,19.516116336409276,0
1595877928.7701359,338.1169712100665,19.516116336409276,0
1595877928.7801354,339.91688366276423,19.516116336409276,0
1595877928.7901325,341.7163669620196,19.516116336409276,0
1595877928.8001344,343.51670856815974,19.516116336409276,0
1595877928.8101358,345.3169643436114,19.516116336409276,0
1595877928.8201425,347.1181642566363,19.516116336409276,0
1595877928.8301365,348.9170896564166,19.516116336409276,0
1595877928.8401465,350.7188903842608,19.516116336409276,0
1595877928.8501427,352.51820202213923,19.516116336409276,0
1595877928.86014,354.31772823673884,19.516116336409276,0
1595877928.8701437,356.11837025028865,19.516116336409276,0
1595877928.880138,357.91733856541316,19.516116336409276,0
1595877928.89014,359.71772308689754,19.516116336409276,0
1595877928.8917086,360,19.516116336409276,1
1595877928.8917086,0,19.516116336409276,0
1595877929.010135,21.31675834995908,19.516116336409276,0
1595877929.02014,23.117657855574315,19.516116336409276,0
1595877929.0301466,24.918857768599217,19.516116336409276,0
1595877929.0401413,26.717911914412205,19.516116336409276,0
1595877929.0501459,28.518725589338963,19.516116336409276,0
1595877929.0601385,30.317393497053807,19.516116336409276,0
1595877929.0701456,32.118679240767186,19.516116336409276,0
1595877929.0801442,33.91842003208799,19.516116336409276,0
1595877929.090135,35.71678753239316,19.516116336409276,0
1595877929.100138,37.51730079991025,19.516116336409276,0
1595877929.107963,38.92582531315488,19.516116336409276,0
1595877929.107963,27.248077719208418,7.838368742462812,0
1595877929.11014,27.639937727448164,7.838368742462812,0
1595877929.120148,29.441352217194257,7.838368742462812,0
1595877929.1301322,31.23851808786076,7.838368742462812,0
1595877929.140142,33.04027590036076,7.838368742462812,0
1595877929.1501398,34.83988794564885,7.838368742462812,0
1595877929.1601355,36.63911375283879,7.838368742462812,0
1595877929.1701353,38.43906912088078,7.838368742462812,0
1595877929.1801434,40.24052652597111,7.838368742462812,0
1595877929.1901486,42.041468946930586,7.838368742462812,0
1595877929.2001393,43.83979353189152,7.838368742462812,0
1595877929.2101483,45.64142259835881,7.838368742462812,0
1595877929.2201371,47.43940386056584,7.838368742462812,0
1595877929.2301452,49.24086126565617,7.838368742462812,0
1595877929.2401366,51.039314596649824,7.838368742462812,0
1595877929.2501404,52.83999952554387,7.838368742462812,0
1595877929.2601461,54.641027777191816,7.838368742462812,0
1595877929.2701313,56.43836530923527,7.838368742462812,0
1595877929.280136,58.23922189950627,7.838368742462812,0
1595877929.2901413,60.04016432046574,7.838368742462812,0
1595877929.3001313,61.838360159393964,7.838368742462812,0
1595877929.3101375,63.63947424173039,7.838368742462812,0
1595877929.3201358,65.43917211770696,7.838368742462812,0
1595877929.3301399,67.23989996194524,7.838368742462812,0
1595877929.340139,69.03972658395452,7.838368742462812,0
1595877929.3501441,70.84066900491399,7.838368742462812,0
1595877929.3601456,72.64092478036565,7.838368742462812,0
1595877929.3701315,74.43839105844182,7.838368742462812,0
1595877929.3801425,76.24036344766301,7.838368742462812,0
1595877929.390139,78.03976091622991,7.838368742462812,0
1595877929.400131,79.83830007791204,7.838368742462812,0
1595877929.4101467,81.641130774018,7.838368742462812,0
1595877929.420137,83.43936952829046,7.838368742462812,0
1595877929.43015,85.24172815560979,7.838368742462812,0
1595877929.4401352,87.03906568765325,7.838368742462812,0
1595877929.4501412,88.84013685464544,7.838368742462812,0
1595877929.4601471,90.64120802163762,7.838368742462812,0
1595877929.4701455,92.44090589761419,7.838368742462812,0
1595877929.480137,94.23940214395208,7.838368742462812,0
1595877929.4901397,96.03987249612493,7.838368742462812,0
1595877929.5001318,97.8384545731513,7.838368742462812,0
1595877929.5101373,99.639439909455,7.838368742462812,0
1595877929.520139,101.4397386002509,7.838368742462812,0
1595877929.5301328,103.23862108468694,7.838368742462812,0
1595877929.5401397,105.03986391305608,7.838368742462812,0
1595877929.5501482,106.84140714883489,7.838368742462812,0
1595877929.5601392,108.63977464914007,7.838368742462812,0
1595877929.5701342,110.43887171029729,7.838368742462812,0
1595877929.580144,112.24062952279729,7.838368742462812,0
1595877929.5901418,114.04024156808538,7.838368742462812,0
1595877929.6001432,115.84049734353704,7.838368742462812,0
1595877929.6101384,117.6396373200385,7.838368742462812,0
1595877929.62015,119.44173845529241,7.838368742462812,0
1595877929.6301374,121.23946222543401,7.838368742462812,0
1595877929.6401443,123.04070505380315,7.838368742462812,0
1595877929.6501389,124.8397162842719,7.838368742462812,0
1595877929.660138,126.63954290628118,7.838368742462812,0
1595877929.6701393,128.43979868173284,7.838368742462812,0
1595877929.680148,130.24134191751165,7.838368742462812,0
1595877929.6901474,132.0412543702094,7.838368742462812,0
1595877929.7001426,133.84039434671087,7.838368742462812,0
1595877929.7101462,135.64103636026067,7.838368742462812,0
1595877929.7201457,137.44094881295842,7.838368742462812,0
1595877929.7301488,139.24150499581975,7.838368742462812,0
1595877929.7401433,141.0405162262885,7.838368742462812,0
1595877929.750141,142.84008535623235,7.838368742462812,0
1595877929.7601323,144.638538687226,7.838368742462812,0
1595877929.7701457,146.44094022988958,7.838368742462812,0
1595877929.7801416,148.24020895242376,7.838368742462812,0
1595877929.7901423,150.0403359818427,7.838368742462812,0
1595877929.800149,151.8415358948676,7.838368742462812,0
1595877929.8101318,153.63844427346868,7.838368742462812,0
1595877929.8201358,155.43917211770696,7.838368742462812,0
1595877929.8301373,157.23942789315862,7.838368742462812,0
1595877929.840149,159.04152902841253,7.838368742462812,0
1595877929.8501472,160.8412269043891,7.838368742462812,0
1595877929.8601367,162.63933691262883,7.838368742462812,0
1595877929.8701403,164.43997892617864,7.838368742462812,0
1595877929.880141,166.24010595559758,7.838368742462812,0
1595877929.890134,168.0388596940009,7.838368742462812,0
1595877929.900145,169.8408320832221,7.838368742462812,0
1595877929.9101493,171.64160284280462,7.838368742462812,0
1595877929.9201448,173.44078573465032,7.838368742462812,0
1595877929.9301305,175.23820909738225,7.838368742462812,0
1595877929.9401324,177.0385507035224,7.838368742462812,0
1595877929.9501472,178.8412097382514,7.838368742462812,0
1595877929.9601321,180.6385043549506,7.838368742462812,0
1595877929.970144,182.44064840554876,7.838368742462812,0
1595877929.9801433,184.24051794290227,7.838368742462812,0
1595877929.9901373,186.03944334268255,7.838368742462812,0
1595877930.000135,187.8390124726264,7.838368742462812,0
1595877930.0101495,189.64162859201116,7.838368742462812,0
1595877930.020146,191.44098314523382,7.838368742462812,0
1595877930.0301335,193.23874983071966,7.838368742462812,0
1595877930.040141,195.0401214051215,7.838368742462812,0
1595877930.050138,196.83956178903264,7.838368742462812,0
1595877930.0601394,198.6398175644843,7.838368742462812,0
1595877930.070133,200.4386571335761,7.838368742462812,0
1595877930.0801473,202.24123033761663,7.838368742462812,0
1595877930.0901392,204.03976949929876,7.838368742462812,0
1595877930.1001318,205.8384374070136,7.838368742462812,0
1595877930.1101434,207.6405385422675,7.838368742462812,0
1595877930.1201391,209.43976434945745,7.838368742462812,0
1595877930.1301346,211.23894724130315,7.838368742462812,0
1595877930.1401339,213.03881677865667,7.838368742462812,0
1595877930.1501424,214.84036001443548,7.838368742462812,0
1595877930.1601374,216.6394570755927,7.838368742462812,0
1595877930.1701472,218.4412148880927,7.838368742462812,0
1595877930.180148,220.24134191751165,7.838368742462812,0
1595877930.1901426,222.04039606332464,7.838368742462812,0
1595877930.2001474,223.84125265359563,7.838368742462812,0
1595877930.2101467,225.64112219094915,7.838368742462812,0
1595877930.2201455,227.4409058976142,7.838368742462812,0
1595877930.2301366,229.2393163132636,7.838368742462812,0
1595877930.2401452,231.0408595490424,7.838368742462812,0
1595877930.2501345,232.83892664193792,7.838368742462812,0
1595877930.2601345,234.63892492532415,7.838368742462812,0
1595877930.2701428,236.44042524575872,7.838368742462812,0
1595877930.2801313,238.2383635926215,7.838368742462812,0
1595877930.2901359,240.03917726754827,7.838368742462812,0
1595877930.3001337,241.83878931283635,7.838368742462812,0
1595877930.3101468,243.6411479401557,7.838368742462812,0
1595877930.3201313,245.43835672616643,7.838368742462812,0
1595877930.330137,247.23938497781438,7.838368742462812,0
1595877930.3401403,249.03998407601995,7.838368742462812,0
1595877930.3501477,250.84131273507757,7.838368742462812,0
1595877930.3601413,252.64015230416936,7.838368742462812,0
1595877930.3701327,254.43860563516301,7.838368742462812,0
1595877930.3801475,256.241264669892,7.838368742462812,0
1595877930.390144,258.0406621384589,7.838368742462812,0
1595877930.400141,259.84010252237005,7.838368742462812,0
1595877930.410134,261.63885626077337,7.838368742462812,0
1595877930.4201372,263.4394124436347,7.838368742462812,0
1595877930.4301414,265.2401832032172,7.838368742462812,0
1595877930.440148,267.0413831162421,7.838368742462812,0
1595877930.4501333,268.8387206482856,7.838368742462812,0
1595877930.4601467,270.64112219094915,7.838368742462812,0
1595877930.4701328,272.43863138436956,7.838368742462812,0
1595877930.4801397,274.2398742127387,7.838368742462812,0
1595877930.4901388,276.039700834748,7.838368742462812,0
1595877930.5001357,277.8391412186591,7.838368742462812,0
1595877930.5101488,279.64149984597844,7.838368742462812,0
1595877930.5201464,281.4410689759223,7.838368742462812,0
1595877930.5301468,283.241153089997,7.838368742462812,0
1595877930.540135,285.0390056061713,7.838368742462812,0
1595877930.5501359,286.8391755509345,7.838368742462812,0
1595877930.560147,288.64119085549993,7.838368742462812,0
1595877930.5701468,290.4411462235419,7.838368742462812,0
1595877930.5801358,292.2391704010932,7.838368742462812,0
1595877930.5901406,294.0400269913642,7.838368742462812,0
1595877930.6001334,295.83873781442327,7.838368742462812,0
1595877930.6101327,297.6386073517768,7.838368742462812,0
1595877930.6201456,299.4409230637519,7.838368742462812,0
1595877930.6301446,301.24074968576116,7.838368742462812,0
1595877930.6401365,303.0392888474433,7.838368742462812,0
1595877930.6501317,304.83842882394475,7.838368742462812,0
1595877930.6601346,306.63894209146184,7.838368742462812,0
1595877930.6701372,308.4394124436347,7.838368742462812,0
1595877930.6801326,310.2385953354804,7.838368742462812,0
1595877930.690142,312.0402673172919,7.838368742462812,0
1595877930.7001443,313.84069475412053,7.838368742462812,0
1595877930.710145,315.6408217835395,7.838368742462812,0
1595877930.720143,317.4404767441718,7.838368742462812,0
1595877930.7301452,319.2408612656562,7.838368742462812,0
1595877930.740142,321.0403016495673,7.838368742462812,0
1595877930.7501414,322.8401711869208,7.838368742462812,0
1595877930.7601433,324.64051279306096,7.838368742462812,0
1595877930.7701395,326.4398244309394,7.838368742462812,0
1595877930.7801414,328.2401660370795,7.838368742462812,0
1595877930.790142,330.04029306649846,7.838368742462812,0
1595877930.8001432,331.8405059266059,7.838368742462812,0
1595877930.8101373,333.63943132638616,7.838368742462812,0
1595877930.8201487,335.4414895462958,7.838368742462812,0
1595877930.8301373,337.2394278931586,7.838368742462812,0
1595877930.840145,339.0408423829047,7.838368742462812,0
1595877930.85013,340.83813699960393,7.838368742462812,0
1595877930.8601437,342.64058145761175,7.838368742462812,0
1595877930.8701456,344.4409230637519,7.838368742462812,0
1595877930.880146,346.2410071778266,7.838368742462812,0
1595877930.8901312,348.03834470987005,7.838368742462812,0
1595877930.9001298,349.83808550119085,7.838368742462812,0
1595877930.910141,351.6401008057563,7.838368742462812,0
1595877930.92014,353.43992742776555,7.838368742462812,0
1595877930.9301379,355.23953947305364,7.838368742462812,0
1595877930.9401314,357.03837904214544,7.838368742462812,0
1595877930.9501383,358.8396218705146,7.838368742462812,0
1595877930.9565935,360,7.838368742462812,1
1595877930.9565935,0,7.838368742462812,0
1595877931.0101418,9.638710348602949,7.838368742462812,0
1595877931.0201585,11.441712706085859,7.838368742462812,0
1595877931.0301445,13.23917898416203,7.838368742462812,0
1595877931.0401568,15.041408865448652,7.838368742462812,0
1595877931.0501559,16.84123548745793,7.838368742462812,0
1595877931.0601451,18.639302580353437,7.838368742462812,0
1595877931.0656533,19.63077577829045,7.838368742462812,0
1595877931.0656533,13.741543044803315,1.9491360089756773,0
1595877931.0701509,14.551098098514252,1.9491360089756773,0
1595877931.0801406,16.349251022098237,1.9491360089756773,0
1595877931.0901453,18.150107612369233,1.9491360089756773,0
1595877931.1001506,19.951050033328706,1.9491360089756773,0
1595877931.1101499,21.75091957068222,1.9491360089756773,0
1595877931.1201465,23.550317039249116,1.9491360089756773,0
1595877931.1301546,25.351774444339448,1.9491360089756773,0
1595877931.1401582,27.152416457889252,1.9491360089756773,0
1595877931.1501455,28.950140228030854,1.9491360089756773,0
1595877931.160149,30.75078224158066,1.9491360089756773,0
1595877931.1701474,32.55048011755722,1.9491360089756773,0
1595877931.1801472,34.35043548559921,1.9491360089756773,0
1595877931.190159,36.15257953619736,1.9491360089756773,0
1595877931.2001405,37.949230422733,1.9491360089756773,0
1595877931.2101555,39.751932372806245,1.9491360089756773,0
1595877931.2201428,41.549656142947846,1.9491360089756773,0
1595877931.230146,43.350212325809174,1.9491360089756773,0
1595877931.24014,45.14913772558945,1.9491360089756773,0
1595877931.250159,46.95256923651474,1.9491360089756773,0
1595877931.2601504,48.75102256750839,1.9491360089756773,0
1595877931.2701538,50.55162166571396,1.9491360089756773,0
1595877931.280158,52.35239242529648,1.9491360089756773,0
1595877931.290149,54.150759925601655,1.9491360089756773,0
1595877931.3001425,55.94959949469345,1.9491360089756773,0
1595877931.3101404,57.74921153998154,1.9491360089756773,0
1595877931.320159,59.552557220218354,1.9491360089756773,0
1595877931.3301537,61.35161136603134,1.9491360089756773,0
1595877931.340147,63.1504080197789,1.9491360089756773,0
1595877931.3501468,64.95036338782089,1.9491360089756773,0
1595877931.3601418,66.74946044897811,1.9491360089756773,0
1595877931.3701591,68.55259155249374,1.9491360089756773,0
1595877931.380144,70.34984325384872,1.9491360089756773,0
1595877931.3901548,72.15181564306991,1.9491360089756773,0
1595877931.4001486,73.95069812750594,1.9491360089756773,0
1595877931.4101465,75.75031017279403,1.9491360089756773,0
1595877931.420158,77.5523683927037,1.9491360089756773,0
1595877931.4301455,79.35013507818954,1.9491360089756773,0
1595877931.4401476,81.15051959967391,1.9491360089756773,0
1595877931.4501421,82.94953083014266,1.9491360089756773,0
1595877931.4601579,84.75236152624862,1.9491360089756773,0
1595877931.470141,86.54931282019393,1.9491360089756773,0
1595877931.4801397,88.34909652685897,1.9491360089756773,0
1595877931.4901578,90.15235637640731,1.9491360089756773,0
1595877931.500152,91.95132469153182,1.9491360089756773,0
1595877931.5101554,93.75192378973739,1.9491360089756773,0
1595877931.5201557,95.55196498846786,1.9491360089756773,0
1595877931.5301447,97.34998916601913,1.9491360089756773,0
1595877931.5401485,99.15067409491317,1.9491360089756773,0
1595877931.5501423,100.9495565793492,1.9491360089756773,0
1595877931.5601482,102.7506277463414,1.9491360089756773,0
1595877931.5701547,104.55178474402206,1.9491360089756773,0
1595877931.5801592,106.35259841894882,1.9491360089756773,0
1595877931.5901477,108.15053676581161,1.9491360089756773,0
1595877931.6001554,109.95190834021346,1.9491360089756773,0
1595877931.6101465,111.75031875586288,1.9491360089756773,0
1595877931.6201532,113.55151866888778,1.9491360089756773,0
1595877931.6301415,115.34941410040634,1.9491360089756773,0
1595877931.6401439,117.14984153723495,1.9491360089756773,0
1595877931.6501522,118.95134185766952,1.9491360089756773,0
1595877931.6601515,120.75121139502303,1.9491360089756773,0
1595877931.6701505,122.55103801703231,1.9491360089756773,0
1595877931.68014,124.34914802527206,1.9491360089756773,0
1595877931.6901555,126.15193580603378,1.9491360089756773,0
1595877931.7001512,127.95116161322372,1.9491360089756773,0
1595877931.7101562,129.75206111883895,1.9491360089756773,0
1595877931.7201524,131.55137275671737,1.9491360089756773,0
1595877931.7301576,133.35231517767684,1.9491360089756773,0
1595877931.7401516,135.15124057745712,1.9491360089756773,0
1595877931.7501602,136.95278381323592,1.9491360089756773,0
1595877931.7601569,138.75218128180282,1.9491360089756773,0
1595877931.7701566,140.5521366498448,1.9491360089756773,0
1595877931.7801466,142.35033248877303,1.9491360089756773,0
1595877931.790152,144.15131782507675,1.9491360089756773,0
1595877931.8001542,145.95170234656112,1.9491360089756773,0
1595877931.8101504,147.75101398443954,1.9491360089756773,0
1595877931.8201518,149.5512697598912,1.9491360089756773,0
1595877931.83015,151.35092472052352,1.9491360089756773,0
1595877931.8401456,153.15015052771346,1.9491360089756773,0
1595877931.8501434,154.94976257300155,1.9491360089756773,0
1595877931.860157,156.75220703100936,1.9491360089756773,0
1595877931.8701553,158.55190490698592,1.9491360089756773,0
1595877931.8801455,160.3501436612584,1.9491360089756773,0
1595877931.8901484,162.15065692877548,1.9491360089756773,0
1595877931.9001496,163.9508697888829,1.9491360089756773,0
1595877931.910157,165.75219844794051,1.9491360089756773,0
1595877931.9201436,167.5497934720494,1.9491360089756773,0
1595877931.9301481,169.35060714697616,1.9491360089756773,0
1595877931.9401526,171.15142082190292,1.9491360089756773,0
1595877931.9501421,172.94953083014266,1.9491360089756773,0
1595877931.9601398,174.7490999600865,1.9491360089756773,0
1595877931.9701521,176.55132984137313,1.9491360089756773,0
1595877931.9801486,178.3506843945958,1.9491360089756773,0
1595877931.990147,180.1504251859166,1.9491360089756773,0
1595877932.0001483,181.950638046024,1.9491360089756773,0
1595877932.0101411,183.7493488690831,1.9491360089756773,0
1595877932.0201495,185.55084918951766,1.9491360089756773,0
1595877932.0301433,187.3497316739537,1.9491360089756773,0
1595877932.0401523,189.15136074042098,1.9491360089756773,0
1595877932.050142,190.94951366400497,1.9491360089756773,0
1595877932.0601408,192.74929737067,1.9491360089756773,0
1595877932.0701525,194.5513985059239,1.9491360089756773,0
1595877932.0801437,196.34980892157333,1.9491360089756773,0
1595877932.09014,198.14916347479598,1.9491360089756773,0
1595877932.10016,199.952723731754,1.9491360089756773,0
1595877932.1101434,201.74976085638778,1.9491360089756773,0
1595877932.1201417,203.54945873236434,1.9491360089756773,0
1595877932.1301506,205.3510448834874,1.9491360089756773,0
1595877932.1401486,207.1506998441197,1.9491360089756773,0
1595877932.1501412,208.94936775183456,1.9491360089756773,0
1595877932.1601393,210.74902271246688,1.9491360089756773,0
1595877932.1701593,212.55262588476913,1.9491360089756773,0
1595877932.18014,214.34914802527206,1.9491360089756773,0
1595877932.1901531,216.1515066525914,1.9491360089756773,0
1595877932.2001505,217.951032867191,1.9491360089756773,0
1595877932.2101388,219.74892829870956,1.9491360089756773,0
1595877932.220157,221.5521881482579,1.9491360089756773,0
1595877932.2301438,223.34982608771102,1.9491360089756773,0
1595877932.2401586,225.15248512244003,1.9491360089756773,0
1595877932.2501407,226.9492647550084,1.9491360089756773,0
1595877932.2601564,228.75209545111434,1.9491360089756773,0
1595877932.2701545,230.55175041174667,1.9491360089756773,0
1595877932.2801476,232.35050415015,1.9491360089756773,0
1595877932.2901485,234.15067409491317,1.9491360089756773,0
1595877932.3001463,235.95028614020126,1.9491360089756773,0
1595877932.3101494,237.75084232306259,1.9491360089756773,0
1595877932.320145,239.5500252149083,1.9491360089756773,0
1595877932.330144,241.34985183691757,1.9491360089756773,0
1595877932.3401496,243.15088008856551,1.9491360089756773,0
1595877932.3501518,244.9512646100499,1.9491360089756773,0
1595877932.3601537,246.75160621619003,1.9491360089756773,0
1595877932.3701587,248.55250572180526,1.9491360089756773,0
1595877932.3801405,250.34924243902938,1.9491360089756773,0
1595877932.3901546,252.15177272772567,1.9491360089756773,0
1595877932.4001563,253.95207141852157,1.9491360089756773,0
1595877932.410159,255.75258468603866,1.9491360089756773,0
1595877932.420139,257.5489780805089,1.9491360089756773,0
1595877932.4301465,259.3503067395665,1.9491360089756773,0
1595877932.440146,261.1502191922643,1.9491360089756773,0
1595877932.4501588,262.95253490423937,1.9491360089756773,0
1595877932.4601455,264.75012992834826,1.9491360089756773,0
1595877932.4701395,266.54905532812853,1.9491360089756773,0
1595877932.4801528,268.3514568707921,1.9491360089756773,0
1595877932.490154,270.1516697308995,1.9491360089756773,0
1595877932.5001547,271.9517967603185,1.9491360089756773,0
1595877932.5101502,273.7509796521642,1.9491360089756773,0
1595877932.5201476,275.5505058667638,1.9491360089756773,0
1595877932.53015,277.3509333035924,1.9491360089756773,0
1595877932.540141,279.1493437192418,1.9491360089756773,0
1595877932.550146,280.95024322485705,1.9491360089756773,0
1595877932.5601425,282.7495977780797,1.9491360089756773,0
1595877932.5701475,284.55049728369494,1.9491360089756773,0
1595877932.580148,286.35058139776964,1.9491360089756773,0
1595877932.5901527,288.15143798804064,1.9491360089756773,0
1595877932.6001465,289.9503204724767,1.9491360089756773,0
1595877932.6101418,291.74946044897814,1.9491360089756773,0
1595877932.6201384,293.54885791754504,1.9491360089756773,0
1595877932.6301425,295.3495857617833,1.9491360089756773,0
1595877932.6401544,297.15172981238146,1.9491360089756773,0
1595877932.6501465,298.9503118894078,1.9491360089756773,0
1595877932.660155,300.75185512518664,1.9491360089756773,0
1595877932.670154,302.5516817471959,1.9491360089756773,0
1595877932.6801407,304.3492767713048,1.9491360089756773,0
1595877932.6901531,306.1515066525914,1.9491360089756773,0
1595877932.700148,307.95060371374865,1.9491360089756773,0
1595877932.7101443,309.74991535162707,1.9491360089756773,0
1595877932.72015,311.550943603275,1.9491360089756773,0
1595877932.7301552,313.3518860242345,1.9491360089756773,0
1595877932.7401567,315.15214179968615,1.9491360089756773,0
1595877932.7501404,316.9492218396642,1.9491360089756773,0
1595877932.7601445,318.74994968390246,1.9491360089756773,0
1595877932.7701488,320.550720443485,1.9491360089756773,0
1595877932.7801383,322.3488304517247,1.9491360089756773,0
1595877932.790154,324.1516611478307,1.9491360089756773,0
1595877932.8001523,325.95135902380724,1.9491360089756773,0
1595877932.8101432,327.7497265241124,1.9491360089756773,0
1595877932.8201458,329.55019687628527,1.9491360089756773,0
1595877932.8301501,331.3509676358678,1.9491360089756773,0
1595877932.8401387,333.1489059827306,1.9491360089756773,0
1595877932.850145,334.95006298041125,1.9491360089756773,0
1595877932.8601534,336.7515633008458,1.9491360089756773,0
1595877932.8701522,338.55134700751086,1.9491360089756773,0
1595877932.8801408,340.34928535437365,1.9491360089756773,0
1595877932.8901525,342.15138648962755,1.9491360089756773,0
1595877932.9001467,343.95035480475207,1.9491360089756773,0
1595877932.9101524,345.7513830564,1.9491360089756773,0
1595877932.9201553,347.5518963239171,1.9491360089756773,0
1595877932.9301527,349.3514225385167,1.9491360089756773,0
1595877932.9401515,351.15120624518175,1.9491360089756773,0
1595877932.9501495,352.9508612058141,1.9491360089756773,0
1595877932.9601564,354.7521040341832,1.9491360089756773,0
1595877932.9701421,356.54952739691515,1.9491360089756773,0
1595877932.9801567,358.3521435162999,1.9491360089756773,0
1595877932.9893262,360,1.9491360089756773,1
1595877932.9893262,0,1.9491360089756773,0
1595877933.010167,3.75132297491806,1.9491360089756773,0
1595877933.0201657,5.551106681583099,1.9491360089756773,0
1595877933.0301576,7.349645843265228,1.9491360089756773,0
1595877933.0401623,9.150502433536225,1.9491360089756773,0
1595877933.0484207,10.637004127261811,1.9491360089756773,0
1595877933.0484207,7.445902889083268,-1.241965229202866,0
1595877933.0501595,7.758884494613052,-1.241965229202866,0
1595877933.0601604,9.559054439376236,-1.241965229202866,0
1595877933.0701575,11.358537738631608,-1.241965229202866,0
1595877933.0801609,13.159136836837174,-1.241965229202866,0
1595877933.090171,14.96098048002565,-1.241965229202866,0
1595877933.1001678,16.760377948592545,-1.241965229202866,0
1595877933.1101632,18.559560840438248,-1.241965229202866,0
1595877933.1201575,20.35852915556276,-1.241965229202866,0
1595877933.13017,22.16080195219362,-1.241965229202866,0
1595877933.1401668,23.960199420760514,-1.241965229202866,0
1595877933.1501687,25.76054102690065,-1.241965229202866,0
1595877933.1601596,27.558908527205826,-1.241965229202866,0
1595877933.1701586,29.358735149215104,-1.241965229202866,0
1595877933.180161,31.159162586043717,-1.241965229202866,0
1595877933.1901643,32.95976168424928,-1.241965229202866,0
1595877933.2001593,34.758858745406506,-1.241965229202866,0
1595877933.210159,36.5588141134485,-1.241965229202866,0
1595877933.220158,38.358640735457776,-1.241965229202866,0
1595877933.2301607,40.15911108763063,-1.241965229202866,0
1595877933.240156,41.95825106413209,-1.241965229202866,0
1595877933.2501566,43.75837809355104,-1.241965229202866,0
1595877933.2601602,45.55902010710084,-1.241965229202866,0
1595877933.270155,47.35807425291383,-1.241965229202866,0
1595877933.2801704,49.16086203367555,-1.241965229202866,0
1595877933.2901564,50.95832831175172,-1.241965229202866,0
1595877933.3001668,52.760214870284436,-1.241965229202866,0
1595877933.3101594,54.55888277799928,-1.241965229202866,0
1595877933.320171,56.360983913253186,-1.241965229202866,0
1595877933.3301637,58.15965182096803,-1.241965229202866,0
1595877933.3401558,59.9582338979944,-1.241965229202866,0
1595877933.3501606,61.75909048826539,-1.241965229202866,0
1595877933.3601575,63.558530872176526,-1.241965229202866,0
1595877933.370157,65.35844332487429,-1.241965229202866,0
1595877933.380157,67.15844160826052,-1.241965229202866,0
1595877933.3901582,68.95865446836794,-1.241965229202866,0
1595877933.4001565,70.7583523443445,-1.241965229202866,0
1595877933.4101646,72.55980974943483,-1.241965229202866,0
1595877933.4201546,74.35800558836306,-1.241965229202866,0
1595877933.4301703,76.16083628446901,-1.241965229202866,0
1595877933.440164,77.95971876890505,-1.241965229202866,0
1595877933.4501607,79.75911623747194,-1.241965229202866,0
1595877933.4601588,81.55877119810427,-1.241965229202866,0
1595877933.4701622,83.35937029630983,-1.241965229202866,0
1595877933.4801614,85.15923983366335,-1.241965229202866,0
1595877933.4901676,86.96035391599978,-1.241965229202866,0
1595877933.5001616,88.75927931578005,-1.241965229202866,0
1595877933.5101666,90.56017882139528,-1.241965229202866,0
1595877933.5201738,92.36146456510866,-1.241965229202866,0
1595877933.530163,94.15953165800417,-1.241965229202866,0
1595877933.5401602,95.95901495725954,-1.241965229202866,0
1595877933.5501645,97.75978571684206,-1.241965229202866,0
1595877933.5601685,99.56051356108034,-1.241965229202866,0
1595877933.5701714,101.36102682859743,-1.241965229202866,0
1595877933.5801687,103.16055304319704,-1.241965229202866,0
1595877933.5901666,104.96016508848513,-1.241965229202866,0
1595877933.6001558,106.75823218138063,-1.241965229202866,0
1595877933.610155,108.55810171873415,-1.241965229202866,0
1595877933.6201699,110.36076075346315,-1.241965229202866,0
1595877933.6301541,112.15792662412966,-1.241965229202866,0
1595877933.6401713,113.96101481230104,-1.241965229202866,0
1595877933.6501725,115.76122767240847,-1.241965229202866,0
1595877933.6601555,117.55817896635378,-1.241965229202866,0
1595877933.670161,119.35916430265749,-1.241965229202866,0
1595877933.6801593,121.15886217863405,-1.241965229202866,0
1595877933.6901731,122.9613495519861,-1.241965229202866,0
1595877933.7001667,124.7601891210779,-1.241965229202866,0
1595877933.710157,126.55842787535036,-1.241965229202866,0
1595877933.7201705,128.36087233335817,-1.241965229202866,0
1595877933.730164,130.15971190244997,-1.241965229202866,0
1595877933.7401643,131.95975310118044,-1.241965229202866,0
1595877933.7501576,133.758549754928,-1.241965229202866,0
1595877933.7601607,135.55910593778933,-1.241965229202866,0
1595877933.7701588,137.35876089842165,-1.241965229202866,0
1595877933.7801688,139.1605616262659,-1.241965229202866,0
1595877933.790165,140.9598732641443,-1.241965229202866,0
1595877933.8001559,142.75824076444948,-1.241965229202866,0
1595877933.8101604,144.55905443937624,-1.241965229202866,0
1595877933.8201735,146.36141306669558,-1.241965229202866,0
1595877933.8301563,148.15832144529665,-1.241965229202866,0
1595877933.840164,149.9596930196985,-1.241965229202866,0
1595877933.850157,151.75844675810183,-1.241965229202866,0
1595877933.860164,153.55968958647097,-1.241965229202866,0
1595877933.8701603,155.35904413969362,-1.241965229202866,0
1595877933.8801568,157.15839869291628,-1.241965229202866,0
1595877933.8901632,158.95955569059694,-1.241965229202866,0
1595877933.9001584,160.7586956670984,-1.241965229202866,0
1595877933.910173,162.56131178648317,-1.241965229202866,0
1595877933.9201598,164.3589497259363,-1.241965229202866,0
1595877933.9301717,166.16109377653444,-1.241965229202866,0
1595877933.9401681,167.9604483297571,-1.241965229202866,0
1595877933.9501622,169.75937372953737,-1.241965229202866,0
1595877933.9601605,171.55907160551394,-1.241965229202866,0
1595877933.9701624,173.35941321165407,-1.241965229202866,0
1595877933.9801564,175.15833861143435,-1.241965229202866,0
1595877933.9901662,176.96009642393435,-1.241965229202866,0
1595877934.0001707,178.7609100988611,-1.241965229202866,0
1595877934.0101714,180.56103712828005,-1.241965229202866,0
1595877934.0201566,182.3583746603235,-1.241965229202866,0
1595877934.0301542,184.15794379026735,-1.241965229202866,0
1595877934.040168,185.9604311636194,-1.241965229202866,0
1595877934.0501654,187.759957378219,-1.241965229202866,0
1595877934.0601637,189.55965525419558,-1.241965229202866,0
1595877934.0701675,191.36034018308962,-1.241965229202866,0
1595877934.0801713,193.16102511198366,-1.241965229202866,0
1595877934.0901697,194.96072298796022,-1.241965229202866,0
1595877934.1001568,196.7584038427576,-1.241965229202866,0
1595877934.1101644,198.55977541715944,-1.241965229202866,0
1595877934.120157,200.3584433248743,-1.241965229202866,0
1595877934.130161,202.15917116911257,-1.241965229202866,0
1595877934.1401663,203.96011359007204,-1.241965229202866,0
1595877934.150167,205.760240619491,-1.241965229202866,0
1595877934.1601713,207.5610113790735,-1.241965229202866,0
1595877934.1701617,209.3592930486902,-1.241965229202866,0
1595877934.1801667,211.16019255430544,-1.241965229202866,0
1595877934.1901681,212.9604483297571,-1.241965229202866,0
1595877934.2001684,214.76048952848757,-1.241965229202866,0
1595877934.2101572,216.5584707906946,-1.241965229202866,0
1595877934.2201636,218.35962778837526,-1.241965229202866,0
1595877934.2301729,220.1612997701868,-1.241965229202866,0
1595877934.240173,221.96134096891726,-1.241965229202866,0
1595877934.2501712,223.76099592954958,-1.241965229202866,0
1595877934.2601686,225.5605221441492,-1.241965229202866,0
1595877934.2701635,227.35961920530642,-1.241965229202866,0
1595877934.280158,229.15863043577517,-1.241965229202866,0
1595877934.2901728,230.96128947050417,-1.241965229202866,0
1595877934.3001719,232.76111609251345,-1.241965229202866,0
1595877934.3101583,234.5586682012781,-1.241965229202866,0
1595877934.3201656,236.3599968603357,-1.241965229202866,0
1595877934.3301675,238.16033846647585,-1.241965229202866,0
1595877934.3401716,239.96106631071413,-1.241965229202866,0
1595877934.3501694,241.76067835600222,-1.241965229202866,0
1595877934.360171,243.56097704679811,-1.241965229202866,0
1595877934.3701603,245.35904413969362,-1.241965229202866,0
1595877934.3801675,247.160329883407,-1.241965229202866,0
1595877934.390154,248.95788199217165,-1.241965229202866,0
1595877934.4001634,250.7595968893274,-1.241965229202866,0
1595877934.4101589,252.55877978117311,-1.241965229202866,0
1595877934.4201567,254.3583918264612,-1.241965229202866,0
1595877934.4301665,256.1601496389612,-1.241965229202866,0
1595877934.4401534,257.9577875784143,-1.241965229202866,0
1595877934.4501657,259.7600174597009,-1.241965229202866,0
1595877934.4601603,261.55902869016967,-1.241965229202866,0
1595877934.470167,263.36022860319457,-1.241965229202866,0
1595877934.4801552,265.1581240347131,-1.241965229202866,0
1595877934.490169,266.9606114080652,-1.241965229202866,0
1595877934.5001714,268.7610388448938,-1.241965229202866,0
1595877934.5101717,270.56108004362426,-1.241965229202866,0
1595877934.520156,272.35824591429076,-1.241965229202866,0
1595877934.530164,274.1597033193811,-1.241965229202866,0
1595877934.5401666,275.96017367155395,-1.241965229202866,0
1595877934.5501623,277.7593994787439,-1.241965229202866,0
1595877934.5601728,279.5612860372766,-1.241965229202866,0
1595877934.5701647,281.35982519895873,-1.241965229202866,0
1595877934.580154,283.15789229185424,-1.241965229202866,0
1595877934.5901604,284.9590492895349,-1.241965229202866,0
1595877934.6001534,286.7578030279382,-1.241965229202866,0
1595877934.610157,288.558445041488,-1.241965229202866,0
1595877934.6201708,290.3609324148401,-1.241965229202866,0
1595877934.6301618,292.15929991514525,-1.241965229202866,0
1595877934.640166,293.9600706747278,-1.241965229202866,0
1595877934.6501613,295.75921065122924,-1.241965229202866,0
1595877934.660171,297.56096846372924,-1.241965229202866,0
1595877934.670172,299.3611384084924,-1.241965229202866,0
1595877934.6801713,301.16100794584594,-1.241965229202866,0
1595877934.69017,302.960791652511,-1.241965229202866,0
1595877934.7001555,304.7581720998987,-1.241965229202866,0
1595877934.7101712,306.56100279600463,-1.241965229202866,0
1595877934.720161,308.3591557195886,-1.241965229202866,0
1595877934.7301571,310.15846735746703,-1.241965229202866,0
1595877934.74017,311.96078306944213,-1.241965229202866,0
1595877934.7501714,313.7610388448938,-1.241965229202866,0
1595877934.7601573,315.55850512296996,-1.241965229202866,0
1595877934.7701635,317.3596192053064,-1.241965229202866,0
1595877934.78016,319.15897375852904,-1.241965229202866,0
1595877934.7901547,320.95802790434203,-1.241965229202866,0
1595877934.8001585,322.7587128332361,-1.241965229202866,0
1595877934.8101633,324.55956942350707,-1.241965229202866,0
1595877934.8201559,326.3582373312219,-1.241965229202866,0
1595877934.8301532,328.1577635458215,-1.241965229202866,0
1595877934.8401701,329.9608088186487,-1.241965229202866,0
1595877934.850169,331.7605925253137,-1.241965229202866,0
1595877934.8601696,333.56071955473266,-1.241965229202866,0
1595877934.8701534,335.3577995947107,-1.241965229202866,0
1595877934.8801713,337.1610165289148,-1.241965229202866,0
1595877934.890169,338.96058565885863,-1.241965229202866,0
1595877934.900169,340.76058394224486,-1.241965229202866,0
1595877934.9101632,342.5595522573694,-1.241965229202866,0
1595877934.9201622,344.35937887937865,-1.241965229202866,0
1595877934.9301672,346.1602783849939,-1.241965229202866,0
1595877934.9401643,347.95976168424926,-1.241965229202866,0
1595877934.950163,349.75950247557006,-1.241965229202866,0
1595877934.9601684,351.56048781187377,-1.241965229202866,0
1595877934.9701564,353.3583403280481,-1.241965229202866,0
1595877934.9801667,355.16018397123656,-1.241965229202866,0
1595877934.9901655,356.9599676779016,-1.241965229202866,0
1595877935.0001717,358.761081760238,-1.241965229202866,0
1595877935.0070715,360,-1.241965229202866,1
1595877935.0070715,0,-1.241965229202866,0
1595877935.0101879,0.5609512975915676,-1.241965229202866,0
1595877935.020177,2.358975475142837,-1.241965229202866,0
1595877935.0301774,4.159059589217544,-1.241965229202866,0
1595877935.0397837,5.888204639266372,-1.241965229202866,0
1595877935.0397837,4.12174324748646,-3.0084266209827777,0
1595877935.0401902,4.19491390941273,-3.0084266209827777,0
1595877935.050185,5.993968055225718,-3.0084266209827777,0
1595877935.0601802,7.793108031727183,-3.0084266209827777,0
1595877935.0701823,9.593492553211558,-3.0084266209827777,0
1595877935.0801911,11.395078704334605,-3.0084266209827777,0
1595877935.0901906,13.194991157032359,-3.0084266209827777,0
1595877935.1001894,14.994774863697398,-3.0084266209827777,0
1595877935.11019,16.794858977772105,-3.0084266209827777,0
1595877935.1201746,18.592110679127085,-3.0084266209827777,0
1595877935.1301868,20.394297645069468,-3.0084266209827777,0
1595877935.1401877,22.19446758983265,-3.0084266209827777,0
1595877935.1501744,23.99206261394154,-3.0084266209827777,0
1595877935.1601872,25.794378325916636,-3.0084266209827777,0
1595877935.1701863,27.594204947925913,-3.0084266209827777,0
1595877935.180177,29.39252953288685,-3.0084266209827777,0
1595877935.190188,31.194501922108042,-3.0084266209827777,0
1595877935.20019,32.99488644359242,-3.0084266209827777,0
1595877935.2101736,34.79192356822621,-3.0084266209827777,0
1595877935.2201853,36.594024703480116,-3.0084266209827777,0
1595877935.2301733,38.39187721965443,-3.0084266209827777,0
1595877935.2401717,40.191575095630995,-3.0084266209827777,0
1595877935.2501824,41.99350456950795,-3.0084266209827777,0
1595877935.2601748,43.79212956187855,-3.0084266209827777,0
1595877935.2701726,45.59174160716664,-3.0084266209827777,0
1595877935.2801762,47.392383620716444,-3.0084266209827777,0
1595877935.2901862,49.19418434856068,-3.0084266209827777,0
1595877935.3001897,50.99482636211049,-3.0084266209827777,0
1595877935.3101723,52.79169182536732,-3.0084266209827777,0
1595877935.3201873,54.594393775440565,-3.0084266209827777,0
1595877935.3301883,56.39456372020375,-3.0084266209827777,0
1595877935.3401868,58.19430451152455,-3.0084266209827777,0
1595877935.3501844,59.9938736414684,-3.0084266209827777,0
1595877935.3601854,61.79404358623158,-3.0084266209827777,0
1595877935.3701718,63.59159569499623,-3.0084266209827777,0
1595877935.3801854,65.39404015300404,-3.0084266209827777,0
1595877935.3901734,67.19189266917836,-3.0084266209827777,0
1595877935.400175,68.99219135997426,-3.0084266209827777,0
1595877935.4101856,70.79407791850697,-3.0084266209827777,0
1595877935.4201844,72.59386162517201,-3.0084266209827777,0
1595877935.4301887,74.39463238475453,-3.0084266209827777,0
1595877935.4401886,76.19463066814076,-3.0084266209827777,0
1595877935.4501863,77.99419979808461,-3.0084266209827777,0
1595877935.4601827,79.79355435130726,-3.0084266209827777,0
1595877935.4701715,81.5915356135143,-3.0084266209827777,0
1595877935.480182,83.39342217204701,-3.0084266209827777,0
1595877935.490189,85.19470791576039,-3.0084266209827777,0
1595877935.5001748,86.99213127849232,-3.0084266209827777,0
1595877935.5101833,88.79367451427113,-3.0084266209827777,0
1595877935.520186,90.59414486644398,-3.0084266209827777,0
1595877935.5301828,92.39358525035512,-3.0084266209827777,0
1595877935.540188,94.19452767131459,-3.0084266209827777,0
1595877935.5501788,95.99285225627553,-3.0084266209827777,0
1595877935.5601733,97.79186348674428,-3.0084266209827777,0
1595877935.570184,99.59379296062123,-3.0084266209827777,0
1595877935.580173,101.3918171381725,-3.0084266209827777,0
1595877935.5901885,103.19460491893422,-3.0084266209827777,0
1595877935.6001828,104.99357323405873,-3.0084266209827777,0
1595877935.6101747,106.79211239574086,-3.0084266209827777,0
1595877935.6201744,108.59206776378285,-3.0084266209827777,0
1595877935.6301796,110.39301018474232,-3.0084266209827777,0
1595877935.640176,112.19236473796498,-3.0084266209827777,0
1595877935.650173,113.99180512187611,-3.0084266209827777,0
1595877935.660188,115.79450707194935,-3.0084266209827777,0
1595877935.670187,117.59433369395863,-3.0084266209827777,0
1595877935.680183,119.39360241649281,-3.0084266209827777,0
1595877935.6901865,121.19424443004262,-3.0084266209827777,0
1595877935.700184,122.99381355998646,-3.0084266209827777,0
1595877935.7101877,124.79445557353627,-3.0084266209827777,0
1595877935.7201858,126.59411053416859,-3.0084266209827777,0
1595877935.7301831,128.3936367487682,-3.0084266209827777,0
1595877935.7401862,130.19419293162952,-3.0084266209827777,0
1595877935.7501855,131.99406246898303,-3.0084266209827777,0
1595877935.7601848,133.79393200633655,-3.0084266209827777,0
1595877935.77019,135.59487442729602,-3.0084266209827777,0
1595877935.7801793,137.39294152019153,-3.0084266209827777,0
1595877935.790186,139.19414143321643,-3.0084266209827777,0
1595877935.8001814,140.99332432506213,-3.0084266209827777,0
1595877935.810171,142.79143433330188,-3.0084266209827777,0
1595877935.8201733,144.5918617701305,-3.0084266209827777,0
1595877935.8301852,146.39400582072864,-3.0084266209827777,0
1595877935.8401804,148.1931457972301,-3.0084266209827777,0
1595877935.8501885,149.99460320232043,-3.0084266209827777,0
1595877935.8601716,151.79155449626575,-3.0084266209827777,0
1595877935.8701828,153.59356980083118,-3.0084266209827777,0
1595877935.880186,155.39416889903674,-3.0084266209827777,0
1595877935.8901832,157.1936521982921,-3.0084266209827777,0
1595877935.9001877,158.99446587321887,-3.0084266209827777,0
1595877935.910185,160.79399208781848,-3.0084266209827777,0
1595877935.9201777,162.59265999553332,-3.0084266209827777,0
1595877935.9301863,164.39420323131213,-3.0084266209827777,0
1595877935.9401774,166.19261364696155,-3.0084266209827777,0
1595877935.950182,167.9934273218883,-3.0084266209827777,0
1595877935.9601834,169.79368309733997,-3.0084266209827777,0
1595877935.9701834,171.5936813807262,-3.0084266209827777,0
1595877935.9801872,173.39436630962024,-3.0084266209827777,0
1595877935.9901755,175.1922617411388,-3.0084266209827777,0
1595877936.0001855,176.99406246898303,-3.0084266209827777,0
1595877936.0101886,178.79461865184436,-3.0084266209827777,0
1595877936.02018,180.593071982838,-3.0084266209827777,0
1595877936.0301895,182.39478687999377,-3.0084266209827777,0
1595877936.0401723,184.19169525859485,-3.0084266209827777,0
1595877936.0501893,185.994740531422,-3.0084266209827777,0
1595877936.0601888,187.79465298411975,-3.0084266209827777,0
1595877936.0701888,189.59465126750598,-3.0084266209827777,0
1595877936.0801861,191.3941774821056,-3.0084266209827777,0
1595877936.0901725,193.19172959087024,-3.0084266209827777,0
1595877936.1001804,194.99314408061633,-3.0084266209827777,0
1595877936.1101706,196.7913828348888,-3.0084266209827777,0
1595877936.120175,198.5921535944713,-3.0084266209827777,0
1595877936.1301792,200.39292435405383,-3.0084266209827777,0
1595877936.1401763,202.1924076533092,-3.0084266209827777,0
1595877936.1501796,203.99300675151477,-3.0084266209827777,0
1595877936.1601882,205.79454998729358,-3.0084266209827777,0
1595877936.170183,207.59360413310657,-3.0084266209827777,0
1595877936.1801884,209.39458946941028,-3.0084266209827777,0
1595877936.1901755,211.19227032420764,-3.0084266209827777,0
1595877936.2001832,212.9936418986095,-3.0084266209827777,0
1595877936.2101877,214.79445557353625,-3.0084266209827777,0
1595877936.2201786,216.59282307384143,-3.0084266209827777,0
1595877936.2301757,218.3923063730968,-3.0084266209827777,0
1595877936.2401848,220.1939354395641,-3.0084266209827777,0
1595877936.2501802,221.9931183314098,-3.0084266209827777,0
1595877936.2601807,223.7932024454845,-3.0084266209827777,0
1595877936.270172,225.59165577647815,-3.0084266209827777,0
1595877936.2801855,227.39405731914172,-3.0084266209827777,0
1595877936.2901843,229.19384102580676,-3.0084266209827777,0
1595877936.3001878,230.99448303935657,-3.0084266209827777,0
1595877936.3101895,232.79478173015247,-3.0084266209827777,0
1595877936.3201816,234.59336380717883,-3.0084266209827777,0
1595877936.330183,236.3936195826305,-3.0084266209827777,0
1595877936.3401809,238.19323162791858,-3.0084266209827777,0
1595877936.3501883,239.9945602869762,-3.0084266209827777,0
1595877936.360173,241.79181198833118,-3.0084266209827777,0
1595877936.3701715,243.59155277965198,-3.0084266209827777,0
1595877936.380187,245.3943405604137,-3.0084266209827777,0
1595877936.3901844,247.1938667750133,-3.0084266209827777,0
1595877936.4001763,248.99240593669543,-3.0084266209827777,0
1595877936.410185,250.79399208781848,-3.0084266209827777,0
1595877936.4201744,252.592059180714,-3.0084266209827777,0
1595877936.4301822,254.39347367046008,-3.0084266209827777,0
1595877936.440178,256.19269947765,-3.0084266209827777,0
1595877936.45018,257.9930839991344,-3.0084266209827777,0
1595877936.460181,259.7932539438976,-3.0084266209827777,0
1595877936.470177,261.59252266643176,-3.0084266209827777,0
1595877936.480183,263.39359383342395,-3.0084266209827777,0
1595877936.490172,265.1916180109752,-3.0084266209827777,0
1595877936.5001848,266.9939337229503,-3.0084266209827777,0
1595877936.5101829,268.79358868358264,-3.0084266209827777,0
1595877936.5201843,270.5938444590343,-3.0084266209827777,0
1595877936.5301752,272.3922119593395,-3.0084266209827777,0
1595877936.5401835,274.19371227977405,-3.0084266209827777,0
1595877936.550188,275.9945259547008,-3.0084266209827777,0
1595877936.5601854,277.7940521693004,-3.0084266209827777,0
1595877936.5701878,279.594479606129,-3.0084266209827777,0
1595877936.5801725,281.391731307484,-3.0084266209827777,0
1595877936.5901718,283.1916008448375,-3.0084266209827777,0
1595877936.6001816,284.9933586573375,-3.0084266209827777,0
1595877936.6101887,286.7946444010509,-3.0084266209827777,0
1595877936.6201894,288.59477143046985,-3.0084266209827777,0
1595877936.6301732,290.3918514704479,-3.0084266209827777,0
1595877936.6401856,292.1940813517345,-3.0084266209827777,0
1595877936.6501834,293.9936933970226,-3.0084266209827777,0
1595877936.6601844,295.79386334178577,-3.0084266209827777,0
1595877936.6701734,297.59188751933704,-3.0084266209827777,0
1595877936.6801758,299.39231495616565,-3.0084266209827777,0
1595877936.6901872,301.1943731760753,-3.0084266209827777,0
1595877936.7001812,302.9932985758556,-3.0084266209827777,0
1595877936.7101717,304.7915802454723,-3.0084266209827777,0
1595877936.7201726,306.5917501902355,-3.0084266209827777,0
1595877936.7301743,308.39204888103137,-3.0084266209827777,0
1595877936.7401829,310.1935921168102,-3.0084266209827777,0
1595877936.7501767,311.9924746012462,-3.0084266209827777,0
1595877936.7601712,313.79148583171497,-3.0084266209827777,0
1595877936.7701845,315.59388737437854,-3.0084266209827777,0
1595877936.7801816,317.3933706736339,-3.0084266209827777,0
1595877936.7901804,319.19315438029895,-3.0084266209827777,0
1595877936.8001726,320.9917364573253,-3.0084266209827777,0
1595877936.8101854,322.7940521693004,-3.0084266209827777,0
1595877936.8201818,324.59340672252307,-3.0084266209827777,0
1595877936.8301818,326.3934050059093,-3.0084266209827777,0
1595877936.8401802,328.19310288188586,-3.0084266209827777,0
1595877936.8501804,329.99314408061633,-3.0084266209827777,0
1595877936.8601747,331.79211239574084,-3.0084266209827777,0
1595877936.8701887,333.59464268443713,-3.0084266209827777,0
1595877936.8801732,335.3918514704479,-3.0084266209827777,0
1595877936.890178,337.19270806071887,-3.0084266209827777,0
1595877936.9001744,338.9920626139415,-3.0084266209827777,0
1595877936.9101698,340.79124550578723,-3.0084266209827777,0
1595877936.9201741,342.59201626536975,-3.0084266209827777,0
1595877936.930176,344.3923578715099,-3.0084266209827777,0
1595877936.9401822,346.1934719538463,-3.0084266209827777,0
1595877936.9501753,347.99222569224963,-3.0084266209827777,0
1595877936.9601812,349.7932968592418,-3.0084266209827777,0
1595877936.9701807,351.5932093119396,-3.0084266209827777,0
1595877936.9801996,353.39659790752063,-3.0084266209827777,0
1595877936.9901812,355.1932917094005,-3.0084266209827777,0
1595877937.0001912,356.99509243724475,-3.0084266209827777,0
1595877937.0101807,358.7932024454845,-3.0084266209827777,0
1595877937.016901,360,-3.0084266209827777,1
1595877937.016901,0,-3.0084266209827777,0
1595877937.016901,-3.0084266209827777,-3.0084266209827777,0
1595877937.0202,0.5938015436900739,-3.0084266209827777,0
1595877937.0301948,2.392855689503062,-3.0084266209827777,0
1595877937.0373363,3.6783419108165387,-3.0084266209827777,0
1595877937.0373363,2.5748393375715772,-4.11192919422774,0
1595877937.040195,3.089394314988569,-4.11192919422774,0
1595877937.0501935,4.88913510630937,-4.11192919422774,0
1595877937.060204,6.691021664842085,-4.11192919422774,0
1595877937.0701978,8.48990414927812,-4.11192919422774,0
1595877937.080192,10.288872464402631,-4.11192919422774,0
1595877937.0901906,12.088613255723432,-4.11192919422774,0
1595877937.100199,13.890113576158003,-4.11192919422774,0
1595877937.1101973,15.689811452134565,-4.11192919422774,0
1595877937.120204,17.491011365159466,-4.11192919422774,0
1595877937.1301923,19.28890679667802,-4.11192919422774,0
1595877937.1401882,21.0881755192122,-4.11192919422774,0
1595877937.1501997,22.890233739121868,-4.11192919422774,0
1595877937.1601994,24.69018910716386,-4.11192919422774,0
1595877937.1701915,26.488771184190227,-4.11192919422774,0
1595877937.180188,28.288125737412884,-4.11192919422774,0
1595877937.1902049,30.091171010240032,-4.11192919422774,0
1595877937.2002008,31.89043973277421,-4.11192919422774,0
1595877937.210206,33.691382153733684,-4.11192919422774,0
1595877937.220191,35.4886767704329,-4.11192919422774,0
1595877937.230199,37.290134175523235,-4.11192919422774,0
1595877937.2402015,39.09056161235185,-4.11192919422774,0
1595877937.2502027,40.89077447245927,-4.11192919422774,0
1595877937.2601964,42.689656956895305,-4.11192919422774,0
1595877937.2702026,44.49077103923173,-4.11192919422774,0
1595877937.2801898,46.288451894029095,-4.11192919422774,0
1595877937.290204,48.09102509806962,-4.11192919422774,0
1595877937.300191,49.88866303752275,-4.11192919422774,0
1595877937.3101988,51.69007752726884,-4.11192919422774,0
1595877937.3202026,53.490762456162884,-4.11192919422774,0
1595877937.3301945,55.28930161784501,-4.11192919422774,0
1595877937.3401992,57.09015820811601,-4.11192919422774,0
1595877937.3502016,58.89058564494462,-4.11192919422774,0
1595877937.3601966,60.68968270610185,-4.11192919422774,0
1595877937.3701952,62.48942349742265,-4.11192919422774,0
1595877937.380197,64.28976510356279,-4.11192919422774,0
1595877937.3901951,66.08942006419511,-4.11192919422774,0
1595877937.4001884,67.88821671794267,-4.11192919422774,0
1595877937.4101949,69.68937371562333,-4.11192919422774,0
1595877937.4202058,71.49134610484452,-4.11192919422774,0
1595877937.4301906,73.2885978061995,-4.11192919422774,0
1595877937.4402025,75.09074185679765,-4.11192919422774,0
1595877937.4501886,76.88825105021806,-4.11192919422774,0
1595877937.4602063,78.69142506907792,-4.11192919422774,0
1595877937.4701884,80.48820470164628,-4.11192919422774,0
1595877937.480191,82.28867505381913,-4.11192919422774,0
1595877937.4901943,84.0892741520247,-4.11192919422774,0
1595877937.5001876,85.88807080577226,-4.11192919422774,0
1595877937.5101972,87.68978570292802,-4.11192919422774,0
1595877937.5201874,89.48802445720048,-4.11192919422774,0
1595877937.5302062,91.29141305278154,-4.11192919422774,0
1595877937.5401878,93.08810685466142,-4.11192919422774,0
1595877937.550195,94.8893925983748,-4.11192919422774,0
1595877937.5601873,96.6880175907454,-4.11192919422774,0
1595877937.5701888,98.48827336619706,-4.11192919422774,0
1595877937.5801952,100.28943036387773,-4.11192919422774,0
1595877937.5901985,102.0900294620833,-4.11192919422774,0
1595877937.6001968,103.88972733805986,-4.11192919422774,0
1595877937.6101906,105.68860982249589,-4.11192919422774,0
1595877937.6202025,107.49075387309404,-4.11192919422774,0
1595877937.6302023,109.29070924113603,-4.11192919422774,0
1595877937.6401923,111.08890508006425,-4.11192919422774,0
1595877937.650191,112.88868878672929,-4.11192919422774,0
1595877937.6601925,114.68894456218095,-4.11192919422774,0
1595877937.6701963,116.489629491075,-4.11192919422774,0
1595877937.6802046,118.29112981150956,-4.11192919422774,0
1595877937.6901896,120.08842442820878,-4.11192919422774,0
1595877937.7001872,121.88799355815263,-4.11192919422774,0
1595877937.710203,123.69082425425859,-4.11192919422774,0
1595877937.7201984,125.49000714610429,-4.11192919422774,0
1595877937.7301965,127.28966210673661,-4.11192919422774,0
1595877937.7401905,129.0885875065169,-4.11192919422774,0
1595877937.7501984,130.89000199626298,-4.11192919422774,0
1595877937.760188,132.68815491984697,-4.11192919422774,0
1595877937.7701936,134.48914025615068,-4.11192919422774,0
1595877937.780197,136.28973935435624,-4.11192919422774,0
1595877937.7901986,138.09003804515214,-4.11192919422774,0
1595877937.8001907,139.8886201221785,-4.11192919422774,0
1595877937.8101997,141.6902491886458,-4.11192919422774,0
1595877937.8201928,143.4890029270491,-4.11192919422774,0
1595877937.8301919,145.2888295490584,-4.11192919422774,0
1595877937.8402007,147.09041570018144,-4.11192919422774,0
1595877937.8502002,148.8903281528792,-4.11192919422774,0
1595877937.8601882,150.6881806690535,-4.11192919422774,0
1595877937.87019,152.4884793598494,-4.11192919422774,0
1595877937.8801959,154.2895505268416,-4.11192919422774,0
1595877937.8901923,156.08890508006425,-4.11192919422774,0
1595877937.9002028,157.89079163859697,-4.11192919422774,0
1595877937.9101925,159.68894456218095,-4.11192919422774,0
1595877937.920199,161.4901015598616,-4.11192919422774,0
1595877937.9301913,163.28872655223222,-4.11192919422774,0
1595877937.9401946,165.0893256504378,-4.11192919422774,0
1595877937.9501884,166.88820813487382,-4.11192919422774,0
1595877937.9602041,168.69103883097978,-4.11192919422774,0
1595877937.9702055,170.49129460643144,-4.11192919422774,0
1595877937.9801905,172.28858922313066,-4.11192919422774,0
1595877937.990198,174.08991788218827,-4.11192919422774,0
1595877938.0001905,175.88858578990312,-4.11192919422774,0
1595877938.0101962,177.68961404155107,-4.11192919422774,0
1595877938.0201938,179.48918317149491,-4.11192919422774,0
1595877938.0301921,181.28888104747148,-4.11192919422774,0
1595877938.0401978,183.08990929911943,-4.11192919422774,0
1595877938.0501926,184.88896344493241,-4.11192919422774,0
1595877938.0601976,186.68986295054765,-4.11192919422774,0
1595877938.070196,188.4895608265242,-4.11192919422774,0
1595877938.0801973,190.28981660197587,-4.11192919422774,0
1595877938.0901978,192.08990071605058,-4.11192919422774,0
1595877938.1002018,193.89062856028886,-4.11192919422774,0
1595877938.1101909,195.68865273784013,-4.11192919422774,0
1595877938.1202016,197.49058221171708,-4.11192919422774,0
1595877938.1301968,199.28972218821855,-4.11192919422774,0
1595877938.1402032,201.0908791858992,-4.11192919422774,0
1595877938.1501913,202.88873170207353,-4.11192919422774,0
1595877938.1601996,204.6902320225081,-4.11192919422774,0
1595877938.1702032,206.4908740360579,-4.11192919422774,0
1595877938.1801994,208.29018567393632,-4.11192919422774,0
1595877938.190188,210.0881240207991,-4.11192919422774,0
1595877938.2002032,211.8908688862166,-4.11192919422774,0
1595877938.2101977,213.68988011668534,-4.11192919422774,0
1595877938.2201884,215.48820470164628,-4.11192919422774,0
1595877938.2301931,217.28906129191728,-4.11192919422774,0
1595877938.240189,219.08833001445146,-4.11192919422774,0
1595877938.2501998,220.8902594883284,-4.11192919422774,0
1595877938.2601929,222.68901322673173,-4.11192919422774,0
1595877938.2701864,224.48785279582353,-4.11192919422774,0
1595877938.2802043,226.29106973002763,-4.11192919422774,0
1595877938.2901871,228.0879781086287,-4.11192919422774,0
1595877938.3001995,229.89020798991533,-4.11192919422774,0
1595877938.3102024,231.69072125743241,-4.11192919422774,0
1595877938.320187,233.4879729587874,-4.11192919422774,0
1595877938.3302004,235.29037450145097,-4.11192919422774,0
1595877938.3402028,237.09080193827958,-4.11192919422774,0
1595877938.350203,238.89084313701005,-4.11192919422774,0
1595877938.3602006,240.6904122669539,-4.11192919422774,0
1595877938.3701875,242.48805020640702,-4.11192919422774,0
1595877938.380198,244.28993676493974,-4.11192919422774,0
1595877938.3901877,246.08808968852372,-4.11192919422774,0
1595877938.4001927,247.88898919413896,-4.11192919422774,0
1595877938.4101994,249.69018910716386,-4.11192919422774,0
1595877938.4201896,251.48842786143632,-4.11192919422774,0
1595877938.4302018,253.2906148273787,-4.11192919422774,0
1595877938.4401863,255.08782361338945,-4.11192919422774,0
1595877938.4502027,256.8907830555281,-4.11192919422774,0
1595877938.4602034,258.69091008494706,-4.11192919422774,0
1595877938.4701896,260.4884192783675,-4.11192919422774,0
1595877938.480189,262.2883317310652,-4.11192919422774,0
1595877938.490199,264.09013245890947,-4.11192919422774,0
1595877938.5001874,265.888027890428,-4.11192919422774,0
1595877938.510189,267.6883265812239,-4.11192919422774,0
1595877938.520192,269.488839848741,-4.11192919422774,0
1595877938.5302007,271.29042599986406,-4.11192919422774,0
1595877938.5402033,273.0908963520369,-4.11192919422774,0
1595877938.550192,274.88887761424394,-4.11192919422774,0
1595877938.5601978,276.6899058658919,-4.11192919422774,0
1595877938.570189,278.4883162815413,-4.11192919422774,0
1595877938.5801935,280.28912995646806,-4.11192919422774,0
1595877938.5901995,282.09020112346025,-4.11192919422774,0
1595877938.6002018,283.89062856028886,-4.11192919422774,0
1595877938.6101863,285.6878373462996,-4.11192919422774,0
1595877938.6201959,287.48955224345536,-4.11192919422774,0
1595877938.6301966,289.2896792728743,-4.11192919422774,0
1595877938.6401947,291.08933423350663,-4.11192919422774,0
1595877938.6501894,292.8883883793196,-4.11192919422774,0
1595877938.6602027,294.6907899219832,-4.11192919422774,0
1595877938.6702003,296.49035905192704,-4.11192919422774,0
1595877938.680188,298.2881257374129,-4.11192919422774,0
1595877938.6901886,300.08825276683183,-4.11192919422774,0
1595877938.7002027,301.8907830555281,-4.11192919422774,0
1595877938.71019,303.6885068256697,-4.11192919422774,0
1595877938.7201903,305.4885480244002,-4.11192919422774,0
1595877938.7302003,307.2903487522444,-4.11192919422774,0
1595877938.7401943,309.0892741520247,-4.11192919422774,0
1595877938.750186,310.8877703983626,-4.11192919422774,0
1595877938.7601936,312.68914197276445,-4.11192919422774,0
1595877938.7702003,314.49034188578935,-4.11192919422774,0
1595877938.7801864,316.28785107920976,-4.11192919422774,0
1595877938.7901914,318.088750584825,-4.11192919422774,0
1595877938.8002017,319.89059422801347,-4.11192919422774,0
1595877938.8101964,321.68964837382646,-4.11192919422774,0
1595877938.8202045,323.4911057789168,-4.11192919422774,0
1595877938.8301923,325.28891537974687,-4.11192919422774,0
1595877938.8401945,327.08929990123124,-4.11192919422774,0
1595877938.8501947,328.8893410999617,-4.11192919422774,0
1595877938.860196,330.6895968754134,-4.11192919422774,0
1595877938.8701985,332.490024312242,-4.11192919422774,0
1595877938.8802001,334.2903230030379,-4.11192919422774,0
1595877938.8901882,336.0881755192122,-4.11192919422774,0
1595877938.9001908,337.88864587138505,-4.11192919422774,0
1595877938.9101913,339.68872998545976,-4.11192919422774,0
1595877938.9201894,341.4883849460921,-4.11192919422774,0
1595877938.9301865,343.28786824534745,-4.11192919422774,0
1595877938.9401915,345.0887677509627,-4.11192919422774,0
1595877938.950206,346.89138387034745,-4.11192919422774,0
1595877938.9601939,348.68919347117753,-4.11192919422774,0
1595877938.970193,350.4890200931868,-4.11192919422774,0
1595877938.9801857,352.2877309162459,-4.11192919422774,0
1595877938.9901958,354.08953164409013,-4.11192919422774,0
1595877939.0001993,355.89017365763993,-4.11192919422774,0
1595877939.0102053,357.6912448246321,-4.11192919422774,0
1595877939.020204,359.49102853129716,-4.11192919422774,0
1595877939.0230334,360,-4.11192919422774,1
1595877939.0230334,0,-4.11192919422774,0
1595877939.0230334,-4.11192919422774,-4.11192919422774,0
1595877939.0232706,0.0427052814802682,-4.11192919422774,0
1595877939.0302014,1.2902543384871041,-4.11192919422774,0
1595877939.0374873,2.601704343064741,-4.11192919422774,0
1595877939.0374873,1.8211930401453187,-4.892440497147162,0
1595877939.0401945,2.308496773971002,-4.892440497147162,0
1595877939.050197,4.108924210799615,-4.892440497147162,0
1595877939.0601945,5.908493340743463,-4.892440497147162,0
1595877939.0701945,7.708491624129693,-4.892440497147162,0
1595877939.0802026,9.509949029220024,-4.892440497147162,0
1595877939.0901904,11.307758630050103,-4.892440497147162,0
1595877939.1001928,13.108186066878716,-4.892440497147162,0
1595877939.1101959,14.908742249740044,-4.892440497147162,0
1595877939.1202028,16.709985078109185,-4.892440497147162,0
1595877939.1301973,18.508996308577935,-4.892440497147162,0
1595877939.1402035,20.31011039091436,-4.892440497147162,0
1595877939.1502104,22.1113532192835,-4.892440497147162,0
1595877939.160208,23.91092234922735,-4.892440497147162,0
1595877939.1702049,25.71036273313848,-4.892440497147162,0
1595877939.180209,27.511090577376763,-4.892440497147162,0
1595877939.1901977,29.309071839583794,-4.892440497147162,0
1595877939.2002084,31.111001313460747,-4.892440497147162,0
1595877939.2101967,32.9088967449793,-4.892440497147162,0
1595877939.2202063,34.71061164213506,-4.892440497147162,0
1595877939.230189,36.50752002073614,-4.892440497147162,0
1595877939.240191,38.307861626876274,-4.892440497147162,0
1595877939.250209,40.111121476424614,-4.892440497147162,0
1595877939.2601998,41.90944606138555,-4.892440497147162,0
1595877939.2702024,43.7099164135584,-4.892440497147162,0
1595877939.2801917,45.50798350645391,-4.892440497147162,0
1595877939.2901893,47.30755263639776,-4.892440497147162,0
1595877939.3002017,49.10978251768438,-4.892440497147162,0
1595877939.3102016,50.90978080107061,-4.892440497147162,0
1595877939.3202002,52.70952159239141,-4.892440497147162,0
1595877939.3302028,54.50999194456426,-4.892440497147162,0
1595877939.340192,56.30805903745977,-4.892440497147162,0
1595877939.3502078,58.11088973356573,-4.892440497147162,0
1595877939.3602026,59.909943879378716,-4.892440497147162,0
1595877939.3702064,61.71062880827276,-4.892440497147162,0
1595877939.3801997,63.50942546202032,-4.892440497147162,0
1595877939.3902085,65.31101161314336,-4.892440497147162,0
1595877939.400189,67.10749083830206,-4.892440497147162,0
1595877939.4102054,68.91045028044073,-4.892440497147162,0
1595877939.4201992,70.70933276487676,-4.892440497147162,0
1595877939.4301925,72.50812941862432,-4.892440497147162,0
1595877939.4401996,74.3094151623377,-4.892440497147162,0
1595877939.4502006,76.10958510710088,-4.892440497147162,0
1595877939.4601922,77.90808135343877,-4.892440497147162,0
1595877939.4701898,79.70765048338262,-4.892440497147162,0
1595877939.4802012,81.50970870329229,-4.892440497147162,0
1595877939.4902043,83.31026488615362,-4.892440497147162,0
1595877939.5001945,85.10850364042608,-4.892440497147162,0
1595877939.5101926,86.9081586010584,-4.892440497147162,0
1595877939.5201948,88.70854312254278,-4.892440497147162,0
1595877939.530207,90.51073008848516,-4.892440497147162,0
1595877939.5402021,92.30987006498663,-4.892440497147162,0
1595877939.5502002,94.10952502561895,-4.892440497147162,0
1595877939.5602002,95.90952330900518,-4.892440497147162,0
1595877939.5702064,97.7106373913416,-4.892440497147162,0
1595877939.580197,99.50896197630254,-4.892440497147162,0
1595877939.5902073,101.31080561949102,-4.892440497147162,0
1595877939.6002076,103.11084681822149,-4.892440497147162,0
1595877939.6102076,104.91084510160772,-4.892440497147162,0
1595877939.6201973,106.7089980251917,-4.892440497147162,0
1595877939.6302042,108.51024085356084,-4.892440497147162,0
1595877939.640203,110.31002456022588,-4.892440497147162,0
1595877939.6501906,112.10779124571172,-4.892440497147162,0
1595877939.6601973,113.90899115873663,-4.892440497147162,0
1595877939.670196,115.70877486540167,-4.892440497147162,0
1595877939.680199,117.50928813291875,-4.892440497147162,0
1595877939.6901982,119.30915767027227,-4.892440497147162,0
1595877939.700205,121.11040049864141,-4.892440497147162,0
1595877939.7101948,122.9085534222254,-4.892440497147162,0
1595877939.7202008,124.70962458921758,-4.892440497147162,0
1595877939.730189,126.50752002073614,-4.892440497147162,0
1595877939.740192,128.30803328825323,-4.892440497147162,0
1595877939.7502086,130.11103564573614,-4.892440497147162,0
1595877939.7601962,131.90880233122198,-4.892440497147162,0
1595877939.7701952,133.70862895323125,-4.892440497147162,0
1595877939.7801955,135.50867015196172,-4.892440497147162,0
1595877939.7902074,137.31081420255987,-4.892440497147162,0
1595877939.8001964,139.10883838011114,-4.892440497147162,0
1595877939.8101897,140.9076350338587,-4.892440497147162,0
1595877939.8202064,142.7106373913416,-4.892440497147162,0
1595877939.8301916,144.50797492338506,-4.892440497147162,0
1595877939.8401961,146.30878859831182,-4.892440497147162,0
1595877939.850196,148.1087439663538,-4.892440497147162,0
1595877939.8601983,149.90917140318243,-4.892440497147162,0
1595877939.8701966,151.708869279159,-4.892440497147162,0
1595877939.880203,153.51002627683965,-4.892440497147162,0
1595877939.8901887,155.3074496395716,-4.892440497147162,0
1595877939.9001932,157.10826331449834,-4.892440497147162,0
1595877939.9102018,158.90980655027715,-4.892440497147162,0
1595877939.9201932,160.7082598812708,-4.892440497147162,0
1595877939.9301941,162.508429826034,-4.892440497147162,0
1595877939.940209,164.311088860763,-4.892440497147162,0
1595877939.9501972,166.10898429228155,-4.892440497147162,0
1595877939.960197,167.90893966032354,-4.892440497147162,0
1595877939.9702,169.70949584318487,-4.892440497147162,0
1595877939.9802036,171.51013785673467,-4.892440497147162,0
1595877939.9901993,173.30936366392461,-4.892440497147162,0
1595877940.0002086,175.11103564573614,-4.892440497147162,0
1595877940.0102086,176.91103392912237,-4.892440497147162,0
1595877940.0201995,178.70940142942754,-4.892440497147162,0
1595877940.0301883,180.50738269163458,-4.892440497147162,0
1595877940.0401947,182.30853968931524,-4.892440497147162,0
1595877940.0501893,184.107550919784,-4.892440497147162,0
1595877940.060189,185.90750628782598,-4.892440497147162,0
1595877940.070189,187.7075045712122,-4.892440497147162,0
1595877940.0801957,189.50870448423711,-4.892440497147162,0
1595877940.0902,191.30947524381963,-4.892440497147162,0
1595877940.1002073,193.11080390287725,-4.892440497147162,0
1595877940.1101956,194.9086993343958,-4.892440497147162,0
1595877940.1202004,196.7095559246668,-4.892440497147162,0
1595877940.1302035,198.51011210752813,-4.892440497147162,0
1595877940.1401963,200.3088229305872,-4.892440497147162,0
1595877940.150202,202.10985118223516,-4.892440497147162,0
1595877940.1602066,203.91066485716192,-4.892440497147162,0
1595877940.1702006,205.7095902569422,-4.892440497147162,0
1595877940.1801949,207.5085585720667,-4.892440497147162,0
1595877940.190197,209.30894309355108,-4.892440497147162,0
1595877940.200198,211.10911303831426,-4.892440497147162,0
1595877940.2102065,212.91065627409307,-4.892440497147162,0
1595877940.2201967,214.70889502836553,-4.892440497147162,0
1595877940.2301917,216.50799208952276,-4.892440497147162,0
1595877940.2402074,218.31082278562872,-4.892440497147162,0
1595877940.2502043,220.11026316953985,-4.892440497147162,0
1595877940.2602034,221.91008979154913,-4.892440497147162,0
1595877940.2701988,223.70927268339483,-4.892440497147162,0
1595877940.2801988,225.50927096678106,-4.892440497147162,0
1595877940.2902062,227.31059962583868,-4.892440497147162,0
1595877940.300196,229.10875254942266,-4.892440497147162,0
1595877940.3102036,230.91012412382452,-4.892440497147162,0
1595877940.3201907,232.70780497862188,-4.892440497147162,0
1595877940.3302069,234.5107215054163,-4.892440497147162,0
1595877940.340205,236.31037646604864,-4.892440497147162,0
1595877940.350208,238.11093264890997,-4.892440497147162,0
1595877940.3601928,239.90818435026495,-4.892440497147162,0
1595877940.370192,241.70805388761846,-4.892440497147162,0
1595877940.3801947,243.5085242397913,-4.892440497147162,0
1595877940.3901973,245.30899459196417,-4.892440497147162,0
1595877940.4002,247.10946494413702,-4.892440497147162,0
1595877940.4101934,248.9083045132288,-4.892440497147162,0
1595877940.4201899,250.70765906645147,-4.892440497147162,0
1595877940.4301915,252.50795775724737,-4.892440497147162,0
1595877940.4402032,254.31005889250127,-4.892440497147162,0
1595877940.4502048,256.1103575832972,-4.892440497147162,0
1595877940.4601905,257.9077809460291,-4.892440497147162,0
1595877940.4702005,259.70958167387334,-4.892440497147162,0
1595877940.4801989,261.5092795498499,-4.892440497147162,0
1595877940.490193,263.3082049496302,-4.892440497147162,0
1595877940.5002053,265.1104348309168,-4.892440497147162,0
1595877940.5101938,266.9083731777796,-4.892440497147162,0
1595877940.5202045,268.71030265165655,-4.892440497147162,0
1595877940.5301895,270.50759726835577,-4.892440497147162,0
1595877940.5401907,272.3078101284632,-4.892440497147162,0
1595877940.5502043,274.110254586471,-4.892440497147162,0
1595877940.5601993,275.9093516476282,-4.892440497147162,0
1595877940.5702002,277.7095215923914,-4.892440497147162,0
1595877940.5801878,279.50728827787725,-4.892440497147162,0
1595877940.5901923,281.308101952804,-4.892440497147162,0
1595877940.600205,283.11037474943487,-4.892440497147162,0
1595877940.6102076,284.9108451016077,-4.892440497147162,0
1595877940.6202066,286.710671723617,-4.892440497147162,0
1595877940.6301877,288.5072796948084,-4.892440497147162,0
1595877940.6401994,290.3093808300623,-4.892440497147162,0
1595877940.6502051,292.11040908171026,-4.892440497147162,0
1595877940.6602025,293.90993529630987,-4.892440497147162,0
1595877940.6701977,295.70907527281133,-4.892440497147162,0
1595877940.6801968,297.5089018948206,-4.892440497147162,0
1595877940.6901913,299.30791312528936,-4.892440497147162,0
1595877940.700207,301.1107438213953,-4.892440497147162,0
1595877940.7101932,302.9082530148157,-4.892440497147162,0
1595877940.7201903,304.7077363140711,-4.892440497147162,0
1595877940.730194,306.50842124296514,-4.892440497147162,0
1595877940.7401974,308.3090203411707,-4.892440497147162,0
1595877940.7501898,310.1076453335413,-4.892440497147162,0
1595877940.7601914,311.9079440243372,-4.892440497147162,0
1595877940.770199,313.70931559873907,-4.892440497147162,0
1595877940.780194,315.5084126598963,-4.892440497147162,0
1595877940.7901893,317.30755263639776,-4.892440497147162,0
1595877940.8001971,319.10896712614385,-4.892440497147162,0
1595877940.810188,320.907334626449,-4.892440497147162,0
1595877940.8201878,322.707289994491,-4.892440497147162,0
1595877940.8302064,324.51063567472784,-4.892440497147162,0
1595877940.8402045,326.31029063536016,-4.892440497147162,0
1595877940.8501918,328.10801440550176,-4.892440497147162,0
1595877940.8601968,329.908913911117,-4.892440497147162,0
1595877940.8701885,331.7074101574549,-4.892440497147162,0
1595877940.8801951,333.5086100704798,-4.892440497147162,0
1595877940.8902054,335.31045371366827,-4.892440497147162,0
1595877940.9001908,337.10783416105596,-4.892440497147162,0
1595877940.9101908,338.9078324444422,-4.892440497147162,0
1595877940.9201941,340.70843154264776,-4.892440497147162,0
1595877940.930206,342.5105755932459,-4.892440497147162,0
1595877940.9402015,344.3097584850916,-4.892440497147162,0
1595877940.950206,346.11057216001836,-4.892440497147162,0
1595877940.9602041,347.9102271206507,-4.892440497147162,0
1595877940.970194,349.7084229595789,-4.892440497147162,0
1595877940.9801962,351.5088074810633,-4.892440497147162,0
1595877940.9901924,353.3081191189417,-4.892440497147162,0
1595877941.0001998,355.1094477779993,-4.892440497147162,0
1595877941.0101936,356.90833026243536,-4.892440497147162,0
1595877941.020205,358.710388482345,-4.892440497147162,0
1595877941.0273752,360,-4.892440497147162,1
1595877941.0273752,0,-4.892440497147162,0
1595877941.0273752,-4.892440497147162,-4.892440497147162,0
1595877941.027549,0.03127986265508387,-4.892440497147162,0
1595877941.0302126,0.510730088485162,-4.892440497147162,0
1595877941.0375924,1.8390887386926815,-4.892440497147162,0
1595877941.0375924,1.2873621170848772,-5.444167118754967,0
1595877941.0402105,1.7586155121654432,-5.444167118754967,0
1595877941.0502157,3.559557933124916,-5.444167118754967,0
1595877941.060198,5.3563804810375135,-5.444167118754967,0
1595877941.0702064,7.157880801472084,-5.444167118754967,0
1595877941.0802128,8.959037799152748,-5.444167118754967,0
1595877941.0901995,10.756632823261635,-5.444167118754967,0
1595877941.1001968,12.556159037861244,-5.444167118754967,0
1595877941.110202,14.357101458820717,-5.444167118754967,0
1595877941.1202004,16.156799334797277,-5.444167118754967,0
1595877941.130199,17.956540126118078,-5.444167118754967,0
1595877941.1402044,19.75752546242179,-5.444167118754967,0
1595877941.1502051,21.557652491840734,-5.444167118754967,0
1595877941.16021,23.35850908211173,-5.444167118754967,0
1595877941.1702065,25.157906550678625,-5.444167118754967,0
1595877941.1801968,26.956145304951086,-5.444167118754967,0
1595877941.1902106,28.758632678303137,-5.444167118754967,0
1595877941.200211,30.558716792377844,-5.444167118754967,0
1595877941.2102015,32.35699846199454,-5.444167118754967,0
1595877941.2202127,34.15901376655997,-5.444167118754967,0
1595877941.2302012,35.956952113422766,-5.444167118754967,0
1595877941.2402153,37.759482402119055,-5.444167118754967,0
1595877941.2502148,39.55939485481681,-5.444167118754967,0
1595877941.2601974,41.356260318073645,-5.444167118754967,0
1595877941.270205,43.1576318924755,-5.444167118754967,0
1595877941.2802103,44.95857431343497,-5.444167118754967,0
1595877941.29021,46.758529681476965,-5.444167118754967,0
1595877941.3002133,48.55912877968253,-5.444167118754967,0
1595877941.310209,50.35835458687247,-5.444167118754967,0
1595877941.3201962,52.156035441669836,-5.444167118754967,0
1595877941.3302104,53.95860864571036,-5.444167118754967,0
1595877941.3402078,55.75813486030997,-5.444167118754967,0
1595877941.3501964,57.556073207172766,-5.444167118754967,0
1595877941.360201,59.35688688209952,-5.444167118754967,0
1595877941.3702047,61.157571810993566,-5.444167118754967,0
1595877941.3802104,62.958600062641516,-5.444167118754967,0
1595877941.3902092,64.75838376930656,-5.444167118754967,0
1595877941.4002128,66.55902578285637,-5.444167118754967,0
1595877941.4102135,68.35915281227531,-5.444167118754967,0
1595877941.420198,70.15636159828605,-5.444167118754967,0
1595877941.4302125,71.95897771767082,-5.444167118754967,0
1595877941.4402149,73.75940515449943,-5.444167118754967,0
1595877941.4502027,75.55721475532951,-5.444167118754967,0
1595877941.4601982,77.35639764717521,-5.444167118754967,0
1595877941.4702103,79.1585846131176,-5.444167118754967,0
1595877941.4802027,80.9572096054882,-5.444167118754967,0
1595877941.4901958,82.75596334389152,-5.444167118754967,0
1595877941.5002117,84.55883695534172,-5.444167118754967,0
1595877941.5101988,86.35651781013908,-5.444167118754967,0
1595877941.5202107,88.15866186073723,-5.444167118754967,0
1595877941.5302012,89.95694353035393,-5.444167118754967,0
1595877941.5402038,91.75741388252678,-5.444167118754967,0
1595877941.550195,93.55582429817619,-5.444167118754967,0
1595877941.5602088,95.35831167152824,-5.444167118754967,0
1595877941.5702145,97.15933992317619,-5.444167118754967,0
1595877941.5802119,98.9588661377758,-5.444167118754967,0
1595877941.5901957,100.75594617775383,-5.444167118754967,0
1595877941.6001966,102.55611612251701,-5.444167118754967,0
1595877941.6102064,104.35787393501701,-5.444167118754967,0
1595877941.6202075,106.15808679512443,-5.444167118754967,0
1595877941.630207,107.95799924782219,-5.444167118754967,0
1595877941.6402147,109.75937082222404,-5.444167118754967,0
1595877941.650208,111.5581674759716,-5.444167118754967,0
1595877941.6601968,113.35614873817863,-5.444167118754967,0
1595877941.670196,115.15601827553215,-5.444167118754967,0
1595877941.6802132,116.95910646370353,-5.444167118754967,0
1595877941.6902132,118.75910474708976,-5.444167118754967,0
1595877941.700196,120.55601312569084,-5.444167118754967,0
1595877941.7102063,122.35785676887932,-5.444167118754967,0
1595877941.7201946,124.15575220039787,-5.444167118754967,0
1595877941.730201,125.95690919807853,-5.444167118754967,0
1595877941.7402093,127.7584095185131,-5.444167118754967,0
1595877941.750207,129.55797864845695,-5.444167118754967,0
1595877941.760197,131.35617448738518,-5.444167118754967,0
1595877941.7701993,133.1566019242138,-5.444167118754967,0
1595877941.7801983,134.95642854622307,-5.444167118754967,0
1595877941.790201,136.75689889839592,-5.444167118754967,0
1595877941.8001995,138.55663968971672,-5.444167118754967,0
1595877941.8102007,140.35685254982414,-5.444167118754967,0
1595877941.8202052,142.1576662247509,-5.444167118754967,0
1595877941.8301957,143.9559478943676,-5.444167118754967,0
1595877941.8401961,145.7560320084423,-5.444167118754967,0
1595877941.8502083,147.5582189743847,-5.444167118754967,0
1595877941.860211,149.35868932655754,-5.444167118754967,0
1595877941.8702075,151.15808679512443,-5.444167118754967,0
1595877941.8802142,152.95928670814934,-5.444167118754967,0
1595877941.8902094,154.7584266846508,-5.444167118754967,0
1595877941.9002051,156.55765249184074,-5.444167118754967,0
1595877941.9101999,158.35670663765373,-5.444167118754967,0
1595877941.9202058,160.15777780464592,-5.444167118754967,0
1595877941.930197,161.95618822029533,-5.444167118754967,0
1595877941.9402072,163.7580318634838,-5.444167118754967,0
1595877941.9502141,165.55927469185295,-5.444167118754967,0
1595877941.960204,167.35742761543693,-5.444167118754967,0
1595877941.970205,169.15764047554435,-5.444167118754967,0
1595877941.980199,170.95656587532463,-5.444167118754967,0
1595877941.990213,172.75905324867668,-5.444167118754967,0
1595877942.000207,174.55797864845695,-5.444167118754967,0
