Timestamp,Phase,Heading,Ping?
1596032727.0119188,224.96033327346709,224.96033327346709,0
1596032727.0219557,226.765138075408,224.96033327346709,0
1596032727.0319426,228.56277601486113,224.96033327346709,0
1596032727.0419323,230.3609289384451,224.96033327346709,0
1596032727.0519316,232.16079847579863,224.96033327346709,0
1596032727.0619712,233.9679207063284,224.96033327346709,0
1596032727.0719638,235.76658861404326,224.96033327346709,0
1596032727.0819352,237.5614370561209,224.96033327346709,0
1596032727.091959,239.36572687393095,224.96033327346709,0
1596032727.101953,241.16465227371123,224.96033327346709,0
1596032727.1119456,242.96332018142607,224.96033327346709,0
1596032727.1219463,244.76344721084502,224.96033327346709,0
1596032727.1319485,246.5638317323294,224.96033327346709,0
1596032727.1419423,248.36271421676543,224.96033327346709,0
1596032727.1519322,250.16091005569365,224.96033327346709,0
1596032727.161949,251.96391241317656,224.96033327346709,0
1596032727.1719294,253.76039163833525,224.96033327346709,0
1596032727.181936,255.56159155136015,224.96033327346709,0
1596032727.1919427,257.36279146438505,224.96033327346709,0
1596032727.2019455,259.16330473190214,224.96033327346709,0
1596032727.2119353,260.96145765548613,224.96033327346709,0
1596032727.2219455,262.7633012986746,224.96033327346709,0
1596032727.2319326,264.56098215347197,224.96033327346709,0
1596032727.2419467,266.36351244216826,224.96033327346709,0
1596032727.2519403,268.16235201126005,224.96033327346709,0
1596032727.2619476,269.9636806703177,224.96033327346709,0
1596032727.2719502,271.7641510224905,224.96033327346709,0
1596032727.2819417,273.5626043534842,224.96033327346709,0
1596032727.291951,275.3642763352957,224.96033327346709,0
1596032727.3019493,277.16397421127226,224.96033327346709,0
1596032727.3119452,278.96324293380644,224.96033327346709,0
1596032727.3219404,280.7623829103079,224.96033327346709,0
1596032727.3319378,282.5619091249075,224.96033327346709,0
1596032727.3419333,284.3610920167532,224.96033327346709,0
1596032727.351934,286.16121904617216,224.96033327346709,0
1596032727.3619325,287.96095983749296,224.96033327346709,0
1596032727.371944,289.76301805740263,224.96033327346709,0
1596032727.3819356,291.5615143037405,224.96033327346709,0
1596032727.3919406,293.36241380935576,224.96033327346709,0
1596032727.4019408,295.1624550080862,224.96033327346709,0
1596032727.4119291,296.9603504396048,224.96033327346709,0
1596032727.4219396,298.7622369981375,224.96033327346709,0
1596032727.4319403,300.56236402755644,224.96033327346709,0
1596032727.4419377,302.36189024215605,224.96033327346709,0
1596032727.451939,304.1621460176077,224.96033327346709,0
1596032727.4619403,305.96235887771513,224.96033327346709,0
1596032727.47195,307.76411669021513,224.96033327346709,0
1596032727.4819365,309.5616687989798,224.96033327346709,0
1596032727.49193,311.3605083680716,224.96033327346709,0
1596032727.5019448,313.1631674028006,224.96033327346709,0
1596032727.5119388,314.96209280258086,224.96033327346709,0
1596032727.5219338,316.7611898637381,224.96033327346709,0
1596032727.5319486,318.5638488984671,224.96033327346709,0
1596032727.541953,320.36466257339384,224.96033327346709,0
1596032727.5519495,322.1640171266165,224.96033327346709,0
1596032727.561929,323.96032469039824,224.96033327346709,0
1596032727.5719497,325.7640566087332,224.96033327346709,0
1596032727.5819302,327.5605358338919,224.96033327346709,0
1596032727.5919487,329.3638815141287,224.96033327346709,0
1596032727.601949,331.1639227128592,224.96033327346709,0
1596032727.6074522,332.1544946885672,224.96033327346709,0
1596032727.6074522,351.64634840657016,244.45218699147006,0
1596032727.6119442,352.4549164073636,244.45218699147006,0
1596032727.6219358,354.2534126537015,244.45218699147006,0
1596032727.6319332,356.0529388683011,244.45218699147006,0
1596032727.6419387,357.8539242046048,244.45218699147006,0
1596032727.6519344,359.65315001179476,244.45218699147006,0
1596032727.6538806,360,244.45218699147006,1
1596032727.661948,361.4555944698026,244.45218699147006,0
1596032727.6719503,363.2560219066312,244.45218699147006,0
1596032727.6819367,365.05357401539584,244.45218699147006,0
1596032727.6919372,366.85365812947055,244.45218699147006,0
1596032727.7019417,368.6544718043973,244.45218699147006,0
1596032727.7119386,370.45391218830844,244.45218699147006,0
1596032727.721947,372.255412508743,244.45218699147006,0
1596032727.7319472,374.0554537074735,244.45218699147006,0
1596032727.7419462,375.85528032948275,244.45218699147006,0
1596032727.7519355,377.65334742237826,244.45218699147006,0
1596032727.7619505,379.4560493724515,244.45218699147006,0
1596032727.771942,381.25450270344516,244.45218699147006,0
1596032727.781949,383.05578844715853,244.45218699147006,0
1596032727.7919316,384.85265391041537,244.45218699147006,0
1596032727.8019314,386.65260927845736,244.45218699147006,0
1596032727.8119445,388.4549679057767,244.45218699147006,0
1596032727.8219323,390.2527775066068,244.45218699147006,0
1596032727.8319426,392.05462114979525,244.45218699147006,0
1596032727.8419347,393.8532032268216,244.45218699147006,0
1596032727.8519454,395.6551327006986,244.45218699147006,0
1596032727.8619313,397.45259897877474,244.45218699147006,0
1596032727.871948,399.25560133625766,244.45218699147006,0
1596032727.8819344,401.0531534450223,244.45218699147006,0
1596032727.8919303,402.8524221675565,244.45218699147006,0
1596032727.9019353,404.6533216731717,244.45218699147006,0
1596032727.9119406,406.4542640941312,244.45218699147006,0
1596032727.9219441,408.254906107681,244.45218699147006,0
1596032727.9319472,410.0554622905423,244.45218699147006,0
1596032727.9419348,411.85322897602816,244.45218699147006,0
1596032727.9519315,413.65262644459506,244.45218699147006,0
1596032727.9619372,415.453654696243,244.45218699147006,0
1596032727.971944,417.25489752461215,244.45218699147006,0
1596032727.9819355,419.0533508556058,244.45218699147006,0
1596032727.9919288,420.85214750935336,244.45218699147006,0
1596032728.0019283,422.6520599620511,244.45218699147006,0
1596032728.0119386,424.4539036052396,244.45218699147006,0
1596032728.0219395,426.2540735500028,244.45218699147006,0
1596032728.0319335,428.05299894978305,244.45218699147006,0
1596032728.0419335,429.8529972331693,244.45218699147006,0
1596032728.051946,431.6552271144559,244.45218699147006,0
1596032728.0619388,433.453937937515,244.45218699147006,0
1596032728.071935,435.2532495753934,244.45218699147006,0
1596032728.0819392,437.0540203349759,244.45218699147006,0
1596032728.0919487,438.8557352321317,244.45218699147006,0
1596032728.1019366,440.65354483296176,244.45218699147006,0
1596032728.1119342,442.4531139629056,244.45218699147006,0
1596032728.1219287,444.25212519337435,244.45218699147006,0
1596032728.131948,446.0555996196439,244.45218699147006,0
1596032728.1419358,447.85340922047396,244.45218699147006,0
1596032728.151947,449.6554245250394,244.45218699147006,0
1596032728.1619322,451.45276205708285,244.45218699147006,0
1596032728.1719368,453.2535757320096,244.45218699147006,0
1596032728.1819358,455.0534023540189,244.45218699147006,0
1596032728.1919353,456.85331480671664,244.45218699147006,0
1596032728.2019424,458.65460055043,244.45218699147006,0
1596032728.211945,460.45507090260287,244.45218699147006,0
1596032728.2219386,462.25391047169467,244.45218699147006,0
1596032728.2319393,464.0540375011136,244.45218699147006,0
1596032728.2419302,465.8524050014188,244.45218699147006,0
1596032728.2519324,467.65278952290316,244.45218699147006,0
1596032728.2619486,469.4557060496976,244.45218699147006,0
1596032728.2719417,471.2544597881009,244.45218699147006,0
1596032728.2819426,473.0546297328641,244.45218699147006,0
1596032728.2919316,474.85265391041537,244.45218699147006,0
1596032728.3019433,476.6547550456693,244.45218699147006,0
1596032728.3119302,478.4523929851224,244.45218699147006,0
1596032728.321942,480.25453703572055,244.45218699147006,0
1596032728.3319416,482.0544494884183,244.45218699147006,0
1596032728.3419309,483.8525165813138,244.45218699147006,0
1596032728.3519301,485.6523861186673,244.45218699147006,0
1596032728.3619313,487.45259897877474,244.45218699147006,0
1596032728.371934,489.2530693309476,244.45218699147006,0
1596032728.3819325,491.0528101222684,244.45218699147006,0
1596032728.3919353,492.8533233897855,244.45218699147006,0
1596032728.4019387,494.65392248799105,244.45218699147006,0
1596032728.411943,496.4546932475736,244.45218699147006,0
1596032728.4219496,498.2558931605985,244.45218699147006,0
1596032728.4319327,500.0528444545438,244.45218699147006,0
1596032728.4419482,501.8556322353055,244.45218699147006,0
1596032728.4519477,503.65554468800326,244.45218699147006,0
1596032728.4619355,505.45335428883334,244.45218699147006,0
1596032728.4719322,507.25275175740023,244.45218699147006,0
1596032728.4819498,509.0559257762601,244.45218699147006,0
1596032728.4919438,510.85485117604037,244.45218699147006,0
1596032728.5019495,512.6558794276883,244.45218699147006,0
1596032728.5119395,514.4540752666165,244.45218699147006,0
1596032728.5219374,516.2536873119046,244.45218699147006,0
1596032728.5319388,518.0539430873563,244.45218699147006,0
1596032728.5419412,519.8543705241849,244.45218699147006,0
1596032728.5519385,521.6538967387845,244.45218699147006,0
1596032728.561937,523.4536375301053,244.45218699147006,0
1596032728.5719333,525.2529491679837,244.45218699147006,0
1596032728.581936,527.0534195201566,244.45218699147006,0
1596032728.5919306,528.8524736659696,244.45218699147006,0
1596032728.6019368,530.653587748306,244.45218699147006,0
1596032728.6119332,532.4529423015287,244.45218699147006,0
1596032728.6219306,534.2524685161283,244.45218699147006,0
1596032728.63193,536.052380968826,244.45218699147006,0
1596032728.641947,537.8554262416532,244.45218699147006,0
1596032728.6519394,539.6540512340238,244.45218699147006,0
1596032728.6619477,541.4555515544583,244.45218699147006,0
1596032728.671939,543.2539619701078,244.45218699147006,0
1596032728.6819477,545.0555481212308,244.45218699147006,0
1596032728.691946,546.8552459972074,244.45218699147006,0
1596032728.7019336,548.6530126826932,244.45218699147006,0
1596032728.7119386,550.4539121883084,244.45218699147006,0
1596032728.7219367,552.2535671489408,244.45218699147006,0
1596032728.7319462,554.0552820460965,244.45218699147006,0
1596032728.7419407,555.8542932765653,244.45218699147006,0
1596032728.7519305,557.6524462001493,244.45218699147006,0
1596032728.761948,559.4556202190091,244.45218699147006,0
1596032728.7719305,561.2524427669217,244.45218699147006,0
1596032728.7819326,563.0528272884061,244.45218699147006,0
1596032728.7919369,564.8535980479886,244.45218699147006,0
1596032728.80193,566.6523517863919,244.45218699147006,0
1596032728.811944,568.4548820750882,244.45218699147006,0
1596032728.8219376,570.25372164418,244.45218699147006,0
1596032728.8319285,572.0520891444852,244.45218699147006,0
1596032728.8419456,573.8551773326566,244.45218699147006,0
1596032728.8519313,575.6526006953885,244.45218699147006,0
1596032728.8619473,577.4554743068387,244.45218699147006,0
1596032728.871931,579.2525543468167,244.45218699147006,0
1596032728.88194,581.0541404979398,244.45218699147006,0
1596032728.8919375,582.8537096278836,244.45218699147006,0
1596032728.9019282,584.6520342128446,244.45218699147006,0
1596032728.9119322,586.4527620570829,244.45218699147006,0
1596032728.9219427,588.2546486156156,244.45218699147006,0
1596032728.9319417,590.0544752376248,244.45218699147006,0
1596032728.9419346,591.8531860606839,244.45218699147006,0
1596032728.9519467,593.6553730266263,244.45218699147006,0
1596032728.9619272,595.451852251785,244.45218699147006,0
1596032728.971935,597.2532667415311,244.45218699147006,0
1596032728.9819438,599.0548528926541,244.45218699147006,0
1596032728.9919293,600.8522333400418,244.45218699147006,0
1596032729.0019288,602.6521457927396,244.45218699147006,0
1596032729.011949,604.4557918803861,244.45218699147006,0
1596032729.011949,0,244.45218699147006,0
1596032729.0219543,246.25312941242953,244.45218699147006,0
1596032729.0319693,248.05583136250277,244.45218699147006,0
1596032729.0419612,249.8543705241849,244.45218699147006,0
1596032729.0519512,251.65256636311312,244.45218699147006,0
1596032729.0619621,253.45453875233432,244.45218699147006,0
1596032729.0719545,255.25316374470492,244.45218699147006,0
1596032729.0819528,257.0528616206815,244.45218699147006,0
1596032729.091965,258.85504858662387,244.45218699147006,0
1596032729.1019595,260.6540598170926,244.45218699147006,0
1596032729.1119657,262.45517389942904,244.45218699147006,0
1596032729.12195,264.25233977009555,244.45218699147006,0
1596032729.1319518,266.0526813762357,244.45218699147006,0
1596032729.1419494,267.85225050617953,244.45218699147006,0
1596032729.1519566,269.6535362498929,244.45218699147006,0
1596032729.1619534,271.45297663380404,244.45218699147006,0
1596032729.1719577,273.25374739338656,244.45218699147006,0
1596032729.1819618,275.05447523762484,244.45218699147006,0
1596032729.1919632,276.8547310130765,244.45218699147006,0
1596032729.2019644,278.6549438731839,244.45218699147006,0
1596032729.2119696,280.4558862941434,244.45218699147006,0
1596032729.2219625,282.2545971172025,244.45218699147006,0
1596032729.231954,284.05309336354037,244.45218699147006,0
1596032729.2419627,285.8546365993192,244.45218699147006,0
1596032729.2519536,287.65300409962435,244.45218699147006,0
1596032729.261955,289.453259875076,244.45218699147006,0
1596032729.2719667,291.2553610103299,244.45218699147006,0
1596032729.2819502,293.0523981349637,244.45218699147006,0
1596032729.2919617,294.8544563548734,244.45218699147006,0
1596032729.30195,296.65235178639193,244.45218699147006,0
1596032729.3119612,298.45436709095736,244.45218699147006,0
1596032729.32195,300.2523483531644,244.45218699147006,0
1596032729.3319597,302.0541061656644,244.45218699147006,0
1596032729.341956,303.8534178035428,244.45218699147006,0
1596032729.3519542,305.6531156795194,244.45218699147006,0
1596032729.3619568,307.4535860316922,244.45218699147006,0
1596032729.3719575,309.25371306111117,244.45218699147006,0
1596032729.381962,311.05452673603793,244.45218699147006,0
1596032729.3919637,312.8548254268338,244.45218699147006,0
1596032729.4019578,314.6537508266141,244.45218699147006,0
1596032729.4119663,316.4552940623929,244.45218699147006,0
1596032729.421957,318.25361864735385,244.45218699147006,0
1596032729.4319527,320.0528444545438,244.45218699147006,0
1596032729.4419656,321.8551601665189,244.45218699147006,0
1596032729.4519603,323.6542143123319,244.45218699147006,0
1596032729.4619503,325.4524101512601,244.45218699147006,0
1596032729.471961,327.25433962513705,244.45218699147006,0
1596032729.4819562,329.0534796016385,244.45218699147006,0
1596032729.4919488,330.85214750935336,244.45218699147006,0
1596032729.5019615,332.6544203059842,244.45218699147006,0
1596032729.5119638,334.45484774281283,244.45218699147006,0
1596032729.5150564,335.0115026729276,244.45218699147006,0
1596032729.5150564,352.5034508018783,261.94413512042075,0
1596032729.5219548,353.7451633720687,261.94413512042075,0
1596032729.5319617,355.54640620043784,261.94413512042075,0
1596032729.5419612,357.3463186531356,261.94413512042075,0
1596032729.5519633,359.14670317462,261.94413512042075,0
1596032729.5567107,360,261.94413512042075,1
1596032729.561952,360.944684436827,261.94413512042075,0
1596032729.5719552,362.74524061968833,261.94413512042075,0
1596032729.5819674,364.5474275856307,261.94413512042075,0
1596032729.5919585,366.34583800128013,261.94413512042075,0
1596032729.6019573,368.14562170794517,261.94413512042075,0
1596032729.607644,369.16923849871665,261.94413512042075,0
1596032729.607644,546.1116661339095,261.94413512042075,0
1596032729.611956,546.8877901344588,261.94413512042075,0
1596032729.6219618,548.688861301451,261.94413512042075,0
1596032729.6319652,550.4894603996565,261.94413512042075,0
1596032729.641954,552.2874416618636,261.94413512042075,0
1596032729.6519701,554.090358188658,261.94413512042075,0
1596032729.6619515,555.8870090751936,261.94413512042075,0
1596032729.6719685,557.6900543480208,261.94413512042075,0
1596032729.6819599,559.4885076790144,261.94413512042075,0
1596032729.6919575,561.2880768089583,261.94413512042075,0
1596032729.7019577,563.0881180076888,261.94413512042075,0
1596032729.7119572,564.8880304603865,261.94413512042075,0
1596032729.7219553,566.6876854210188,261.94413512042075,0
1596032729.7319667,568.4897436409285,261.94413512042075,0
1596032729.741969,570.2901710777571,261.94413512042075,0
1596032729.7519562,572.0878519325545,261.94413512042075,0
1596032729.7619483,573.8864340095809,261.94413512042075,0
1596032729.771958,575.6881918220809,261.94413512042075,0
1596032729.7819567,577.4879326134017,261.94413512042075,0
1596032729.791955,579.2876304893782,261.94413512042075,0
1596032729.8019516,581.0870279579451,261.94413512042075,0
1596032729.8119512,582.8869404106429,261.94413512042075,0
1596032729.8219573,584.6880544929793,261.94413512042075,0
1596032729.8319561,586.4878381996443,261.94413512042075,0
1596032729.8419538,588.2874073295882,261.94413512042075,0
1596032729.851962,590.0889076500227,261.94413512042075,0
1596032729.8619483,591.8864168434432,261.94413512042075,0
1596032729.8719695,593.6902345924666,261.94413512042075,0
1596032729.8819487,595.4864992409041,261.94413512042075,0
1596032729.8919547,597.2875704078963,261.94413512042075,0
1596032729.9019563,599.0878690986922,261.94413512042075,0
1596032729.9119673,600.8898414879134,261.94413512042075,0
1596032729.9219553,602.6876940040877,261.94413512042075,0
1596032729.9319649,604.4894089012435,261.94413512042075,0
1596032729.9419694,606.2902225761702,261.94413512042075,0
1596032729.9519603,608.0885900764754,261.94413512042075,0
1596032729.9619634,609.8891462593367,261.94413512042075,0
1596032729.9719505,611.6868271141341,261.94413512042075,0
1596032729.9819505,613.4868253975203,261.94413512042075,0
1596032729.9919689,615.2901281624129,261.94413512042075,0
1596032730.001959,617.0883669166853,261.94413512042075,0
1596032730.0119584,618.8882364540389,261.94413512042075,0
1596032730.02195,620.6867327003768,261.94413512042075,0
1596032730.031963,622.4890913276961,261.94413512042075,0
1596032730.0419672,624.2898191719344,261.94413512042075,0
1596032730.0519664,626.0896887092879,261.94413512042075,0
1596032730.0619648,627.8893865852644,261.94413512042075,0
1596032730.0719697,629.6902860908797,261.94413512042075,0
1596032730.0819566,631.4879240303328,261.94413512042075,0
1596032730.0919569,633.2879652290633,261.94413512042075,0
1596032730.101951,635.0868906288435,261.94413512042075,0
1596032730.1119583,636.8882192879012,261.94413512042075,0
1596032730.1219578,638.6881317405989,261.94413512042075,0
1596032730.1319654,640.4895033150008,261.94413512042075,0
1596032730.1419563,642.287870815306,261.94413512042075,0
1596032730.151964,644.0892423897078,261.94413512042075,0
1596032730.1619647,645.8893694191268,261.94413512042075,0
1596032730.171961,647.6887239723494,261.94413512042075,0
1596032730.18196,649.4885505943587,261.94413512042075,0
1596032730.1919556,651.2877334862044,261.94413512042075,0
1596032730.2019563,653.0878605156233,261.94413512042075,0
1596032730.211963,654.8890604286482,261.94413512042075,0
1596032730.221966,656.6896166115096,261.94413512042075,0
1596032730.2319677,658.4899153023055,261.94413512042075,0
1596032730.2419577,660.2881111412337,261.94413512042075,0
1596032730.2519517,662.087036541014,261.94413512042075,0
1596032730.261966,663.8896097450545,261.94413512042075,0
1596032730.271969,665.6901659279158,261.94413512042075,0
1596032730.2819664,667.4896921425154,261.94413512042075,0
1596032730.2919497,669.286686351805,261.94413512042075,0
1596032730.3019657,671.0895599632552,261.94413512042075,0
1596032730.3119488,672.8865112572005,261.94413512042075,0
1596032730.32195,674.6867241173079,261.94413512042075,0
1596032730.3319633,676.4891256599715,261.94413512042075,0
1596032730.3419628,678.2890381126692,261.94413512042075,0
1596032730.351965,680.0894226341536,261.94413512042075,0
1596032730.3619576,681.8880905418685,261.94413512042075,0
1596032730.371958,683.6881746559432,261.94413512042075,0
1596032730.3819597,685.488473346739,261.94413512042075,0
1596032730.3919656,687.2895445137312,261.94413512042075,0
1596032730.4019628,689.0890278129866,261.94413512042075,0
1596032730.411952,690.8870949058821,261.94413512042075,0
1596032730.4219675,692.6898826866438,261.94413512042075,0
1596032730.4319663,694.4896663933089,261.94413512042075,0
1596032730.4419568,696.2879480629256,261.94413512042075,0
1596032730.451965,698.0894483833601,261.94413512042075,0
1596032730.4619658,699.8895754127791,261.94413512042075,0
1596032730.471955,701.6876425056746,261.94413512042075,0
1596032730.481969,703.4901727943709,261.94413512042075,0
1596032730.4919505,705.2868236809065,261.94413512042075,0
1596032730.50195,707.0867361336043,261.94413512042075,0
1596032730.511961,708.8887085228255,261.94413512042075,0
1596032730.5219476,710.6863035469344,261.94413512042075,0
1596032730.531953,712.4872888832381,261.94413512042075,0
1596032730.5419497,714.286686351805,261.94413512042075,0
1596032730.5519524,716.0871567039778,261.94413512042075,0
1596032730.5619583,717.88822787097,261.94413512042075,0
1596032730.5719507,719.6868528633406,261.94413512042075,0
1596032730.5819588,721.488310268431,261.94413512042075,0
1596032730.5919504,723.2868065147688,261.94413512042075,0
1596032730.6019633,725.0891222267439,261.94413512042075,0
1596032730.6119692,726.8901933937361,261.94413512042075,0
1596032730.62196,728.6885179786971,261.94413512042075,0
1596032730.631965,730.4894174843123,261.94413512042075,0
1596032730.6419604,732.288600376158,261.94413512042075,0
1596032730.651951,734.0869249611189,261.94413512042075,0
1596032730.6619625,735.8889831810286,261.94413512042075,0
1596032730.6719656,737.6895393638899,261.94413512042075,0
1596032730.6819658,739.4895805626204,261.94413512042075,0
1596032730.6919508,741.2868751793196,261.94413512042075,0
1596032730.7019553,743.0876888542464,261.94413512042075,0
1596032730.7119682,744.8900045662215,261.94413512042075,0
1596032730.7219512,746.6869558601668,261.94413512042075,0
1596032730.731962,748.4888853340437,261.94413512042075,0
1596032730.741965,750.2894415169051,261.94413512042075,0
1596032730.7519484,752.0864357261946,261.94413512042075,0
1596032730.7619493,753.8866056709578,261.94413512042075,0
1596032730.7719545,755.6875480919173,261.94413512042075,0
1596032730.7819645,757.4893488197615,261.94413512042075,0
1596032730.79195,759.2867292671492,261.94413512042075,0
1596032730.8019533,761.0873283653548,261.94413512042075,0
1596032730.8119664,762.8896869926741,261.94413512042075,0
1596032730.8219688,764.6901144295027,261.94413512042075,0
1596032730.8319511,766.4869369774153,261.94413512042075,0
1596032730.8419569,768.2879652290633,261.94413512042075,0
1596032730.85195,770.0867189674666,261.94413512042075,0
1596032730.8619683,771.8900217323592,261.94413512042075,0
1596032730.8719542,773.6874880104353,261.94413512042075,0
1596032730.8819675,775.4898895530989,261.94413512042075,0
1596032730.8919597,777.2884716301253,261.94413512042075,0
1596032730.9019678,779.0899290352156,261.94413512042075,0
1596032730.9119542,780.8874811439803,261.94413512042075,0
1596032730.9219542,782.6874794273665,261.94413512042075,0
1596032730.9319673,784.4898380546858,261.94413512042075,0
1596032730.9419518,786.2870468406966,261.94413512042075,0
1596032730.9519567,788.0879463463118,261.94413512042075,0
1596032730.9619591,789.8883737831404,261.94413512042075,0
1596032730.9719474,791.686269214659,261.94413512042075,0
1596032730.9819627,793.4890140800765,261.94413512042075,0
1596032730.991966,795.289613178282,261.94413512042075,0
1596032731.001953,797.0872511177351,261.94413512042075,0
1596032731.0119622,798.8889230995467,261.94413512042075,0
1596032731.0119622,0,261.94413512042075,0
1596032731.0219631,263.74430506518394,261.94413512042075,0
1596032731.031978,265.54696409991294,261.94413512042075,0
1596032731.0419703,267.34558909228355,261.94413512042075,0
1596032731.0519633,269.14434283068687,261.94413512042075,0
1596032731.0619738,270.9462293892196,261.94413512042075,0
1596032731.0719798,272.74730055621177,261.94413512042075,0
1596032731.0819647,274.544595172911,261.94413512042075,0
1596032731.091963,276.34429304888755,261.94413512042075,0
1596032731.1019683,278.145235469847,261.94413512042075,0
1596032731.1119642,279.9445041923812,261.94413512042075,0
1596032731.1219764,281.7466911583236,261.94413512042075,0
1596032731.1319697,283.54548781207114,261.94413512042075,0
1596032731.1419814,285.34758894732505,261.94413512042075,0
1596032731.1519787,287.14711516192466,261.94413512042075,0
1596032731.1619678,288.94513933947593,261.94413512042075,0
1596032731.171984,290.74805586627036,261.94413512042075,0
1596032731.1819756,292.54655211260825,261.94413512042075,0
1596032731.191962,294.3441042213729,261.94413512042075,0
1596032731.2019637,296.1444029121688,261.94413512042075,0
1596032731.211967,297.94500201037437,261.94413512042075,0
1596032731.22198,299.7473606376937,261.94413512042075,0
1596032731.2319674,301.5450844078353,261.94413512042075,0
1596032731.2419624,303.34418146899253,261.94413512042075,0
1596032731.251983,305.14787047198325,261.94413512042075,0
1596032731.2619715,306.94580881884605,261.94413512042075,0
1596032731.2719657,308.74477713397056,261.94413512042075,0
1596032731.2819822,310.54773657610923,261.94413512042075,0
1596032731.2919638,312.3444303779891,261.94413512042075,0
1596032731.301978,314.14700358202964,261.94413512042075,0
1596032731.3119702,315.945585659056,261.94413512042075,0
1596032731.3219743,317.7463135032943,261.94413512042075,0
1596032731.3319733,319.54614012530357,261.94413512042075,0
1596032731.3419764,321.3466963081649,261.94413512042075,0
1596032731.3519776,323.1469091682723,261.94413512042075,0
1596032731.3619702,324.94557707598716,261.94413512042075,0
1596032731.3719792,326.74720614245444,261.94413512042075,0
1596032731.3819826,328.54780524066,261.94413512042075,0
1596032731.391964,330.34445612719566,261.94413512042075,0
1596032731.4019659,332.1447977333358,261.94413512042075,0
1596032731.411964,333.9444526939681,261.94413512042075,0
1596032731.421983,335.7478842048934,261.94413512042075,0
1596032731.4319737,337.54620878985435,261.94413512042075,0
1596032731.4419734,339.34616415789634,261.94413512042075,0
1596032731.451965,341.14466040423423,261.94413512042075,0
1596032731.4619653,342.9447016029647,261.94413512042075,0
1596032731.4719756,344.7465452461532,261.94413512042075,0
1596032731.481968,346.5451702385238,261.94413512042075,0
1596032731.4919782,348.34701388171226,261.94413512042075,0
1596032731.501976,350.14662592700034,261.94413512042075,0
1596032731.511983,351.9478687553695,261.94413512042075,0
1596032731.5152707,352.5396713524154,261.94413512042075,0
1596032731.5152707,357.76190140572464,267.16636517373,0
1596032731.521976,358.96885254708207,267.16636517373,0
1596032731.527726,360,267.16636517373,1
1596032731.531962,360.76631882515824,267.16636517373,0
1596032731.5419676,362.5673470768062,267.16636517373,0
1596032731.55198,364.3695769580928,267.16636517373,0
1596032731.561976,366.168845680627,267.16636517373,0
1596032731.5719736,367.96841481057083,267.16636517373,0
1596032731.5819736,369.76841309395707,267.16636517373,0
1596032731.591977,371.56901219216263,267.16636517373,0
1596032731.6019828,373.3700833591548,267.16636517373,0
1596032731.6078758,374.4308219226924,267.16636517373,0
1596032731.6078758,551.3457021984187,267.16636517373,0
1596032731.6119716,552.0829448970882,267.16636517373,0
1596032731.6219654,553.8818273815242,267.16636517373,0
1596032731.631967,555.6821260723201,267.16636517373,0
1596032731.6419692,557.4825105938045,267.16636517373,0
1596032731.651976,559.2837534221736,267.16636517373,0
1596032731.661969,561.0824642452327,267.16636517373,0
1596032731.6719751,562.8835783275691,267.16636517373,0
1596032731.681966,564.6819458278743,267.16636517373,0
1596032731.691968,566.4822874340144,267.16636517373,0
1596032731.7019658,568.2818994793025,267.16636517373,0
1596032731.711981,570.08464434472,267.16636517373,0
1596032731.7219722,571.8830547603694,267.16636517373,0
1596032731.7319684,573.6823663982478,267.16636517373,0
1596032731.7419794,575.484338787469,267.16636517373,0
1596032731.751973,577.2831783565608,267.16636517373,0
1596032731.7619667,579.0820608409969,267.16636517373,0
1596032731.7719817,580.8847627910701,267.16636517373,0
1596032731.7819617,582.6811561855403,267.16636517373,0
1596032731.7919743,584.4834289821712,267.16636517373,0
1596032731.8019779,586.284070995721,267.16636517373,0
1596032731.811983,588.0850134166805,267.16636517373,0
1596032731.8219812,589.8846683773128,267.16636517373,0
1596032731.8319805,591.6845379146663,267.16636517373,0
1596032731.8419838,593.4851370128719,267.16636517373,0
1596032731.8519697,595.282603290948,267.16636517373,0
1596032731.8619733,597.0832453044978,267.16636517373,0
1596032731.8719745,598.8834581646053,267.16636517373,0
1596032731.881977,600.6839285167781,267.16636517373,0
1596032731.8919659,602.4819097789851,267.16636517373,0
1596032731.901963,604.2813930782405,267.16636517373,0
1596032731.9119678,606.0822496685115,267.16636517373,0
1596032731.9219613,607.8810892376033,267.16636517373,0
1596032731.93198,609.6844349178401,267.16636517373,0
1596032731.9419663,611.4819870266048,267.16636517373,0
1596032731.9519677,613.2822428020564,267.16636517373,0
1596032731.9619825,615.0849018367854,267.16636517373,0
1596032731.9719715,616.8829260143367,267.16636517373,0
1596032731.9819825,618.6848984035579,267.16636517373,0
1596032731.9919794,620.484338787469,267.16636517373,0
1596032732.0019715,622.2829208644954,267.16636517373,0
1596032732.0119638,624.081545856866,267.16636517373,0
1596032732.0219784,625.8841619762508,267.16636517373,0
1596032732.0319803,627.6845035823909,267.16636517373,0
1596032732.0419788,629.4842443737117,267.16636517373,0
1596032732.0519795,631.2843714031306,267.16636517373,0
1596032732.0619612,633.0810652050105,267.16636517373,0
1596032732.0719798,634.8844108852473,267.16636517373,0
1596032732.0819612,636.681061771783,267.16636517373,0
1596032732.0919678,638.4822616848079,267.16636517373,0
1596032732.1019835,640.2850923809139,267.16636517373,0
1596032732.1119628,642.0813570293514,267.16636517373,0
1596032732.1219623,643.8812694820491,267.16636517373,0
1596032732.131965,645.681739834222,267.16636517373,0
1596032732.1419718,647.4829826625911,267.16636517373,0
1596032732.151971,649.2828521999446,267.16636517373,0
1596032732.1619766,651.0838375362483,267.16636517373,0
1596032732.171969,652.8824625286189,267.16636517373,0
1596032732.1819785,654.6841774257747,267.16636517373,0
1596032732.1919725,656.483102825555,267.16636517373,0
1596032732.201973,658.2831869396297,267.16636517373,0
1596032732.21197,660.082670238885,267.16636517373,0
1596032732.2219732,661.8832264217464,267.16636517373,0
1596032732.2319696,663.682580974969,267.16636517373,0
1596032732.2419708,665.4827938350764,267.16636517373,0
1596032732.2519717,667.2829637798396,267.16636517373,0
1596032732.261961,669.0810308727351,267.16636517373,0
1596032732.271973,670.8831749233333,267.16636517373,0
1596032732.2819622,672.6812420162288,267.16636517373,0
1596032732.2919824,674.4848881038753,267.16636517373,0
1596032732.301962,676.281195667657,267.16636517373,0
1596032732.3119678,678.0822668346492,267.16636517373,0
1596032732.321963,679.8814068111507,267.16636517373,0
1596032732.331963,681.6814050945369,267.16636517373,0
1596032732.3419676,683.4822187694637,267.16636517373,0
1596032732.351978,685.2841053279964,267.16636517373,0
1596032732.3619828,687.0849619182674,267.16636517373,0
1596032732.3719823,688.8848743709651,267.16636517373,0
1596032732.381978,690.6841001781551,267.16636517373,0
1596032732.3919652,692.4817810329524,267.16636517373,0
1596032732.4019666,694.2820368084041,267.16636517373,0
1596032732.4119685,696.0823784145442,267.16636517373,0
1596032732.4219627,697.8813467296687,267.16636517373,0
1596032732.4319656,699.6818599971858,267.16636517373,0
1596032732.4419682,701.4823303493587,267.16636517373,0
1596032732.451971,703.2828436168758,267.16636517373,0
1596032732.4619646,705.0816831859676,267.16636517373,0
1596032732.471973,706.8831835064021,267.16636517373,0
1596032732.4819639,708.6815510067073,267.16636517373,0
1596032732.491963,710.4813776287166,267.16636517373,0
1596032732.501968,712.2822771343318,267.16636517373,0
1596032732.511972,714.0830049785701,267.16636517373,0
1596032732.5219758,715.8836899074641,267.16636517373,0
1596032732.5319746,717.6834736141292,267.16636517373,0
1596032732.5419767,719.4838581356136,267.16636517373,0
1596032732.5519729,721.283169773492,267.16636517373,0
1596032732.5619712,723.0828676494685,267.16636517373,0
1596032732.571981,724.8846254619685,267.16636517373,0
1596032732.5819812,726.684666660699,267.16636517373,0
1596032732.5919688,728.4824333461848,267.16636517373,0
1596032732.6019733,730.2832470211116,267.16636517373,0
1596032732.6119692,732.0825157436458,267.16636517373,0
1596032732.621982,733.8848314556209,267.16636517373,0
1596032732.6319797,735.6844005855647,267.16636517373,0
1596032732.6419685,737.4823818477718,267.16636517373,0
1596032732.6519704,739.2827234539119,267.16636517373,0
1596032732.6619654,741.0818205150691,267.16636517373,0
1596032732.6719615,742.8811321529475,267.16636517373,0
1596032732.681968,744.6822891506282,267.16636517373,0
1596032732.6919713,746.4828882488338,267.16636517373,0
1596032732.701981,748.2846460613338,267.16636517373,0
1596032732.7119632,750.0814256939021,267.16636517373,0
1596032732.7219734,751.8832693370906,267.16636517373,0
1596032732.7319827,753.6849413189021,267.16636517373,0
1596032732.7419782,755.4841242107478,267.16636517373,0
1596032732.7519696,757.2825775417415,267.16636517373,0
1596032732.761979,759.0842924388973,267.16636517373,0
1596032732.771968,760.8822737011043,267.16636517373,0
1596032732.7819762,762.6837740215389,267.16636517373,0
1596032732.791979,764.4842872890559,267.16636517373,0
1596032732.8019698,766.2826118740169,267.16636517373,0
1596032732.8119774,768.0839834484187,267.16636517373,0
1596032732.8219676,769.8822222026912,267.16636517373,0
1596032732.8319807,771.6845808300105,267.16636517373,0
1596032732.8419702,773.4826908382503,267.16636517373,0
1596032732.8519812,775.2846632274715,267.16636517373,0
1596032732.8619692,777.0825157436458,267.16636517373,0
1596032732.8719652,778.88178446618,267.16636517373,0
1596032732.8819747,780.6834993633357,267.16636517373,0
1596032732.8919687,782.482424763116,267.16636517373,0
1596032732.9019675,784.282208469781,267.16636517373,0
1596032732.9119704,786.0827217372981,267.16636517373,0
1596032732.9219632,787.8814325603572,267.16636517373,0
1596032732.9319706,789.6827612194148,267.16636517373,0
1596032732.9419768,791.4838753017513,267.16636517373,0
1596032732.9519765,793.2838306697932,267.16636517373,0
1596032732.96198,795.084472683343,267.16636517373,0
1596032732.9719744,796.8834409984676,267.16636517373,0
1596032732.9819806,798.684555080804,267.16636517373,0
1596032732.9919806,800.4845533641902,267.16636517373,0
1596032733.0019662,802.2819767269222,267.16636517373,0
1596032733.0119793,804.0843353542415,267.16636517373,0
1596032733.0119793,0,267.16636517373,0
1596032733.022,268.970097092065,267.16636517373,0
1596032733.031985,270.7673917087642,267.16636517373,0
1596032733.041986,272.5675616535274,267.16636517373,0
1596032733.0519843,274.36725952950394,267.16636517373,0
1596032733.061982,276.1668286594478,267.16636517373,0
1596032733.0719855,277.9674706729976,267.16636517373,0
1596032733.082001,279.7702584537593,267.16636517373,0
1596032733.0919793,281.56635144081986,267.16636517373,0
1596032733.1019888,283.3680663379756,267.16636517373,0
1596032733.1119926,285.16875126686966,267.16636517373,0
1596032733.1219985,286.96982243386185,267.16636517373,0
1596032733.1319928,288.76879074898636,267.16636517373,0
1596032733.14198,290.5664716037837,267.16636517373,0
1596032733.1519887,292.3680577549068,267.16636517373,0
1596032733.161989,294.16809895363724,267.16636517373,0
1596032733.171999,295.9698996814815,267.16636517373,0
1596032733.1819808,297.7666363987056,267.16636517373,0
1596032733.191986,299.5675788196651,267.16636517373,0
1596032733.2019942,301.3690362247554,267.16636517373,0
1596032733.2119956,303.16929200020707,267.16636517373,0
1596032733.2219975,304.9696336063472,267.16636517373,0
1596032733.2319963,306.76941731301224,267.16636517373,0
1596032733.2419846,308.5673127445308,267.16636517373,0
1596032733.251984,310.3671822818843,267.16636517373,0
1596032733.2619865,312.16765263405716,267.16636517373,0
1596032733.271999,313.9698825153438,267.16636517373,0
1596032733.2819796,315.7664046558467,267.16636517373,0
1596032733.2919898,317.5682482990352,267.16636517373,0
1596032733.3019996,319.3700061115352,267.16636517373,0
1596032733.3119907,321.1684165271846,267.16636517373,0
1596032733.321989,322.96811440316117,267.16636517373,0
1596032733.3319836,324.7671256336299,267.16636517373,0
1596032733.3419957,326.5693125995723,267.16636517373,0
1596032733.351997,328.3695254596797,267.16636517373,0
1596032733.3619921,330.1686654361812,267.16636517373,0
1596032733.3719897,331.96823456612503,267.16636517373,0
1596032733.3819876,333.7678466114131,267.16636517373,0
1596032733.391993,335.56883194771683,267.16636517373,0
1596032733.4019961,337.36938813057816,267.16636517373,0
1596032733.4119964,339.1694293293086,267.16636517373,0
1596032733.42199,340.9682688984004,267.16636517373,0
1596032733.4319828,342.7669797214595,267.16636517373,0
1596032733.4419887,344.5680508884517,267.16636517373,0
1596032733.4519956,346.36929371682083,267.16636517373,0
1596032733.4619908,348.1684336933223,267.16636517373,0
1596032733.471993,349.9688182148067,267.16636517373,0
1596032733.4819825,351.7669282230464,267.16636517373,0
1596032733.491998,353.56971600380814,267.16636517373,0
1596032733.5019827,355.3669677051631,267.16636517373,0
1596032733.5119915,357.16855385628617,267.16636517373,0
1596032733.5142589,357.5766787799922,267.16636517373,0
1596032733.5142589,359.2730036339977,268.8626900277355,0
1596032733.5183167,360,268.8626900277355,1
1596032733.5219839,360.66350370266224,268.8626900277355,0
1596032733.5319793,362.46268659450794,268.8626900277355,0
1596032733.5419831,364.263371523402,268.8626900277355,0
1596032733.5519943,366.0653868279674,268.8626900277355,0
1596032733.5619931,367.86517053463245,268.8626900277355,0
1596032733.571994,369.66534047939564,268.8626900277355,0
1596032733.5819805,371.4628925881603,268.8626900277355,0
1596032733.59199,373.26460748531605,268.8626900277355,0
1596032733.6019957,375.065635736964,268.8626900277355,0
1596032733.6081195,376.16791635372425,268.8626900277355,0
1596032733.6081195,553.054257925532,268.8626900277355,0
1596032733.6119983,553.7524476609447,268.8626900277355,0
1596032733.6219795,555.5490556321361,268.8626900277355,0
1596032733.6319795,557.3490539155223,268.8626900277355,0
1596032733.6419804,559.1492238602855,268.8626900277355,0
1596032733.6519806,560.9492650590159,268.8626900277355,0
1596032733.6619918,562.7512803635814,268.8626900277355,0
1596032733.6719794,564.5490470490672,268.8626900277355,0
1596032733.6819873,566.3504615388133,268.8626900277355,0
1596032733.6919897,568.1508889756419,268.8626900277355,0
1596032733.7019875,569.95050102093,268.8626900277355,0
1596032733.7119958,571.7520013413646,268.8626900277355,0
1596032733.7219846,573.5499826035716,268.8626900277355,0
1596032733.7319822,575.3495517335155,268.8626900277355,0
1596032733.7419853,577.1501079163768,268.8626900277355,0
1596032733.751987,578.9504066071727,268.8626900277355,0
1596032733.7619936,580.7516065201976,268.8626900277355,0
1596032733.771996,582.5520339570262,268.8626900277355,0
1596032733.7819984,584.3524613938548,268.8626900277355,0
1596032733.7919972,586.1522451005198,268.8626900277355,0
1596032733.8019986,587.9525008759715,268.8626900277355,0
1596032733.81199,589.7509542069652,268.8626900277355,0
1596032733.8219857,591.5501800141551,268.8626900277355,0
1596032733.8319979,593.3523669800975,268.8626900277355,0
1596032733.841991,595.1511207185008,268.8626900277355,0
1596032733.851997,596.952191885493,268.8626900277355,0
1596032733.8619936,598.7515893540599,268.8626900277355,0
1596032733.871982,600.5495277009227,268.8626900277355,0
1596032733.8819954,602.3519292435863,268.8626900277355,0
1596032733.8919795,604.1490521989085,268.8626900277355,0
1596032733.90199,605.9509387574412,268.8626900277355,0
1596032733.911981,607.7493491730906,268.8626900277355,0
1596032733.9219992,609.552609022639,268.8626900277355,0
1596032733.9319985,611.3524785599925,268.8626900277355,0
1596032733.941999,613.1525626740672,268.8626900277355,0
1596032733.9519906,614.9510589204051,268.8626900277355,0
1596032733.9619825,616.7495980820872,268.8626900277355,0
1596032733.9719856,618.5501542649486,268.8626900277355,0
1596032733.9819818,620.349465902827,268.8626900277355,0
1596032733.991995,622.1518674454906,268.8626900277355,0
1596032734.0019855,623.9501491151073,268.8626900277355,0
1596032734.0119808,625.7492890916087,268.8626900277355,0
1596032734.0219934,627.5515618882396,268.8626900277355,0
1596032734.031984,629.3498864732005,268.8626900277355,0
1596032734.0419912,631.1511722169139,268.8626900277355,0
1596032734.0519903,632.9509988389232,268.8626900277355,0
1596032734.0619795,634.7490659318187,268.8626900277355,0
1596032734.071999,636.5525832734324,268.8626900277355,0
1596032734.0819876,638.3505216202952,268.8626900277355,0
1596032734.091996,640.1520219407298,268.8626900277355,0
1596032734.1019828,641.9496598801829,268.8626900277355,0
1596032734.111986,643.7502160630443,268.8626900277355,0
1596032734.1219845,645.5499568543651,268.8626900277355,0
1596032734.13199,647.3509421906688,268.8626900277355,0
1596032734.1419866,649.1503396592357,268.8626900277355,0
1596032734.1519856,650.950166281245,268.8626900277355,0
1596032734.1619856,652.7501645646312,268.8626900277355,0
1596032734.1719885,654.5506778321483,268.8626900277355,0
1596032734.1819837,656.3498178086497,268.8626900277355,0
1596032734.1919792,658.1490007004954,268.8626900277355,0
1596032734.2019992,659.9526038727977,268.8626900277355,0
1596032734.2119884,661.7506709656932,268.8626900277355,0
1596032734.22198,663.5491672120311,268.8626900277355,0
1596032734.2319937,665.3516116700389,268.8626900277355,0
1596032734.2419827,667.1496358475902,268.8626900277355,0
1596032734.2519805,668.9492478928782,268.8626900277355,0
1596032734.261986,670.750233229182,268.8626900277355,0
1596032734.2719781,672.5488153062083,268.8626900277355,0
1596032734.2819834,674.3497577271678,268.8626900277355,0
1596032734.2919953,676.1519017777659,268.8626900277355,0
1596032734.301997,677.9522004685618,268.8626900277355,0
1596032734.3119924,679.7513833604075,268.8626900277355,0
1596032734.3219965,681.5521112046458,268.8626900277355,0
1596032734.3319793,683.3490195832469,268.8626900277355,0
1596032734.3419983,685.1524510941722,268.8626900277355,0
1596032734.3519995,686.9526639542796,268.8626900277355,0
1596032734.361991,688.7511172852733,268.8626900277355,0
1596032734.371992,690.5513301453807,268.8626900277355,0
1596032734.381992,692.3513284287669,268.8626900277355,0
1596032734.391983,694.1496959290721,268.8626900277355,0
1596032734.4019825,695.9496083817698,268.8626900277355,0
1596032734.411978,697.7487912736156,268.8626900277355,0
1596032734.4219801,699.5491757950999,268.8626900277355,0
1596032734.431991,701.3511481843211,268.8626900277355,0
1596032734.441987,703.1504169068553,268.8626900277355,0
1596032734.4519966,704.9521318040111,268.8626900277355,0
1596032734.461991,706.7511430344798,268.8626900277355,0
1596032734.4719927,708.5514417252757,268.8626900277355,0
1596032734.4819925,710.3513970933177,268.8626900277355,0
1596032734.4919798,712.1491208634593,268.8626900277355,0
1596032734.5019827,713.9496341309764,268.8626900277355,0
1596032734.5119941,715.7516923508861,268.8626900277355,0
1596032734.521981,717.5493302903392,268.8626900277355,0
1596032734.5319977,719.3523326478221,268.8626900277355,0
1596032734.5419977,721.1523309312083,268.8626900277355,0
1596032734.551979,722.948981817744,268.8626900277355,0
1596032734.5619965,724.7521129212596,268.8626900277355,0
1596032734.5719936,726.551596220515,268.8626900277355,0
1596032734.5819902,728.3509936890819,268.8626900277355,0
1596032734.5919971,730.152236517451,268.8626900277355,0
1596032734.6019855,731.9501319489696,268.8626900277355,0
1596032734.6119785,733.7488856873729,268.8626900277355,0
1596032734.621985,735.5500426850535,268.8626900277355,0
1596032734.6319947,737.3518004975535,268.8626900277355,0
1596032734.6419947,739.1517987809398,268.8626900277355,0
1596032734.6519926,740.9514108262279,268.8626900277355,0
1596032734.6619778,742.7487483582713,268.8626900277355,0
1596032734.6719964,744.5520940385081,268.8626900277355,0
1596032734.681997,746.3522210679271,268.8626900277355,0
1596032734.6919925,748.1514039597728,268.8626900277355,0
1596032734.70199,749.9509301743724,268.8626900277355,0
1596032734.711986,751.7502418122508,268.8626900277355,0
1596032734.7219865,753.5503259263255,268.8626900277355,0
1596032734.731995,755.3518691621043,268.8626900277355,0
1596032734.7419941,757.1516957841136,268.8626900277355,0
1596032734.7519991,758.9525952897288,268.8626900277355,0
1596032734.7619965,760.7521215043284,268.8626900277355,0
1596032734.7719803,762.5492015443065,268.8626900277355,0
1596032734.7819843,764.3499293885448,268.8626900277355,0
1596032734.7919836,766.1497989258983,268.8626900277355,0
1596032734.801985,767.9500547013499,268.8626900277355,0
1596032734.8119888,769.750739630244,268.8626900277355,0
1596032734.8219879,771.5505662522532,268.8626900277355,0
1596032734.8319862,773.3502641282298,268.8626900277355,0
1596032734.8419833,775.1497474274852,268.8626900277355,0
1596032734.851992,776.951290663264,268.8626900277355,0
1596032734.8619995,778.7526622376658,268.8626900277355,0
1596032734.871992,780.5513301453807,268.8626900277355,0
1596032734.8819916,782.3512425980784,268.8626900277355,0
1596032734.8919864,784.1502967438914,268.8626900277355,0
1596032734.901983,785.9496942124583,268.8626900277355,0
1596032734.9119806,787.7492633424022,268.8626900277355,0
1596032734.9219882,789.550634916804,268.8626900277355,0
1596032734.931986,791.3502469620921,268.8626900277355,0
1596032734.9419913,793.1511893830516,268.8626900277355,0
1596032734.9519992,794.9526038727977,268.8626900277355,0
1596032734.9619863,796.750284727595,268.8626900277355,0
1596032734.9719813,798.5493817887523,268.8626900277355,0
1596032734.9819856,800.3501525483348,268.8626900277355,0
1596032734.9919922,802.1513524613597,268.8626900277355,0
1596032735.0019932,803.9515224061229,268.8626900277355,0
1596032735.0119839,805.7498469910838,268.8626900277355,0
1596032735.0119839,0,268.8626900277355,0
1596032735.0220041,270.66633611538197,268.8626900277355,0
1596032735.0319946,272.46461778499867,268.8626900277355,0
1596032735.0419924,274.26422983028675,268.8626900277355,0
1596032735.0519876,276.0633698067882,268.8626900277355,0
1596032735.0619853,277.86293893673206,268.8626900277355,0
1596032735.0719876,279.6633663735607,268.8626900277355,0
1596032735.0819929,281.46430879452015,268.8626900277355,0
1596032735.0920048,283.2664528451183,268.8626900277355,0
1596032735.1020021,285.0659790597179,268.8626900277355,0
1596032735.1119878,286.86340242244984,268.8626900277355,0
1596032735.1219876,288.66335779049183,268.8626900277355,0
1596032735.1319919,290.46412855007435,268.8626900277355,0
1596032735.1419902,292.2638264260509,268.8626900277355,0
1596032735.1520007,294.0657129845836,268.8626900277355,0
1596032735.1619966,295.8649817071178,268.8626900277355,0
1596032735.171998,297.66523748256947,268.8626900277355,0
1596032735.1819866,299.46317582943226,268.8626900277355,0
1596032735.1920037,301.26626401760365,268.8626900277355,0
1596032735.201984,303.0627003274181,268.8626900277355,0
1596032735.2119944,304.8645868859508,268.8626900277355,0
1596032735.2219996,306.6655293069103,268.8626900277355,0
1596032735.2319891,308.46363931515003,268.8626900277355,0
1596032735.2419953,310.26475339748646,268.8626900277355,0
1596032735.251989,312.06359296657826,268.8626900277355,0
1596032735.2619855,313.86299043514515,268.8626900277355,0
1596032735.2720048,315.6664648614147,268.8626900277355,0
1596032735.2819936,317.4644461236217,268.8626900277355,0
1596032735.2920027,319.266075190089,268.8626900277355,0
1596032735.3019984,321.06530099727894,268.8626900277355,0
1596032735.3119855,322.8629818520763,268.8626900277355,0
1596032735.321985,324.66289430477406,268.8626900277355,0
1596032735.3319862,326.4631071648815,268.8626900277355,0
1596032735.3420045,328.26640992977406,268.8626900277355,0
1596032735.3520021,330.0659790597179,268.8626900277355,0
1596032735.3620048,331.86644941189076,268.8626900277355,0
1596032735.3719923,333.6642160973766,268.8626900277355,0
1596032735.3819847,335.4628410897472,268.8626900277355,0
1596032735.3920052,337.2665300927379,268.8626900277355,0
1596032735.4019907,339.0639105401256,268.8626900277355,0
1596032735.4119856,340.86300760128285,268.8626900277355,0
1596032735.4219995,342.6654949746349,268.8626900277355,0
1596032735.4319851,344.46291833736683,268.8626900277355,0
1596032735.4420035,346.2662211022594,268.8626900277355,0
1596032735.4520023,348.06600480892445,268.8626900277355,0
1596032735.4619863,349.8631277642467,268.8626900277355,0
1596032735.4719994,351.66548639156605,268.8626900277355,0
1596032735.4819858,353.4630385003307,268.8626900277355,0
1596032735.4919965,355.26496797420765,268.8626900277355,0
1596032735.5020034,357.0662108025768,268.8626900277355,0
1596032735.5119998,358.86556535579945,268.8626900277355,0
1596032735.514509,359.3172064385631,268.8626900277355,0
1596032735.514509,359.79516193156894,269.3406455207413,0
1596032735.5156665,360,269.3406455207413,1
1596032735.5219946,361.14257499461826,269.3406455207413,0
1596032735.532003,362.9440753150528,269.3406455207413,0
1596032735.5419855,364.74094077830966,269.3406455207413,0
1596032735.5519998,366.5435139823502,269.3406455207413,0
1596032735.5619905,368.34183856731113,269.3406455207413,0
1596032735.5719903,370.1417939353531,269.3406455207413,0
1596032735.5820045,371.94436713939365,269.3406455207413,0
1596032735.5920048,373.7444083381241,269.3406455207413,0
1596032735.6019955,375.54273292308505,269.3406455207413,0
1596032735.608363,376.68887302165683,269.3406455207413,0
1596032735.608363,553.545113771016,269.3406455207413,0
1596032735.6120028,554.2003023315018,269.3406455207413,0
1596032735.6220026,556.0002576995438,269.3406455207413,0
1596032735.6319888,557.7977668929642,269.3406455207413,0
1596032735.6419976,559.5993530440873,269.3406455207413,0
1596032735.6519916,561.3982784438675,269.3406455207413,0
1596032735.6619914,563.1982338119095,269.3406455207413,0
1596032735.6719983,564.9994766402787,269.3406455207413,0
1596032735.682004,566.8005048919266,269.3406455207413,0
1596032735.691991,568.598185746724,269.3406455207413,0
1596032735.7019835,570.3968107390946,269.3406455207413,0
1596032735.7120044,572.2005855727738,269.3406455207413,0
1596032735.721986,573.9972793746537,269.3406455207413,0
1596032735.732004,575.8004963088578,269.3406455207413,0
1596032735.742001,577.5999796081131,269.3406455207413,0
1596032735.7519875,579.3975317168778,269.3406455207413,0
1596032735.7620018,581.2001049209183,269.3406455207413,0
1596032735.7720032,583.00036069637,269.3406455207413,0
1596032735.7819939,584.7986852813309,269.3406455207413,0
1596032735.7920008,586.5999281097,269.3406455207413,0
1596032735.8019896,588.3979093719071,269.3406455207413,0
1596032735.8119926,590.1984655547684,269.3406455207413,0
1596032735.8219955,591.9989788222855,269.3406455207413,0
1596032735.8320043,593.8005649734085,269.3406455207413,0
1596032735.841995,595.5988895583695,269.3406455207413,0
1596032735.8519852,597.3971283126419,269.3406455207413,0
1596032735.861992,599.1983282256668,269.3406455207413,0
1596032735.8720038,601.000472276265,269.3406455207413,0
1596032735.8819911,602.7981960464066,269.3406455207413,0
1596032735.8919973,604.599310128743,269.3406455207413,0
1596032735.901995,606.3988792586869,269.3406455207413,0
1596032735.9119878,608.197590081746,269.3406455207413,0
1596032735.922004,610.0005066085404,269.3406455207413,0
1596032735.931983,611.7967283416336,269.3406455207413,0
1596032735.9419992,613.5996448684281,269.3406455207413,0
1596032735.9519882,615.3976690459793,269.3406455207413,0
1596032735.9619858,617.1972381759232,269.3406455207413,0
1596032735.9719834,618.996807305867,269.3406455207413,0
1596032735.9819925,620.7984363723343,269.3406455207413,0
1596032735.9919984,622.5995075393265,269.3406455207413,0
1596032736.0019975,624.3993341613358,269.3406455207413,0
1596032736.0119898,626.1979591537064,269.3406455207413,0
1596032736.0219853,627.9971420455521,269.3406455207413,0
1596032736.0319881,629.7976553130692,269.3406455207413,0
1596032736.0419931,631.5985548186844,269.3406455207413,0
1596032736.0519931,633.3985531020707,269.3406455207413,0
1596032736.0620031,635.2003538299149,269.3406455207413,0
1596032736.0719845,636.9970047164505,269.3406455207413,0
1596032736.081993,638.7985479522293,269.3406455207413,0
1596032736.0919864,640.5973446059769,269.3406455207413,0
1596032736.1019962,642.3991024184769,269.3406455207413,0
1596032736.111993,644.198542802388,269.3406455207413,0
1596032736.1219876,645.9975540328568,269.3406455207413,0
1596032736.1319969,647.7992260146683,269.3406455207413,0
1596032736.1420047,649.6006405044144,269.3406455207413,0
1596032736.1519988,651.3995659041947,269.3406455207413,0
1596032736.1619842,653.1969463515824,269.3406455207413,0
1596032736.1719837,654.9968588042801,269.3406455207413,0
1596032736.1820045,656.8005907226151,269.3406455207413,0
1596032736.192,658.5997736144608,269.3406455207413,0
1596032736.2019844,660.3969824004715,269.3406455207413,0
1596032736.2119849,662.1970665145462,269.3406455207413,0
1596032736.2220035,664.000412194783,269.3406455207413,0
1596032736.2319958,665.7990371871537,269.3406455207413,0
1596032736.2419868,667.5974046874588,269.3406455207413,0
1596032736.2519915,669.3982612777298,269.3406455207413,0
1596032736.2619996,671.1997186828202,269.3406455207413,0
1596032736.2719975,672.9993307281082,269.3406455207413,0
1596032736.2819846,674.7970115829056,269.3406455207413,0
1596032736.291991,676.5981685805863,269.3406455207413,0
1596032736.301988,678.3976089644974,269.3406455207413,0
1596032736.311998,680.1994096923416,269.3406455207413,0
1596032736.3219924,681.9984209228104,269.3406455207413,0
1596032736.3319898,683.79794713741,269.3406455207413,0
1596032736.3419964,685.5991470504349,269.3406455207413,0
1596032736.3519902,687.398029534871,269.3406455207413,0
1596032736.3619962,689.1991007018631,269.3406455207413,0
1596032736.3719852,690.9971248794144,269.3406455207413,0
1596032736.3819842,692.7969515014237,269.3406455207413,0
1596032736.3919945,694.5987951446122,269.3406455207413,0
1596032736.4019918,696.3983213592118,269.3406455207413,0
1596032736.4119933,698.1985771346634,269.3406455207413,0
1596032736.4219918,699.9983179259842,269.3406455207413,0
1596032736.4319913,701.798230378682,269.3406455207413,0
1596032736.4419858,703.5972416091507,269.3406455207413,0
1596032736.451998,705.3994285750931,269.3406455207413,0
1596032736.4619918,707.1983110595291,269.3406455207413,0
1596032736.4719863,708.9973222899979,269.3406455207413,0
1596032736.4819882,710.797663896138,269.3406455207413,0
1596032736.49199,712.5980055022782,269.3406455207413,0
1596032736.5019915,714.3982612777298,269.3406455207413,0
1596032736.5120034,716.200405328328,269.3406455207413,0
1596032736.5219886,717.9977428603714,269.3406455207413,0
1596032736.5320005,719.7998869109696,269.3406455207413,0
1596032736.5419934,721.5985977340287,269.3406455207413,0
1596032736.5519953,723.3989393401688,269.3406455207413,0
1596032736.561991,725.1981651473587,269.3406455207413,0
1596032736.572,726.999794213826,269.3406455207413,0
1596032736.5819962,728.7991058517044,269.3406455207413,0
1596032736.591999,730.5996191192215,269.3406455207413,0
1596032736.6019993,732.399660317952,269.3406455207413,0
1596032736.611987,734.1974699187821,269.3406455207413,0
1596032736.6219897,735.9979402709549,269.3406455207413,0
1596032736.6319897,737.7979385543412,269.3406455207413,0
1596032736.6419942,739.5987522292679,269.3406455207413,0
1596032736.6520019,741.4001238036698,269.3406455207413,0
1596032736.6620011,743.1999933410233,269.3406455207413,0
1596032736.6719925,744.9984466720169,269.3406455207413,0
1596032736.681987,746.7974579024857,269.3406455207413,0
1596032736.6919825,748.5966407943314,269.3406455207413,0
1596032736.7019897,750.3979265380448,269.3406455207413,0
1596032736.711986,752.1972810912674,269.3406455207413,0
1596032736.7220032,754.0003692794388,269.3406455207413,0
1596032736.7319932,755.798565118367,269.3406455207413,0
1596032736.741989,757.597790925557,269.3406455207413,0
1596032736.751987,759.3974458861893,269.3406455207413,0
1596032736.7619917,761.1983024764603,269.3406455207413,0
1596032736.7719862,762.997313706929,269.3406455207413,0
1596032736.781985,764.7970974135941,269.3406455207413,0
1596032736.7919893,766.5978681731766,269.3406455207413,0
1596032736.8020024,768.400226800496,269.3406455207413,0
1596032736.8119888,770.1977789092606,269.3406455207413,0
1596032736.8219988,771.9995796371048,269.3406455207413,0
1596032736.8319979,773.7994062591141,269.3406455207413,0
1596032736.8419876,775.5975591826981,269.3406455207413,0
1596032736.8519964,777.3991453338211,269.3406455207413,0
1596032736.8619845,779.1969978499955,269.3406455207413,0
1596032736.8719993,780.9996568847245,269.3406455207413,0
1596032736.8819983,782.7994835067337,269.3406455207413,0
1596032736.8919826,784.5966493774002,269.3406455207413,0
1596032736.9019873,786.3975059676712,269.3406455207413,0
1596032736.911995,788.1988775420731,269.3406455207413,0
1596032736.921991,789.9981891799515,269.3406455207413,0
1596032736.931983,791.7967283416336,269.3406455207413,0
1596032736.941984,793.5968982863968,269.3406455207413,0
1596032736.9519885,795.3977119613236,269.3406455207413,0
1596032736.9619865,797.1973669219559,269.3406455207413,0
1596032736.9719875,798.9975368667191,269.3406455207413,0
1596032736.9819856,800.7971918273514,269.3406455207413,0
1596032736.9919856,802.5971901107376,269.3406455207413,0
1596032737.0019844,804.3969738174027,269.3406455207413,0
1596032737.0119927,806.1984741378373,269.3406455207413,0
1596032737.0119927,0,269.3406455207413,0
1596032737.0219939,271.1408583808487,269.3406455207413,0
1596032737.0320091,272.9436032462662,269.3406455207413,0
1596032737.0420127,274.744245259816,269.3406455207413,0
1596032737.0520074,276.543299405629,269.3406455207413,0
1596032737.062006,278.3430401969498,269.3406455207413,0
1596032737.0720074,280.14329597240146,269.3406455207413,0
1596032737.082003,281.9425217795914,269.3406455207413,0
1596032737.0919995,283.74187633281406,269.3406455207413,0
1596032737.1019957,285.5411879706925,269.3406455207413,0
1596032737.1120133,287.34436198955234,269.3406455207413,0
1596032737.121996,289.1412274528092,269.3406455207413,0
1596032737.132009,290.9435860801285,269.3406455207413,0
1596032737.142,292.7419535804337,269.3406455207413,0
1596032737.1520119,294.54409763103183,269.3406455207413,0
1596032737.1620002,296.3419930625504,269.3406455207413,0
1596032737.1719987,298.1417338538712,269.3406455207413,0
1596032737.1820068,299.9431912589615,269.3406455207413,0
1596032737.1920063,301.7431037116593,269.3406455207413,0
1596032737.2019956,303.5411708045548,269.3406455207413,0
1596032737.2120032,305.34254237895664,269.3406455207413,0
1596032737.2220004,307.142025678212,269.3406455207413,0
1596032737.2320094,308.9436547446793,269.3406455207413,0
1596032737.2420032,310.7425372291153,269.3406455207413,0
1596032737.252003,312.5424925971573,269.3406455207413,0
1596032737.2620144,314.344550817067,269.3406455207413,0
1596032737.2719991,316.14180251842197,269.3406455207413,0
1596032737.2820127,317.9442469764298,269.3406455207413,0
1596032737.2920048,319.74282905345615,269.3406455207413,0
1596032737.3019989,321.5417544532364,269.3406455207413,0
1596032737.3120005,323.3420531440323,269.3406455207413,0
1596032737.3219974,325.14149352794345,269.3406455207413,0
1596032737.3319943,326.9409339118546,269.3406455207413,0
1596032737.3420103,328.7438075233048,269.3406455207413,0
1596032737.3519928,330.5406729865616,269.3406455207413,0
1596032737.3620021,332.34234496837314,269.3406455207413,0
1596032737.3720067,334.1431586432999,269.3406455207413,0
1596032737.3820062,335.94307109599765,269.3406455207413,0
1596032737.3920097,337.74371310954746,269.3406455207413,0
1596032737.4019988,339.5417372870987,269.3406455207413,0
1596032737.411997,341.3414351630753,269.3406455207413,0
1596032737.4220054,343.14293548350986,269.3406455207413,0
1596032737.4320023,344.942375867421,269.3406455207413,0
1596032737.4419994,346.74185916667636,269.3406455207413,0
1596032737.452005,348.5428445029801,269.3406455207413,0
1596032737.462005,350.3428427863663,269.3406455207413,0
1596032737.471996,352.1412532020157,269.3406455207413,0
1596032737.4820096,353.94369766002353,269.3406455207413,0
1596032737.4920087,355.7435242820328,269.3406455207413,0
1596032737.5019977,357.5415484595841,269.3406455207413,0
1596032737.5120022,359.34236213451084,269.3406455207413,0
1596032737.514715,359.830652921254,269.3406455207413,0
1596032737.514715,359.9491958763762,269.4591884758635,0
1596032737.5150063,360,269.4591884758635,1
1596032737.5220056,361.2615041878386,269.4591884758635,0
1596032737.5319984,363.0602150108977,269.4591884758635,0
1596032737.5420098,364.8622732308074,269.4591884758635,0
1596032737.5520127,366.66278649832446,269.4591884758635,0
1596032737.562002,368.46085359122,269.4591884758635,0
1596032737.5720017,370.26080895926196,269.4591884758635,0
1596032737.5819924,372.0591335442229,269.4591884758635,0
1596032737.5920072,373.8617925789519,269.4591884758635,0
1596032737.6019926,375.6591730263396,269.4591884758635,0
1596032737.6085868,376.846125617282,269.4591884758635,0
1596032737.6085868,553.6752696182891,269.4591884758635,0
1596032737.6120033,554.2902465012237,269.4591884758635,0
1596032737.621993,556.0883994248077,269.4591884758635,0
1596032737.6320055,557.8906293060943,269.4591884758635,0
1596032737.6419947,559.6886963989898,269.4591884758635,0
1596032737.6519954,561.4888234284088,269.4591884758635,0
1596032737.6620142,563.2922120239898,269.4591884758635,0
1596032737.6719997,565.0895924713775,269.4591884758635,0
1596032737.6819973,566.8891616013213,269.4591884758635,0
1596032737.692008,568.6910910751983,269.4591884758635,0
1596032737.7020085,570.491175189273,269.4591884758635,0
1596032737.7119982,572.289328112857,269.4591884758635,0
1596032737.7220006,574.0897555496856,269.4591884758635,0
1596032737.7320006,575.8897538330718,269.4591884758635,0
1596032737.741996,577.6889367249175,269.4591884758635,0
1596032737.752004,579.4903512146636,269.4591884758635,0
1596032737.761993,581.2883753922149,269.4591884758635,0
1596032737.7720008,583.089789881961,269.4591884758635,0
1596032737.7819977,584.8892302658721,269.4591884758635,0
1596032737.7920046,586.6904730942413,269.4591884758635,0
1596032737.8020084,588.4911580231353,269.4591884758635,0
1596032737.8120117,590.2917571213409,269.4591884758635,0
1596032737.8220026,592.090124621646,269.4591884758635,0
1596032737.8319952,593.8887925293609,269.4591884758635,0
1596032737.8420002,595.6896920349761,269.4591884758635,0
1596032737.8520136,597.4920935776397,269.4591884758635,0
1596032737.8619924,599.2882723953887,269.4591884758635,0
1596032737.8720121,601.0918326523467,269.4591884758635,0
1596032737.881998,602.8892989304229,269.4591884758635,0
1596032737.8920121,604.6918292191192,269.4591884758635,0
1596032737.9019945,606.4886517670318,269.4591884758635,0
1596032737.9120016,608.2899375107452,269.4591884758635,0
1596032737.922002,610.0900216248199,269.4591884758635,0
1596032737.932005,611.890534892337,269.4591884758635,0
1596032737.9420066,613.6908335831329,269.4591884758635,0
1596032737.952003,615.4901881363555,269.4591884758635,0
1596032737.9620047,617.2904868271514,269.4591884758635,0
1596032737.9720075,619.0910000946685,269.4591884758635,0
1596032737.9819953,620.8888096954986,269.4591884758635,0
1596032737.9920118,622.6917691376373,269.4591884758635,0
1596032738.0020137,624.4921107437774,269.4591884758635,0
1596032738.0120022,626.2900490906402,269.4591884758635,0
1596032738.022006,628.0907340195342,269.4591884758635,0
1596032738.0320015,629.8899169113799,269.4591884758635,0
1596032738.0420082,631.6911168244048,269.4591884758635,0
1596032738.0520043,633.4904284622833,269.4591884758635,0
1596032738.0620008,635.2897830155059,269.4591884758635,0
1596032738.0719922,637.0882363464996,269.4591884758635,0
1596032738.0820055,638.8906378891631,269.4591884758635,0
1596032738.0919995,640.6895632889434,269.4591884758635,0
1596032738.101996,642.4889178421661,269.4591884758635,0
1596032738.1119988,644.2894311096832,269.4591884758635,0
1596032738.1219966,646.0890431549713,269.4591884758635,0
1596032738.132013,647.8920025971099,269.4591884758635,0
1596032738.1420124,649.6918721344634,269.4591884758635,0
1596032738.152011,651.4916129257842,269.4591884758635,0
1596032738.1620052,653.2905812409088,269.4591884758635,0
1596032738.1720088,655.0912232544586,269.4591884758635,0
1596032738.1819968,656.8890757706329,269.4591884758635,0
1596032738.1920056,658.6906619217559,269.4591884758635,0
1596032738.2019978,660.4892439987823,269.4591884758635,0
1596032738.212006,662.2907443192169,269.4591884758635,0
1596032738.2220085,664.0911717560455,269.4591884758635,0
1596032738.2319949,665.8887238648101,269.4591884758635,0
1596032738.2419994,667.6895375397369,269.4591884758635,0
1596032738.2520041,669.4903941300079,269.4591884758635,0
1596032738.2620018,671.2899632599517,269.4591884758635,0
1596032738.272007,673.0909056809112,269.4591884758635,0
1596032738.2820034,674.8902602341338,269.4591884758635,0
1596032738.2919977,676.6892285492584,269.4591884758635,0
1596032738.301998,678.4892697479888,269.4591884758635,0
1596032738.3120072,680.2909417298004,269.4591884758635,0
1596032738.322009,682.0912833359405,269.4591884758635,0
1596032738.331992,683.8881917145416,269.4591884758635,0
1596032738.3419976,685.6892199661895,269.4591884758635,0
1596032738.3520107,687.4915785935088,269.4591884758635,0
1596032738.362001,689.2898173477813,269.4591884758635,0
1596032738.371992,691.0882277634307,269.4591884758635,0
1596032738.3819928,692.8883547928497,269.4591884758635,0
1596032738.3919923,694.6882672455474,269.4591884758635,0
1596032738.4019973,696.4891667511627,269.4591884758635,0
1596032738.4120107,698.2915682938262,269.4591884758635,0
1596032738.421997,700.0891204025909,269.4591884758635,0
1596032738.4319966,701.8890328552886,269.4591884758635,0
1596032738.4420066,703.6908335831329,269.4591884758635,0
1596032738.451995,705.4887290146514,269.4591884758635,0
1596032738.4619997,707.2895856049224,269.4591884758635,0
1596032738.471998,709.089283480899,269.4591884758635,0
1596032738.4820104,710.8915133621856,269.4591884758635,0
1596032738.4919913,712.6880784180328,269.4591884758635,0
1596032738.5020125,714.4918961670562,269.4591884758635,0
1596032738.5120075,716.2909932282134,269.4591884758635,0
1596032738.522012,718.0918069031402,269.4591884758635,0
1596032738.531997,719.8891015198394,269.4591884758635,0
1596032738.5419989,721.6894431259796,269.4591884758635,0
1596032738.5520053,723.4906001236602,269.4591884758635,0
1596032738.562002,725.2899975922271,269.4591884758635,0
1596032738.571992,727.0881934311553,269.4591884758635,0
1596032738.581997,728.8890929367706,269.4591884758635,0
1596032738.5919957,730.6888766434356,269.4591884758635,0
1596032738.6019988,732.4894328262969,269.4591884758635,0
1596032738.612008,734.2911048081085,269.4591884758635,0
1596032738.6220124,736.091875567691,269.4591884758635,0
1596032738.632,737.8896422531768,269.4591884758635,0
1596032738.6419983,739.6893401291534,269.4591884758635,0
1596032738.6520019,741.4899821427032,269.4591884758635,0
1596032738.6620133,743.2920403626129,269.4591884758635,0
1596032738.6720037,745.0903220322296,269.4591884758635,0
1596032738.6820045,746.8904490616485,269.4591884758635,0
1596032738.6920047,748.690490260379,269.4591884758635,0
1596032738.702008,750.4910893585845,269.4591884758635,0
1596032738.7120066,752.2908301499053,269.4591884758635,0
1596032738.7220078,754.0910430100128,269.4591884758635,0
1596032738.7319977,755.889238848941,269.4591884758635,0
1596032738.7420025,757.690095439212,269.4591884758635,0
1596032738.7520068,759.4908661987945,269.4591884758635,0
1596032738.7619932,761.2884183075591,269.4591884758635,0
1596032738.7720072,763.0909485962554,269.4591884758635,0
1596032738.7820024,764.8900885727569,269.4591884758635,0
1596032738.7919927,766.6883273270294,269.4591884758635,0
1596032738.8020096,768.4913725998565,269.4591884758635,0
1596032738.8119926,770.2883238938018,269.4591884758635,0
1596032738.8219995,772.089566722171,269.4591884758635,0
1596032738.832011,773.8916249420806,269.4591884758635,0
1596032738.8420079,775.6910653259918,269.4591884758635,0
1596032738.852,777.4896474030181,269.4591884758635,0
1596032738.8619912,779.2880578186675,269.4591884758635,0
1596032738.8720074,781.090974345462,269.4591884758635,0
1596032738.8820086,782.8911872055694,269.4591884758635,0
1596032738.8919914,784.6880955841705,269.4591884758635,0
1596032738.9020052,786.4905829575225,269.4591884758635,0
1596032738.9120064,788.2907958176299,269.4591884758635,0
1596032738.921998,790.0892920639678,269.4591884758635,0
1596032738.9319968,791.8890757706329,269.4591884758635,0
1596032738.942009,793.6912627365753,269.4591884758635,0
1596032738.952006,795.4907460358306,269.4591884758635,0
1596032738.962012,797.2918172028228,269.4591884758635,0
1596032738.9719975,799.0891976502105,269.4591884758635,0
1596032738.981992,800.8882088806793,269.4591884758635,0
1596032738.9920106,802.6915545609161,269.4591884758635,0
1596032739.0020075,804.4909949448272,269.4591884758635,0
1596032739.0120103,806.2915082123443,269.4591884758635,0
1596032739.0120103,0,269.4591884758635,0
1596032739.0220146,271.25995923544605,269.4591884758635,0
1596032739.0320246,273.0617599632903,269.4591884758635,0
1596032739.0420184,274.8606424477263,269.4591884758635,0
1596032739.0520115,276.65939618612964,269.4591884758635,0
1596032739.0620244,278.46171189810474,269.4591884758635,0
1596032739.072024,280.26166726614673,269.4591884758635,0
1596032739.0820181,282.060592665927,269.4591884758635,0
1596032739.0920317,283.8630371239348,269.4591884758635,0
1596032739.1020179,285.6605463173552,269.4591884758635,0
1596032739.1120305,287.4628191139861,269.4591884758635,0
1596032739.1220124,289.2595558312102,269.4591884758635,0
1596032739.1320148,291.0599832680388,269.4591884758635,0
1596032739.1420138,292.8598098900481,269.4591884758635,0
1596032739.1520257,294.66195394064624,269.4591884758635,0
1596032739.1620297,296.4626817848845,269.4591884758635,0
1596032739.1720228,298.26143552328784,269.4591884758635,0
1596032739.1820204,300.0610046532317,269.4591884758635,0
1596032739.1920254,301.8619041588469,269.4591884758635,0
1596032739.2020311,303.6629324104949,269.4591884758635,0
1596032739.2120268,305.4621582176848,269.4591884758635,0
1596032739.222013,307.2596674111052,269.4591884758635,0
1596032739.232015,309.06000901724536,269.4591884758635,0
1596032739.2420218,310.8612518456145,269.4591884758635,0
1596032739.2520194,312.66082097555835,269.4591884758635,0
1596032739.2620244,314.4617204811736,269.4591884758635,0
1596032739.27201,316.2591438439055,269.4591884758635,0
1596032739.2820158,318.06017209555347,269.4591884758635,0
1596032739.2920294,319.8626165535613,269.4591884758635,0
1596032739.3020222,321.66132737662036,269.4591884758635,0
1596032739.312012,323.45948030020435,269.4591884758635,0
1596032739.3220124,325.25956441427905,269.4591884758635,0
1596032739.3320222,327.06132222677905,269.4591884758635,0
1596032739.3420265,328.8620929863616,269.4591884758635,0
1596032739.3520222,330.6613187935515,269.4591884758635,0
1596032739.3620217,332.46123124624927,269.4591884758635,0
1596032739.3720288,334.26251698996265,269.4591884758635,0
1596032739.3820293,336.06260110403736,269.4591884758635,0
1596032739.3920128,337.85963822867114,269.4591884758635,0
1596032739.4020154,339.660108580844,269.4591884758635,0
1596032739.4120166,341.4603214409514,269.4591884758635,0
1596032739.4220285,343.26246549154956,269.4591884758635,0
1596032739.4320118,345.0594597008391,269.4591884758635,0
1596032739.4420197,346.8608741905852,269.4591884758635,0
1596032739.4520245,348.6617307808562,269.4591884758635,0
1596032739.4620113,350.4593687203093,269.4591884758635,0
1596032739.4720235,352.2615556862517,269.4591884758635,0
1596032739.4820142,354.05988027121265,269.4591884758635,0
1596032739.492025,355.8618097450896,269.4591884758635,0
1596032739.5020173,357.6604347374602,269.4591884758635,0
1596032739.5120194,359.4608192589446,269.4591884758635,0
1596032739.5149615,359.990394606845,269.4591884758635,0
1596032739.5149615,359.9971183820535,269.46591225107204,0
1596032739.5150914,360,269.46591225107204,1
1596032739.522025,361.26857128580104,269.46591225107204,0
1596032739.5320218,363.06796875436794,269.46591225107204,0
1596032739.5420246,364.86848202188503,269.46591225107204,0
1596032739.552025,366.66856613595974,269.46591225107204,0
1596032739.5620103,368.4659036680032,269.46591225107204,0
1596032739.572022,370.2680048032571,269.46591225107204,0
1596032739.582017,372.0671018644143,269.46591225107204,0
1596032739.5920215,373.8679155393411,269.46591225107204,0
1596032739.6020164,375.6670126004983,269.46591225107204,0
1596032739.6075785,376.6681846662332,269.46591225107204,0
1596032739.6075785,553.6265939756204,269.46591225107204,0
1596032739.6120174,554.4255918546487,269.46591225107204,0
1596032739.62202,556.2260622068216,269.46591225107204,0
1596032739.6320212,558.026275066929,269.46591225107204,0
1596032739.6420183,559.8257583661843,269.46591225107204,0
1596032739.652025,561.6269582792092,269.46591225107204,0
1596032739.6620145,563.425068287449,269.46591225107204,0
1596032739.672027,565.2273410840799,269.46591225107204,0
1596032739.6820107,567.0243782087136,269.46591225107204,0
1596032739.6920211,568.8262647672464,269.46591225107204,0
1596032739.7020144,570.6250614209939,269.46591225107204,0
1596032739.7120278,572.4274629636575,269.46591225107204,0
1596032739.7220175,574.2256158872415,269.46591225107204,0
1596032739.7320123,576.0246700330545,269.46591225107204,0
1596032739.7420106,577.824367909031,269.46591225107204,0
1596032739.752022,579.6264261289407,269.46591225107204,0
1596032739.7620208,581.4262098356057,269.46591225107204,0
1596032739.7720284,583.2275814100076,269.46591225107204,0
1596032739.7820213,585.0262922330667,269.46591225107204,0
1596032739.7920246,586.8268913312722,269.46591225107204,0
1596032739.8020306,588.6279624982644,269.46591225107204,0
1596032739.8120146,590.4250854535867,269.46591225107204,0
1596032739.8220193,592.2259420438577,269.46591225107204,0
1596032739.8320212,594.0262836499978,269.46591225107204,0
1596032739.8420136,595.8249086423684,269.46591225107204,0
1596032739.8520117,597.6245636030008,269.46591225107204,0
1596032739.8620157,599.425291447239,269.46591225107204,0
1596032739.8720274,601.2273925824929,269.46591225107204,0
1596032739.8820226,603.0265325589944,269.46591225107204,0
1596032739.8920183,604.8257583661843,269.46591225107204,0
1596032739.90202,606.6260570569802,269.46591225107204,0
1596032739.9120188,608.4258407636453,269.46591225107204,0
1596032739.9220107,610.2243799253274,269.46591225107204,0
1596032739.9320095,612.0241636319925,269.46591225107204,0
1596032739.9420218,613.8263935132791,269.46591225107204,0
1596032739.9520266,615.6272501035501,269.46591225107204,0
1596032739.9620214,617.426304249363,269.46591225107204,0
1596032739.9720106,619.2243713422586,269.46591225107204,0
1596032739.9820118,621.024584202366,269.46591225107204,0
1596032739.9920216,622.826342014866,269.46591225107204,0
1596032740.0020163,624.625396160679,269.46591225107204,0
1596032740.0120301,626.427883534031,269.46591225107204,0
1596032740.022024,628.2267660184671,269.46591225107204,0
1596032740.0320203,630.0261205716897,269.46591225107204,0
1596032740.0420208,631.8262046857644,269.46591225107204,0
1596032740.0520244,633.6268466993142,269.46591225107204,0
1596032740.0620182,635.4257291837503,269.46591225107204,0
1596032740.0720227,637.226542858677,269.46591225107204,0
1596032740.0820255,639.0270561261941,269.46591225107204,0
1596032740.0920217,640.8263677640725,269.46591225107204,0
1596032740.1020255,642.6270526929666,269.46591225107204,0
1596032740.1120312,644.4280809446145,269.46591225107204,0
1596032740.1220152,646.2252038999368,269.46591225107204,0
1596032740.132021,648.0262321515847,269.46591225107204,0
1596032740.1420295,649.8277753873635,269.46591225107204,0
1596032740.152026,651.6271299405862,269.46591225107204,0
1596032740.1620185,653.425797848301,269.46591225107204,0
1596032740.172021,655.2262252851297,269.46591225107204,0
1596032740.1820107,657.0243782087136,269.46591225107204,0
1596032740.1920314,658.8281101270486,269.46591225107204,0
1596032740.2020247,660.6269067807962,269.46591225107204,0
1596032740.2120209,662.4262184186746,269.46591225107204,0
1596032740.2220116,664.2245430036355,269.46591225107204,0
1596032740.2320309,666.028017429905,269.46591225107204,0
1596032740.2420092,667.8241104169656,269.46591225107204,0
1596032740.2520146,669.6250957532693,269.46591225107204,0
1596032740.2620237,671.4267248197366,269.46591225107204,0
1596032740.2720213,673.2262939496804,269.46591225107204,0
1596032740.282028,675.0274938627053,269.46591225107204,0
1596032740.2920203,676.826118855076,269.46591225107204,0
1596032740.3020294,678.6277479215432,269.46591225107204,0
1596032740.3120103,680.4243129773904,269.46591225107204,0
1596032740.3220117,682.2245687528421,269.46591225107204,0
1596032740.3320115,684.024524120884,269.46591225107204,0
1596032740.3420305,685.8279556318093,269.46591225107204,0
1596032740.3520098,687.6242202802468,269.46591225107204,0
1596032740.3620272,689.4273513837625,269.46591225107204,0
1596032740.3720305,691.227950481968,269.46591225107204,0
1596032740.382022,693.0264038129617,269.46591225107204,0
1596032740.3920114,694.8245138212014,269.46591225107204,0
1596032740.4020095,696.6241687818338,269.46591225107204,0
1596032740.4120092,698.4241241498758,269.46591225107204,0
1596032740.422029,700.2276844068338,269.46591225107204,0
1596032740.4320216,702.0263523145486,269.46591225107204,0
1596032740.4420192,703.8259214444925,269.46591225107204,0
1596032740.4520235,705.626692204075,269.46591225107204,0
1596032740.4620242,707.4268192334939,269.46591225107204,0
1596032740.472028,709.227504162388,269.46591225107204,0
1596032740.4820113,711.0244983716775,269.46591225107204,0
1596032740.492021,712.8262561841775,269.46591225107204,0
1596032740.5020244,714.6268552823831,269.46591225107204,0
1596032740.5120122,716.4246648832132,269.46591225107204,0
1596032740.5220218,718.2263797803689,269.46591225107204,0
1596032740.5320306,720.027965931492,269.46591225107204,0
1596032740.5420136,721.8249172254373,269.46591225107204,0
1596032740.552026,723.6271471067239,269.46591225107204,0
1596032740.5620222,725.4264587446023,269.46591225107204,0
1596032740.5720234,727.2266716047097,269.46591225107204,0
1596032740.5820305,729.0279573484231,269.46591225107204,0
1596032740.5920167,730.8254665418435,269.46591225107204,0
1596032740.6020126,732.6247352643777,269.46591225107204,0
1596032740.6120298,734.4278234525491,269.46591225107204,0
1596032740.6220093,736.2241310163308,269.46591225107204,0
1596032740.6320188,738.0258459134866,269.46591225107204,0
1596032740.642022,739.8264020963479,269.46591225107204,0
1596032740.652016,741.6253274961282,269.46591225107204,0
1596032740.6620107,743.4243816419412,269.46591225107204,0
1596032740.6720126,745.2247232480813,269.46591225107204,0
1596032740.6820178,747.0256656690408,269.46591225107204,0
1596032740.6920097,748.8242048307229,269.46591225107204,0
1596032740.7020135,750.624889759617,269.46591225107204,0
1596032740.7120209,752.4262184186746,269.46591225107204,0
1596032740.722024,754.2267746015359,269.46591225107204,0
1596032740.732014,756.0249704404641,269.46591225107204,0
1596032740.7420177,757.8256553693582,269.46591225107204,0
1596032740.7520094,759.6241516156961,269.46591225107204,0
1596032740.7620165,761.4254373594094,269.46591225107204,0
1596032740.772017,763.2255214734842,269.46591225107204,0
1596032740.7820225,765.0265068097879,269.46591225107204,0
1596032740.7920287,766.8276208921243,269.46591225107204,0
1596032740.8020124,768.6247009321023,269.46591225107204,0
1596032740.8120124,770.4246992154885,269.46591225107204,0
1596032740.8220086,772.224010853367,269.46591225107204,0
1596032740.8320131,774.0248245282937,269.46591225107204,0
1596032740.8420277,775.8274406476785,269.46591225107204,0
1596032740.8520098,777.6242202802468,269.46591225107204,0
1596032740.8620248,779.4269222303201,269.46591225107204,0
1596032740.8720155,781.225246815281,269.46591225107204,0
1596032740.8820164,783.0254167600442,269.46591225107204,0
1596032740.8920195,784.8259729429055,269.46591225107204,0
1596032740.9020126,786.6247266813089,269.46591225107204,0
1596032740.9120219,788.4263986631204,269.46591225107204,0
1596032740.922024,790.2267831846048,269.46591225107204,0
1596032740.9320197,792.0260089917947,269.46591225107204,0
1596032740.9420116,793.8245481534768,269.46591225107204,0
1596032740.9520302,795.6278938337136,269.46591225107204,0
1596032740.9620104,797.4243301435281,269.46591225107204,0
1596032740.9720285,799.2275899930764,269.46591225107204,0
1596032740.9820218,801.026386646824,269.46591225107204,0
1596032740.9920092,802.8241104169656,269.46591225107204,0
1596032741.0020165,804.6254390760232,269.46591225107204,0
1596032741.01203,806.4278406186868,269.46591225107204,0
1596032741.01203,0,269.46591225107204,0
1596032741.0220342,271.26668301065456,269.46591225107204,0
1596032741.0320475,273.06908455331813,269.46591225107204,0
1596032741.0420399,274.86770954568874,269.46591225107204,0
1596032741.0520353,276.66689243753444,269.46591225107204,0
1596032741.062036,278.4670194669534,269.46591225107204,0
1596032741.072046,280.2688201947976,269.46591225107204,0
1596032741.0820508,282.0696767850686,269.46591225107204,0
1596032741.092042,283.86808720071804,269.46591225107204,0
1596032741.1020372,285.6672271772195,269.46591225107204,0
1596032741.1120367,287.46713962991726,269.46591225107204,0
1596032741.1220417,289.2680391355325,269.46591225107204,0
1596032741.1320405,291.06782284219753,269.46591225107204,0
1596032741.14204,292.8677352948953,269.46591225107204,0
1596032741.1520514,294.66979351480495,269.46591225107204,0
1596032741.162049,296.4693626447488,269.46591225107204,0
1596032741.1720402,298.2677730603982,269.46591225107204,0
1596032741.1820354,300.0669130368997,269.46591225107204,0
1596032741.1920476,301.86910000284206,269.46591225107204,0
1596032741.2020383,303.667424587803,269.46591225107204,0
1596032741.2120407,305.4678520246316,269.46591225107204,0
1596032741.2220314,307.26617660959255,269.46591225107204,0
1596032741.2320423,309.06814899881374,269.46591225107204,0
1596032741.2420452,310.86866226633083,269.46591225107204,0
1596032741.2520385,312.6674589200784,269.46591225107204,0
1596032741.262047,314.4690021558572,269.46591225107204,0
1596032741.272037,316.2671979947854,269.46591225107204,0
1596032741.2820396,318.06766834695827,269.46591225107204,0
1596032741.2920423,319.8681386991311,269.46591225107204,0
1596032741.3020432,321.6683086438943,269.46591225107204,0
1596032741.3120427,323.46822109659206,269.46591225107204,0
1596032741.3220477,325.2691206022073,269.46591225107204,0
1596032741.3320446,327.0685609861184,269.46591225107204,0
1596032741.342047,328.86898842294704,269.46591225107204,0
1596032741.352034,330.6666692777444,269.46591225107204,0
1596032741.3620408,332.4678691907693,269.46591225107204,0
1596032741.37203,334.2659362836648,269.46591225107204,0
1596032741.3820348,336.0667928739358,269.46591225107204,0
1596032741.3920417,337.86803570230495,269.46591225107204,0
1596032741.4020495,339.66945019205104,269.46591225107204,0
1596032741.412045,341.46863308389675,269.46591225107204,0
1596032741.4220405,343.26781597574245,269.46591225107204,0
1596032741.4320304,345.0660118146707,269.46591225107204,0
1596032741.4420357,346.86695423563015,269.46591225107204,0
1596032741.4520473,348.66905537088405,269.46591225107204,0
1596032741.4620383,350.4674228711892,269.46591225107204,0
1596032741.4720366,352.2671207471658,269.46591225107204,0
1596032741.482045,354.06862106760036,269.46591225107204,0
1596032741.4920368,355.8671602292825,269.46591225107204,0
1596032741.5020335,357.6665576978494,269.46591225107204,0
1596032741.5120435,359.4683584256936,269.46591225107204,0
1596032741.515014,360,269.46591225107204,1
1596032741.5151813,360.03316727121364,269.46591225107204,0
1596032741.5151813,548.6360887571145,269.46591225107204,0
1596032741.5220294,549.8687461896707,269.46591225107204,0
1596032741.5320323,551.6692594571878,269.46591225107204,0
1596032741.542044,553.4713605924417,269.46591225107204,0
1596032741.552039,555.2704576535989,269.46591225107204,0
1596032741.5620372,557.0701555295755,269.46591225107204,0
1596032741.5720499,558.8724283262063,269.46591225107204,0
1596032741.582031,560.6690362973977,269.46591225107204,0
1596032741.5920472,562.4719528241922,269.46591225107204,0
1596032741.6020315,564.2691186948587,269.46591225107204,0
1596032741.6079335,565.3314880414773,269.46591225107204,0
1596032741.6079335,610.2255849881936,269.46591225107204,0
1596032741.6120412,610.964973454075,269.46591225107204,0
1596032741.622041,612.764928822117,269.46591225107204,0
1596032741.632039,614.5645837827493,269.46591225107204,0
1596032741.6420496,616.366470341282,269.46591225107204,0
1596032741.652039,618.1645803495218,269.46591225107204,0
1596032741.6620302,619.9629907651712,269.46591225107204,0
1596032741.6720402,621.7647914930154,269.46591225107204,0
1596032741.6820352,623.5638885541726,269.46591225107204,0
1596032741.6920378,625.3643589063455,269.46591225107204,0
1596032741.7020407,627.1648721738626,269.46591225107204,0
1596032741.712041,628.9649133725931,269.46591225107204,0
1596032741.7220457,630.765769962864,269.46591225107204,0
1596032741.7320325,632.5634079023172,269.46591225107204,0
1596032741.7420404,634.3648223920633,269.46591225107204,0
1596032741.7520423,636.1651639982034,269.46591225107204,0
1596032741.7620344,637.9637460752298,269.46591225107204,0
1596032741.7720358,639.7640018506814,269.46591225107204,0
1596032741.7820373,641.5642576261331,269.46591225107204,0
1596032741.7920327,643.3634405179788,269.46591225107204,0
1596032741.8020365,645.1641254468728,269.46591225107204,0
1596032741.8120313,646.9631795926858,269.46591225107204,0
1596032741.822047,648.7660102887918,269.46591225107204,0
1596032741.8320458,650.5657939954568,269.46591225107204,0
1596032741.8420496,652.3664789243509,269.46591225107204,0
1596032741.8520334,654.1635589643289,269.46591225107204,0
1596032741.8620334,655.9635572477151,269.46591225107204,0
1596032741.8720508,657.7666883512308,269.46591225107204,0
1596032741.8820407,659.564884190159,269.46591225107204,0
1596032741.8920302,661.3629941983987,269.46591225107204,0
1596032741.902031,663.1631212278177,269.46591225107204,0
1596032741.9120355,664.9639349027444,269.46591225107204,0
1596032741.922037,666.7641906781961,269.46591225107204,0
1596032741.9320302,668.5629873319436,269.46591225107204,0
1596032741.942029,670.3627710386087,269.46591225107204,0
1596032741.952045,672.1656446500589,269.46591225107204,0
1596032741.962034,673.9636688276101,269.46591225107204,0
1596032741.9720457,675.765769962864,269.46591225107204,0
1596032741.9820392,677.5646095319559,269.46591225107204,0
1596032741.9920316,679.3632345243265,269.46591225107204,0
1596032742.002029,681.1627607389261,269.46591225107204,0
1596032742.0120382,682.9644327207376,269.46591225107204,0
1596032742.022039,684.7645597501565,269.46591225107204,0
1596032742.0320385,686.5644722028543,269.46591225107204,0
1596032742.0420349,688.363826756077,269.46591225107204,0
1596032742.0520492,690.1663999601175,269.46591225107204,0
1596032742.0620337,691.9636087461282,269.46591225107204,0
1596032742.0720353,693.7639074369241,269.46591225107204,0
1596032742.0820463,695.5658798261453,269.46591225107204,0
1596032742.0920348,697.3638181730081,269.46591225107204,0
1596032742.102034,699.1636877103616,269.46591225107204,0
1596032742.1120493,700.9664325757791,269.46591225107204,0
1596032742.12205,702.766559605198,269.46591225107204,0
1596032742.1320367,704.5641546293069,269.46591225107204,0
1596032742.1420453,706.3656978650857,269.46591225107204,0
1596032742.1520336,708.1635932966043,269.46591225107204,0
1596032742.162029,709.96277618845,269.46591225107204,0
1596032742.1720388,711.76453400095,269.46591225107204,0
1596032742.1820402,713.5647897764017,269.46591225107204,0
1596032742.1920474,715.366075520115,269.46591225107204,0
1596032742.202044,717.1654729886819,269.46591225107204,0
1596032742.2120495,718.9664583249856,269.46591225107204,0
1596032742.2220306,720.763066296177,269.46591225107204,0
1596032742.2320404,722.564824108677,269.46591225107204,0
1596032742.2420359,724.3640070005227,269.46591225107204,0
1596032742.2520287,726.1627178235818,269.46591225107204,0
1596032742.2620456,727.965763096409,269.46591225107204,0
1596032742.2720377,729.7643451734353,269.46591225107204,0
1596032742.282035,731.563871388035,269.46591225107204,0
1596032742.2920313,733.3631830259134,269.46591225107204,0
1596032742.3020334,735.1635675473977,269.46591225107204,0
1596032742.3120506,736.9666557355691,269.46591225107204,0
1596032742.3220472,738.766053204136,269.46591225107204,0
1596032742.3320434,740.5653648420144,269.46591225107204,0
1596032742.3420305,742.3630456968118,269.46591225107204,0
1596032742.3520498,744.1665201230813,269.46591225107204,0
1596032742.3620331,745.9635143323709,269.46591225107204,0
1596032742.3720357,747.7639846845437,269.46591225107204,0
1596032742.3820462,749.5658712430765,269.46591225107204,0
1596032742.3920422,751.3651399656106,269.46591225107204,0
1596032742.4020433,753.1653528257181,269.46591225107204,0
1596032742.4120498,754.9665098233987,269.46591225107204,0
1596032742.4220316,756.7632465406228,269.46591225107204,0
1596032742.4320288,758.5627298398782,269.46591225107204,0
1596032742.442041,760.3649168058206,269.46591225107204,0
1596032742.452043,762.165301327305,269.46591225107204,0
1596032742.4620335,763.9635829969217,269.46591225107204,0
1596032742.472046,765.7658128782083,269.46591225107204,0
1596032742.4820302,767.5629787488748,269.46591225107204,0
1596032742.4920435,769.3653802915384,269.46591225107204,0
1596032742.5020413,771.1649923368265,269.46591225107204,0
1596032742.5120478,772.9661493345071,269.46591225107204,0
1596032742.52205,774.7665338559915,269.46591225107204,0
1596032742.5320306,776.5630559964944,269.46591225107204,0
1596032742.5420427,778.3652429624368,269.46591225107204,0
1596032742.552045,780.1656703992654,269.46591225107204,0
1596032742.5620344,781.9637374921609,269.46591225107204,0
1596032742.572029,783.7627916379739,269.46591225107204,0
1596032742.5820358,785.5639915509988,269.46591225107204,0
1596032742.5920477,787.366135601597,269.46591225107204,0
1596032742.6020422,789.1651468320657,269.46591225107204,0
1596032742.6120422,790.965145115452,269.46591225107204,0
1596032742.6220453,792.7657012983133,269.46591225107204,0
1596032742.6320467,794.5659570737649,269.46591225107204,0
1596032742.6420298,796.3629083677102,269.46591225107204,0
1596032742.6520386,798.1644945188333,269.46591225107204,0
1596032742.6620367,799.9641494794656,269.46591225107204,0
1596032742.6720471,801.7660360379983,269.46591225107204,0
1596032742.6820493,803.5664205594827,269.46591225107204,0
1596032742.6920497,805.3665046735574,269.46591225107204,0
1596032742.7020364,807.1640996976663,269.46591225107204,0
1596032742.7120397,808.9646987958719,269.46591225107204,0
1596032742.722034,810.7636671109964,269.46591225107204,0
1596032742.7320502,812.5665836377908,269.46591225107204,0
1596032742.742039,814.3645648999978,269.46591225107204,0
1596032742.7520382,816.1644344373514,269.46591225107204,0
1596032742.7620287,817.9627161069681,269.46591225107204,0
1596032742.772035,819.7638301893045,269.46591225107204,0
1596032742.7820404,821.5648155256082,269.46591225107204,0
1596032742.792035,823.3638696714212,269.46591225107204,0
1596032742.80205,825.1665716214944,269.46591225107204,0
1596032742.8120468,826.9659690900613,269.46591225107204,0
1596032742.822037,828.7642078443338,269.46591225107204,0
1596032742.8320382,830.5644207044412,269.46591225107204,0
1596032742.842044,832.3654918714334,269.46591225107204,0
1596032742.8520315,834.163215641575,269.46591225107204,0
1596032742.8620439,835.9654455228616,269.46591225107204,0
1596032742.8720462,837.7658729596902,269.46591225107204,0
1596032742.8820395,839.5646696134378,269.46591225107204,0
1596032742.8920472,841.3660411878396,269.46591225107204,0
1596032742.9020448,843.1656103177835,269.46591225107204,0
1596032742.91205,844.966552738743,269.46591225107204,0
1596032742.9220366,846.7641477628518,269.46591225107204,0
1596032742.9320312,848.5631589933206,269.46591225107204,0
1596032742.9420466,850.3659467740823,269.46591225107204,0
1596032742.9520507,852.1666746183206,269.46591225107204,0
1596032742.9620345,853.9637546582986,269.46591225107204,0
1596032742.9720442,855.7655124707986,269.46591225107204,0
1596032742.982039,857.5645666166116,269.46591225107204,0
1596032742.992041,859.364951138096,269.46591225107204,0
1596032743.0020468,861.1659793897439,269.46591225107204,0
1596032743.0120451,862.9656772657205,269.46591225107204,0
1596032743.0120451,0,269.46591225107204,0
1596032743.0220659,271.269644169407,269.46591225107204,0
1596032743.0320456,273.065994648533,269.46591225107204,0
1596032743.0420609,274.86873951395046,269.46591225107204,0
1596032743.0520606,276.66869488199245,269.46591225107204,0
1596032743.0620494,278.4666761441995,269.46591225107204,0
1596032743.0720637,280.26924934824,269.46591225107204,0
1596032743.0820494,282.06667271097194,269.46591225107204,0
1596032743.0920646,283.8694175763894,269.46591225107204,0
1596032743.1020582,285.6682571454812,269.46591225107204,0
1596032743.112053,287.4673112912942,269.46591225107204,0
1596032743.1220634,289.2691978498269,269.46591225107204,0
1596032743.1320667,291.0697969480325,269.46591225107204,0
1596032743.1420465,292.86614742715847,269.46591225107204,0
1596032743.1520526,294.6672615094949,269.46591225107204,0
1596032743.1620529,296.46730270822536,269.46591225107204,0
1596032743.17205,298.26678600748073,269.46591225107204,0
1596032743.182045,300.06588306863796,269.46591225107204,0
1596032743.1920614,301.86884251077663,269.46591225107204,0
1596032743.2020538,303.66746750314724,269.46591225107204,0
1596032743.2120504,305.46686497171413,269.46591225107204,0
1596032743.2220542,307.2675499006082,269.46591225107204,0
1596032743.2320518,309.067119030552,269.46591225107204,0
1596032743.2420526,310.86724605997097,269.46591225107204,0
1596032743.2520642,312.6693471952249,269.46591225107204,0
1596032743.262055,314.4676717801858,269.46591225107204,0
1596032743.2720478,316.2663826032449,269.46591225107204,0
1596032743.282066,318.06968536813747,269.46591225107204,0
1596032743.2920623,319.8689970060159,269.46591225107204,0
1596032743.3020573,321.6680940671731,269.46591225107204,0
1596032743.312048,323.46641865213405,269.46591225107204,0
1596032743.3220534,325.26740398843776,269.46591225107204,0
1596032743.332046,327.0660718961526,269.46591225107204,0
1596032743.342062,328.8689455076028,269.46591225107204,0
1596032743.3520455,330.6659826322366,269.46591225107204,0
1596032743.36205,332.46679630716335,269.46591225107204,0
1596032743.3720484,334.2664941831399,269.46591225107204,0
1596032743.3820467,336.0661920591165,269.46591225107204,0
1596032743.3920581,337.86825027902614,269.46591225107204,0
1596032743.4020529,339.66730442483913,269.46591225107204,0
1596032743.4120464,341.4661439939309,269.46591225107204,0
1596032743.4220643,343.26936092813503,269.46591225107204,0
1596032743.4320514,345.0670417829324,269.46591225107204,0
1596032743.4420588,346.86837044199,269.46591225107204,0
1596032743.452057,348.66802540262233,269.46591225107204,0
1596032743.4620597,350.4685386701394,269.46591225107204,0
1596032743.4720638,352.2692665143777,269.46591225107204,0
1596032743.4820514,354.06703319986354,269.46591225107204,0
1596032743.4920635,355.8692201658059,269.46591225107204,0
1596032743.502062,357.6689609571267,269.46591225107204,0
1596032743.512066,359.46964588602077,269.46591225107204,0
1596032743.514291,359.87017479379665,269.46591225107204,0
1596032743.514291,359.961052438139,269.5567898954144,0
1596032743.5145228,360,269.5567898954144,1
1596032743.522045,361.3567452634564,269.5567898954144,0
1596032743.5320525,363.15811683785824,269.5567898954144,0
1596032743.5420644,364.9602608884564,269.5567898954144,0
1596032743.5520532,366.7582421506634,269.5567898954144,0
1596032743.5620656,368.56047203195004,269.5567898954144,0
1596032743.572058,370.35909702432065,269.5567898954144,0
1596032743.5820618,372.1597819532147,269.5567898954144,0
1596032743.5920491,373.9575057233563,269.5567898954144,0
1596032743.6020567,375.75887729775815,269.5567898954144,0
1596032743.6081588,376.8572526181927,269.5567898954144,0
1596032743.6081588,553.7469287122478,269.5567898954144,0
1596032743.6120658,554.4501824582806,269.5567898954144,0
1596032743.6220663,556.2502665723553,269.5567898954144,0
1596032743.6320622,558.0495352948894,269.5567898954144,0
1596032743.642061,559.8493190015545,269.5567898954144,0
1596032743.6520607,561.6492743695965,269.5567898954144,0
1596032743.6620514,563.4475989545574,269.5567898954144,0
1596032743.6720572,565.2486272062054,269.5567898954144,0
1596032743.682047,567.0467801297893,269.5567898954144,0
1596032743.6920645,568.8499541486492,269.5567898954144,0
1596032743.7020478,570.6469483579388,269.5567898954144,0
1596032743.7120647,572.4499936307659,269.5567898954144,0
1596032743.7220476,574.246902009367,269.5567898954144,0
1596032743.7320497,576.0472865308514,269.5567898954144,0
1596032743.7420633,577.8497309888592,269.5567898954144,0
1596032743.7520533,579.6479268277874,269.5567898954144,0
