Timestamp,Phase,Heading,Ping?
1596482690.010091,91.80188655853271,90.0,0
1596482690.0200868,93.60111236572266,90.0,0
1596482690.0300872,95.40119647979736,90.0,0
1596482690.0400898,97.20166683197021,90.0,0
1596482690.0500953,99.00265216827393,90.0,0
1596482690.0600965,100.80286502838135,90.0,0
1596482690.0700846,102.60071754455566,90.0,0
1596482690.080083,104.40041542053223,90.0,0
1596482690.0900996,106.20341777801514,90.0,0
1596482690.1000924,108.00212860107422,90.0,0
1596482690.1100886,109.80144023895264,90.0,0
1596482690.1200845,111.60070896148682,90.0,0
1596482690.1300952,113.40263843536377,90.0,0
1596482690.1400898,115.20164966583252,90.0,0
1596482690.1500874,117.00121879577637,90.0,0
1596482690.1600845,118.80070209503174,90.0,0
1596482690.1700826,120.60035705566406,90.0,0
1596482690.180083,122.40044116973877,90.0,0
1596482690.1900914,124.20194149017334,90.0,0
1596482690.2000904,126.00176811218262,90.0,0
1596482690.2100923,127.80210971832275,90.0,0
1596482690.2200859,129.60094928741455,90.0,0
1596482690.2300854,131.4008617401123,90.0,0
1596482690.2400954,133.20266246795654,90.0,0
1596482690.250101,135.0036907196045,90.0,0
1596482690.2600803,136.799955368042,90.0,0
1596482690.2700937,138.60235691070557,90.0,0
1596482690.2800834,140.40050983428955,90.0,0
1596482690.2900958,142.20273971557617,90.0,0
1596482690.300099,144.0032958984375,90.0,0
1596482690.3100903,145.80174922943115,90.0,0
1596482690.3201003,147.6035499572754,90.0,0
1596482690.3300977,149.403076171875,90.0,0
1596482690.3400903,151.20174407958984,90.0,0
1596482690.3500807,153.00002574920654,90.0,0
1596482690.360082,154.80023860931396,90.0,0
1596482690.3700826,156.6003656387329,90.0,0
1596482690.3800976,158.40306758880615,90.0,0
1596482690.390098,160.20315170288086,90.0,0
1596482690.4000993,162.00336456298828,90.0,0
1596482690.4100842,163.8006591796875,90.0,0
1596482690.4200983,165.6031894683838,90.0,0
1596482690.4300969,167.4029302597046,90.0,0
1596482690.4401002,169.20352935791016,90.0,0
1596482690.4500988,171.00327014923096,90.0,0
1596482690.4600897,172.80163764953613,90.0,0
1596482690.4700902,174.60172176361084,90.0,0
1596482690.480099,176.4033079147339,90.0,0
1596482690.4900963,178.2028341293335,90.0,0
1596482690.5000963,180.00283241271973,90.0,0
1596482690.510085,181.80081367492676,90.0,0
1596482690.520086,183.60098361968994,90.0,0
1596482690.53009,185.40171146392822,90.0,0
1596482690.5400813,187.20012187957764,90.0,0
1596482690.5500884,189.00140762329102,90.0,0
1596482690.5600848,190.80076217651367,90.0,0
1596482690.570094,192.6024341583252,90.0,0
1596482690.5800915,194.4019603729248,90.0,0
1596482690.5900962,196.2028169631958,90.0,0
1596482690.6000998,198.0034589767456,90.0,0
1596482690.6100814,199.8001527786255,90.0,0
1596482690.620089,201.60152435302734,90.0,0
1596482690.630097,203.40293884277344,90.0,0
1596482690.6400871,205.2011775970459,90.0,0
1596482690.6500885,207.00143337249756,90.0,0
1596482690.6600997,208.803448677063,90.0,0
1596482690.6700861,210.60100078582764,90.0,0
1596482690.6800902,212.40172863006592,90.0,0
1596482690.6900847,214.20073986053467,90.0,0
1596482690.700097,216.0029697418213,90.0,0
1596482690.710091,217.80189514160156,90.0,0
1596482690.7200851,219.60082054138184,90.0,0
1596482690.7300935,221.4023208618164,90.0,0
1596482690.7400875,223.20124626159668,90.0,0
1596482690.7500958,225.00274658203125,90.0,0
1596482690.7558026,226.02996826171875,90.0,0
1596482690.7558026,319.8089904785156,183.77902221679688,0
1596482690.7600946,320.58155250549316,183.77902221679688,0
1596482690.7700887,322.38047790527344,183.77902221679688,0
1596482690.7800903,324.18077659606934,183.77902221679688,0
1596482690.79009,325.9807319641113,183.77902221679688,0
1596482690.800081,327.7790994644165,183.77902221679688,0
1596482690.8100865,329.5800848007202,183.77902221679688,0
1596482690.820093,331.3812417984009,183.77902221679688,0
1596482690.8300886,333.1804676055908,183.77902221679688,0
1596482690.8321774,333.5564489364624,183.77902221679688,0
1596482690.8321774,352.06693468093874,202.2895079612732,0
1596482690.8400884,353.49090871810915,202.2895079612732,0
1596482690.8500981,355.29266653060915,202.2895079612732,0
1596482690.860081,357.0895749092102,202.2895079612732,0
1596482690.870091,358.89137563705447,202.2895079612732,0
1596482690.8762684,360,202.2895079612732,1
1596482690.8762684,0,202.2895079612732,0
1596482690.8800938,0.6918889045715275,202.2895079612732,0
1596482690.8900971,2.492488002777094,202.2895079612732,0
1596482690.9000993,4.292872524261469,202.2895079612732,0
1596482690.910094,6.091926670074457,202.2895079612732,0
1596482690.9200926,7.891667461395258,202.2895079612732,0
1596482690.9300802,9.689434146881098,202.2895079612732,0
1596482690.9400933,11.491792774200434,202.2895079612732,0
1596482690.950083,13.289945697784418,202.2895079612732,0
1596482690.960099,15.092819309234613,202.2895079612732,0
1596482690.9700935,16.891830539703363,202.2895079612732,0
1596482690.9800906,18.691313838958735,202.2895079612732,0
1596482690.990084,20.490110492706293,202.2895079612732,0
1596482691.0001004,22.293069934844965,202.2895079612732,0
1596482691.0100868,24.090622043609613,202.2895079612732,0
1596482691.0200973,25.89250860214233,202.2895079612732,0
1596482691.03008,27.689416980743403,202.2895079612732,0
1596482691.040098,29.492633914947504,202.2895079612732,0
1596482691.0500867,31.290615177154535,202.2895079612732,0
1596482691.0600843,33.09018430709838,202.2895079612732,0
1596482691.070089,34.89104089736938,202.2895079612732,0
1596482691.0800848,36.69026670455932,202.2895079612732,0
1596482691.090081,38.48957834243774,202.2895079612732,0
1596482691.1000886,40.290949916839594,202.2895079612732,0
1596482691.110089,42.0910340309143,202.2895079612732,0
1596482691.1200926,43.891676044464106,202.2895079612732,0
1596482691.1300907,45.69133100509643,202.2895079612732,0
1596482691.1400945,47.49201593399047,202.2895079612732,0
1596482691.150082,49.28978261947631,202.2895079612732,0
1596482691.1600893,51.09106836318969,202.2895079612732,0
1596482691.1700966,52.89239702224731,202.2895079612732,0
1596482691.1800966,54.69239530563354,202.2895079612732,0
1596482691.1900885,56.49093446731567,202.2895079612732,0
1596482691.2000878,58.290804004669184,202.2895079612732,0
1596482691.2100985,60.09273347854614,202.2895079612732,0
1596482691.2200894,61.89110097885131,202.2895079612732,0
1596482691.230091,63.69139966964721,202.2895079612732,0
1596482691.2400796,65.48933801651,202.2895079612732,0
1596482691.2501,67.29298410415649,202.2895079612732,0
1596482691.2600996,69.09293947219848,202.2895079612732,0
1596482691.2700932,70.89177904129028,202.2895079612732,0
1596482691.28009,72.69121942520141,202.2895079612732,0
1596482691.2900958,74.49224767684936,202.2895079612732,0
1596482691.3000875,76.29074392318725,202.2895079612732,0
1596482691.3100939,78.09190092086791,202.2895079612732,0
1596482691.3200889,79.89099798202514,202.2895079612732,0
1596482691.330093,81.69172582626342,202.2895079612732,0
1596482691.3400981,83.4926682472229,202.2895079612732,0
1596482691.350081,85.28957662582397,202.2895079612732,0
1596482691.3600948,87.09206399917602,202.2895079612732,0
1596482691.3700907,88.8913327217102,202.2895079612732,0
1596482691.3800795,90.68931398391723,202.2895079612732,0
1596482691.390098,92.49265966415405,202.2895079612732,0
1596482691.400093,94.29175672531127,202.2895079612732,0
1596482691.4101,96.09299955368041,202.2895079612732,0
1596482691.4200795,97.88930711746215,202.2895079612732,0
1596482691.4300952,99.69213781356811,202.2895079612732,0
1596482691.440093,101.4917498588562,202.2895079612732,0
1596482691.450087,103.29067525863647,202.2895079612732,0
1596482691.460097,105.09247598648071,202.2895079612732,0
1596482691.4700818,106.88972768783569,202.2895079612732,0
1596482691.4800885,108.69092760086059,202.2895079612732,0
1596482691.4900901,110.49122629165649,202.2895079612732,0
1596482691.500094,112.29191122055053,202.2895079612732,0
1596482691.5100932,114.09178075790405,202.2895079612732,0
1596482691.520097,115.89246568679809,202.2895079612732,0
1596482691.5300858,117.69044694900512,202.2895079612732,0
1596482691.5400922,119.49160394668579,202.2895079612732,0
1596482691.5500941,121.29194555282592,202.2895079612732,0
1596482691.5600824,123.08984098434448,202.2895079612732,0
1596482691.5700831,124.88996801376342,202.2895079612732,0
1596482691.580079,126.6892367362976,202.2895079612732,0
1596482691.5900853,128.49035081863403,202.2895079612732,0
1596482691.6000793,130.2892762184143,202.2895079612732,0
1596482691.6100872,132.0906907081604,202.2895079612732,0
1596482691.620083,133.88995943069457,202.2895079612732,0
1596482691.630095,135.69210348129272,202.2895079612732,0
1596482691.6400998,137.49296007156372,202.2895079612732,0
1596482691.6500828,139.28991136550903,202.2895079612732,0
1596482691.6600914,141.09145460128784,202.2895079612732,0
1596482691.6700902,142.89123830795288,202.2895079612732,0
1596482691.6800919,144.69153699874877,202.2895079612732,0
1596482691.6900904,146.49127779006957,202.2895079612732,0
1596482691.7000804,148.2894736289978,202.2895079612732,0
1596482691.7100947,150.09204683303832,202.2895079612732,0
1596482691.720084,151.89011392593383,202.2895079612732,0
1596482691.730085,153.69028387069702,202.2895079612732,0
1596482691.7400944,155.49199876785278,202.2895079612732,0
1596482691.7500992,157.29285535812377,202.2895079612732,0
1596482691.7600913,159.09143743515014,202.2895079612732,0
1596482691.7700834,160.8900195121765,202.2895079612732,0
1596482691.780091,162.69139108657836,202.2895079612732,0
1596482691.7900841,164.49014482498168,202.2895079612732,0
1596482691.8000822,166.289799785614,202.2895079612732,0
1596482691.8100839,168.0900984764099,202.2895079612732,0
1596482691.8200915,169.89147005081176,202.2895079612732,0
1596482691.8300893,171.69108209609985,202.2895079612732,0
1596482691.8400936,173.49185285568237,202.2895079612732,0
1596482691.8500857,175.29043493270873,202.2895079612732,0
1596482691.860082,177.08974657058715,202.2895079612732,0
1596482691.8700829,178.88991651535034,202.2895079612732,0
1596482691.8800874,180.6907301902771,202.2895079612732,0
1596482691.8900957,182.49223051071166,202.2895079612732,0
1596482691.900086,184.29046926498413,202.2895079612732,0
1596482691.9100814,186.08965215682983,202.2895079612732,0
1596482691.9200819,187.88973627090454,202.2895079612732,0
1596482691.9300995,189.6929102897644,202.2895079612732,0
1596482691.9401069,191.49423894882202,202.2895079612732,0
1596482691.9500983,193.29269227981567,202.2895079612732,0
1596482691.9600945,195.0920039176941,202.2895079612732,0
1596482691.9700813,196.8896418571472,202.2895079612732,0
1596482691.980079,198.68921098709106,202.2895079612732,0
1596482691.9900844,200.49019632339477,202.2895079612732,0
1596482692.000096,202.29229745864868,202.2895079612732,0
1596482692.01008,204.08942041397094,202.2895079612732,0
1596482692.0200973,205.89250860214233,202.2895079612732,0
1596482692.030082,207.6897603034973,202.2895079612732,0
1596482692.0400941,209.4919472694397,202.2895079612732,0
1596482692.050085,211.29031476974487,202.2895079612732,0
1596482692.0600836,213.09005556106567,202.2895079612732,0
1596482692.0700986,214.8927575111389,202.2895079612732,0
1596482692.0800853,216.6903525352478,202.2895079612732,0
1596482692.0900922,218.49159536361694,202.2895079612732,0
1596482692.1000853,220.29034910202026,202.2895079612732,0
1596482692.1100955,222.09219274520873,202.2895079612732,0
1596482692.1200843,223.89017400741577,202.2895079612732,0
1596482692.1300986,225.6927472114563,202.2895079612732,0
1596482692.14008,227.48939809799194,202.2895079612732,0
1596482692.1500878,229.29081258773803,202.2895079612732,0
1596482692.160095,231.0920983314514,202.2895079612732,0
1596482692.1700969,232.89243993759155,202.2895079612732,0
1596482692.1800904,234.69127950668334,202.2895079612732,0
1596482692.1900785,236.48913202285766,202.2895079612732,0
1596482692.2000885,238.2909327507019,202.2895079612732,0
1596482692.2100787,240.08917150497436,202.2895079612732,0
1596482692.2200809,241.88955602645873,202.2895079612732,0
1596482692.2300835,243.6900263786316,202.2895079612732,0
1596482692.2400885,245.49092588424682,202.2895079612732,0
1596482692.2500873,247.29070959091186,202.2895079612732,0
1596482692.2600992,249.09285364151,202.2895079612732,0
1596482692.2700825,250.88984785079955,202.2895079612732,0
1596482692.2800844,252.6901894569397,202.2895079612732,0
1596482692.2900927,254.49168977737426,202.2895079612732,0
1596482692.300097,256.2924605369568,202.2895079612732,0
1596482692.310095,258.09211549758913,202.2895079612732,0
1596482692.3200948,259.8920708656311,202.2895079612732,0
1596482692.3300943,261.6919833183289,202.2895079612732,0
1596482692.3400843,263.4901791572571,202.2895079612732,0
1596482692.3500812,265.28961954116824,202.2895079612732,0
1596482692.360095,267.0921069145203,202.2895079612732,0
1596482692.370089,268.89103231430056,202.2895079612732,0
1596482692.3800967,270.6924038887024,202.2895079612732,0
1596482692.3900816,272.48969850540163,202.2895079612732,0
1596482692.4000976,274.29257211685183,202.2895079612732,0
1596482692.4100928,276.0917120933533,202.2895079612732,0
1596482692.4200926,277.8916674613953,202.2895079612732,0
1596482692.4300845,279.6902066230774,202.2895079612732,0
1596482692.4400835,281.4900332450867,202.2895079612732,0
1596482692.4500973,283.29252061843874,202.2895079612732,0
1596482692.4600842,285.09015855789187,202.2895079612732,0
1596482692.4700904,286.8912726402283,202.2895079612732,0
1596482692.4800954,288.69217214584353,202.2895079612732,0
1596482692.4900875,290.4907542228699,202.2895079612732,0
1596482692.5000784,292.28912172317507,202.2895079612732,0
1596482692.510084,294.0901070594788,202.2895079612732,0
1596482692.520081,295.88959035873415,202.2895079612732,0
1596482692.5300872,297.6907044410706,202.2895079612732,0
1596482692.540095,299.4921189308167,202.2895079612732,0
1596482692.5500898,301.29117307662966,202.2895079612732,0
1596482692.5600796,303.08932600021365,202.2895079612732,0
1596482692.5700827,304.889882183075,202.2895079612732,0
1596482692.5800812,306.6896229743958,202.2895079612732,0
1596482692.5900965,308.49236783981326,202.2895079612732,0
1596482692.6000881,310.29086408615115,202.2895079612732,0
1596482692.6100955,312.09219274520876,202.2895079612732,0
1596482692.6200807,313.8895302772522,202.2895079612732,0
1596482692.6300957,315.69223222732546,202.2895079612732,0
1596482692.6400905,317.49128637313845,202.2895079612732,0
1596482692.650096,319.29227170944216,202.2895079612732,0
1596482692.6600873,321.0907250404358,202.2895079612732,0
1596482692.6700816,322.8896933555603,202.2895079612732,0
1596482692.6800954,324.6921807289124,202.2895079612732,0
1596482692.6900878,326.490805721283,202.2895079612732,0
1596482692.7000792,328.28925905227663,202.2895079612732,0
1596482692.7100818,330.0897294044495,202.2895079612732,0
1596482692.7200813,331.88964185714724,202.2895079612732,0
1596482692.7300909,333.691356754303,202.2895079612732,0
1596482692.7400925,335.4916554450989,202.2895079612732,0
1596482692.7500863,337.29053792953493,202.2895079612732,0
1596482692.7600844,339.09019289016726,202.2895079612732,0
1596482692.770079,340.889204120636,202.2895079612732,0
1596482692.7800956,342.6922064781189,202.2895079612732,0
1596482692.7900915,344.4914752006531,202.2895079612732,0
1596482692.8000886,346.29095849990847,202.2895079612732,0
1596482692.8100944,348.0919867515564,202.2895079612732,0
1596482692.8200934,349.8918133735657,202.2895079612732,0
1596482692.8300846,351.6902237892151,202.2895079612732,0
1596482692.84009,353.4912091255188,202.2895079612732,0
1596482692.8500984,355.2927094459534,202.2895079612732,0
1596482692.8600886,357.09094820022585,202.2895079612732,0
1596482692.8700855,358.890388584137,202.2895079612732,0
1596482692.8762536,360,202.2895079612732,1
1596482692.8762536,0,202.2895079612732,0
1596482692.88009,0.691202259063715,202.2895079612732,0
1596482692.89008,2.4893980979919377,202.2895079612732,0
1596482692.9000952,4.292142963409418,202.2895079612732,0
1596482692.9100976,6.092570400238031,202.2895079612732,0
1596482692.9200845,7.890208339691156,202.2895079612732,0
1596482692.9300847,9.690249538421625,202.2895079612732,0
1596482692.9400969,11.492436504364008,202.2895079612732,0
1596482692.9500794,13.289301967620844,202.2895079612732,0
1596482692.960078,15.089042758941645,202.2895079612732,0
1596482692.9700816,16.88968477249145,202.2895079612732,0
1596482692.9800954,18.6921721458435,202.2895079612732,0
1596482692.99008,20.48942384719848,202.2895079612732,0
1596482693.0000896,22.291138744354242,202.2895079612732,0
1596482693.0100837,24.090064144134516,202.2895079612732,0
1596482693.0200908,25.891349887847895,202.2895079612732,0
1596482693.0300977,27.692592716217035,202.2895079612732,0
1596482693.0400832,29.48997316360473,202.2895079612732,0
1596482693.0500898,31.291173076629633,202.2895079612732,0
1596482693.0600922,33.091600513458246,202.2895079612732,0
1596482693.0647786,33.9351445198059,202.2895079612732,0
1596482693.0647786,-97.81945664405828,70.53490679740901,0
1596482693.070096,-96.86231572151189,70.53490679740901,0
1596482693.080086,-95.06411988258367,70.53490679740901,0
1596482693.0861537,-93.97192437171941,70.53490679740901,0
1596482693.0861537,-136.19157731151586,28.31525385761256,0
1596482693.0900893,-135.48317372417455,28.31525385761256,0
1596482693.1000884,-133.68334710216527,28.31525385761256,0
1596482693.1100876,-131.88347756481176,28.31525385761256,0
1596482693.1200914,-130.0827926359177,28.31525385761256,0
1596482693.1300943,-128.28227936840062,28.31525385761256,0
1596482693.1400917,-126.48275315380101,28.31525385761256,0
1596482693.1500828,-124.6843427381516,28.31525385761256,0
1596482693.1600971,-122.88176953411107,28.31525385761256,0
1596482693.1700912,-121.0828441343308,28.31525385761256,0
1596482693.180089,-119.28323208904271,28.31525385761256,0
1596482693.190083,-117.48430668926244,28.31525385761256,0
1596482693.2000887,-115.68327843761449,28.31525385761256,0
1596482693.2100887,-113.88328015422826,28.31525385761256,0
1596482693.2200866,-112.08366810894017,28.31525385761256,0
1596482693.2300858,-110.28379857158666,28.31525385761256,0
1596482693.2400815,-108.48457276439672,28.31525385761256,0
1596482693.2500894,-106.68315827465062,28.31525385761256,0
1596482693.2600963,-104.88191544628148,28.31525385761256,0
1596482693.2700977,-103.08165967082982,28.31525385761256,0
1596482693.2800941,-101.28230511760717,28.31525385761256,0
1596482693.2900946,-99.48222100353246,28.31525385761256,0
1596482693.300091,-97.6828664503098,28.31525385761256,0
1596482693.3100927,-95.8825677595139,28.31525385761256,0
1596482693.3200824,-94.08441483592992,28.31525385761256,0
1596482693.330085,-92.28394448375707,28.31525385761256,0
1596482693.3400776,-90.48527657604222,28.31525385761256,0
1596482693.3500845,-88.68403374767308,28.31525385761256,0
1596482693.3600879,-86.88343464946752,28.31525385761256,0
1596482693.3700914,-85.08279263591771,28.31525385761256,0
1596482693.380084,-83.28412472820287,28.31525385761256,0
1596482693.3900945,-81.48223816967015,28.31525385761256,0
1596482693.4000807,-79.68472897624974,28.31525385761256,0
1596482693.4100895,-77.8831428251267,28.31525385761256,0
1596482693.4200797,-76.08490407085424,28.31525385761256,0
1596482693.4300935,-74.28241669750219,28.31525385761256,0
1596482693.4400935,-72.48241841411595,28.31525385761256,0
1596482693.4500778,-70.68525254344945,28.31525385761256,0
1596482693.4600832,-68.88426720714574,28.31525385761256,0
1596482693.4700868,-67.08362519359594,28.31525385761256,0
1596482693.4800787,-65.2850860319138,28.31525385761256,0
1596482693.4900863,-63.48371445751195,28.31525385761256,0
1596482693.5000963,-61.68191372966771,28.31525385761256,0
1596482693.510079,-59.88504826641088,28.31525385761256,0
1596482693.5200863,-58.08371960735326,28.31525385761256,0
1596482693.5300903,-56.28299176311498,28.31525385761256,0
1596482693.5400836,-54.48419510936742,28.31525385761256,0
1596482693.5500875,-52.68351018047338,28.31525385761256,0
1596482693.5600846,-50.884026881218006,28.31525385761256,0
1596482693.5700881,-49.0833848676682,28.31525385761256,0
1596482693.580088,-47.28342949962621,28.31525385761256,0
1596482693.5900931,-45.482487078666736,28.31525385761256,0
1596482693.6000855,-43.68386208629613,28.31525385761256,0
1596482693.6100929,-41.88253342723851,28.31525385761256,0
1596482693.6200838,-40.08416592693334,28.31525385761256,0
1596482693.6300957,-38.28202187633519,28.31525385761256,0
1596482693.6400826,-36.48438393688207,28.31525385761256,0
1596482693.6500962,-34.681939478874256,28.31525385761256,0
1596482693.6600852,-32.883915301322986,28.31525385761256,0
1596482693.6700819,-31.08451783275609,28.31525385761256,0
1596482693.6800878,-29.283446665763904,28.31525385761256,0
1596482693.6900814,-27.484607096672107,28.31525385761256,0
1596482693.7000923,-25.682634707450916,28.31525385761256,0
1596482693.710088,-23.883408900260974,28.31525385761256,0
1596482693.7200885,-22.083324786186267,28.31525385761256,0
1596482693.730077,-20.285386439323474,28.31525385761256,0
1596482693.7400963,-18.481912013053943,28.31525385761256,0
1596482693.7500935,-16.682428713798572,28.31525385761256,0
1596482693.760084,-14.884147044181873,28.31525385761256,0
1596482693.7700844,-13.084062930107166,28.31525385761256,0
1596482693.7800822,-11.28445088481908,28.31525385761256,0
1596482693.7900803,-9.484795924186756,28.31525385761256,0
1596482693.8000894,-7.6831668577194705,28.31525385761256,0
1596482693.8100786,-5.885099764823963,28.31525385761256,0
1596482693.820094,-4.082311984062244,28.31525385761256,0
1596482693.830095,-2.2821420392990603,28.31525385761256,0
1596482693.8400826,-0.4843753538132205,28.31525385761256,0
1596482693.850096,1.3180261888503537,28.31525385761256,0
1596482693.8600843,3.1159216203689084,28.31525385761256,0
1596482693.8700826,4.915619496345471,28.31525385761256,0
1596482693.8800807,6.715274456977795,28.31525385761256,0
1596482693.8900864,8.516302708625744,28.31525385761256,0
1596482693.900095,10.317845944404553,28.31525385761256,0
1596482693.9100897,12.116900090217541,28.31525385761256,0
1596482693.9200778,13.914752606391858,28.31525385761256,0
1596482693.9300869,15.716381672859143,28.31525385761256,0
1596482693.9400973,17.518268231391858,28.31525385761256,0
1596482693.950079,19.31496203327174,28.31525385761256,0
1596482693.960078,21.114788655281018,28.31525385761256,0
1596482693.9700918,22.91727602863307,28.31525385761256,0
1596482693.9800808,24.715300206184338,28.31525385761256,0
1596482693.9900858,26.516199711799572,28.31525385761256,0
1596482694.000094,28.317657116889905,28.31525385761256,0
1596482694.010081,30.115337971687268,28.31525385761256,0
1596482694.0200958,31.91799700641627,28.31525385761256,0
1596482694.0300906,33.71705115222926,28.31525385761256,0
1596482694.040079,35.51498949909205,28.31525385761256,0
1596482694.050096,37.3180347719192,28.31525385761256,0
1596482694.0600767,39.11455691242213,28.31525385761256,0
1596482694.070088,40.91657221698756,28.31525385761256,0
1596482694.0800848,42.716012600898694,28.31525385761256,0
1596482694.09008,44.51515257740016,28.31525385761256,0
1596482694.1000948,46.31781161212916,28.31525385761256,0
1596482694.11008,48.11514914417262,28.31525385761256,0
1596482694.120082,49.915490750312756,28.31525385761256,0
1596482694.1300795,51.715059880256604,28.31525385761256,0
1596482694.1400917,53.51724684619899,28.31525385761256,0
1596482694.1500835,55.315786007881115,28.31525385761256,0
1596482694.1600866,57.116342190742444,28.31525385761256,0
1596482694.170085,58.916040066719006,28.31525385761256,0
1596482694.180084,60.71586668872828,28.31525385761256,0
1596482694.1900768,62.514577511787365,28.31525385761256,0
1596482694.2000844,64.31594908618922,28.31525385761256,0
1596482694.2100868,66.11637652301783,28.31525385761256,0
1596482694.220081,67.91534483814235,28.31525385761256,0
1596482694.230092,69.71731722736354,28.31525385761256,0
1596482694.2400808,71.51529848957057,28.31525385761256,0
1596482694.2500885,73.31667006397242,28.31525385761256,0
1596482694.2600794,75.1150375642776,28.31525385761256,0
1596482694.2700794,76.91503584766383,28.31525385761256,0
1596482694.2800963,78.71808112049098,28.31525385761256,0
1596482694.2900953,80.51790774250026,28.31525385761256,0
1596482694.3000956,82.31794894123072,28.31525385761256,0
1596482694.3100908,84.11708891773219,28.31525385761256,0
1596482694.3200939,85.91764510059352,28.31525385761256,0
1596482694.3300793,87.71502554798121,28.31525385761256,0
1596482694.3400905,89.51704085254664,28.31525385761256,0
1596482694.3500934,91.31755412006373,28.31525385761256,0
1596482694.3600876,93.11652243518824,28.31525385761256,0
1596482694.3700836,94.91579115772242,28.31525385761256,0
1596482694.380096,96.71802103900905,28.31525385761256,0
1596482694.3900805,98.51522982501979,28.31525385761256,0
1596482694.4000878,100.3165584840774,28.31525385761256,0
1596482694.4100952,102.11788714313502,28.31525385761256,0
1596482694.4200912,103.9171558656692,28.31525385761256,0
1596482694.4300778,105.71475088977809,28.31525385761256,0
1596482694.4400856,107.51616537952418,28.31525385761256,0
1596482694.4500825,109.31560576343531,28.31525385761256,0
1596482694.4600818,111.11547530078883,28.31525385761256,0
1596482694.4700887,112.91671812915797,28.31525385761256,0
1596482694.4800968,114.7181755342483,28.31525385761256,0
1596482694.490077,116.51461184406276,28.31525385761256,0
1596482694.5000892,118.31679881000514,28.31525385761256,0
1596482694.5100784,120.11486590290065,28.31525385761256,0
1596482694.5200806,121.91525042438502,28.31525385761256,0
1596482694.5300944,123.71773779773707,28.31525385761256,0
1596482694.5400825,125.51559031391139,28.31525385761256,0
1596482694.5500917,127.31726229572291,28.31525385761256,0
1596482694.560081,129.11532938861842,28.31525385761256,0
1596482694.570079,130.91498434925074,28.31525385761256,0
1596482694.580079,132.71498263263697,28.31525385761256,0
1596482694.590086,134.51622546100612,28.31525385761256,0
1596482694.600085,136.3160520830154,28.31525385761256,0
1596482694.6100936,138.1175953187942,28.31525385761256,0
1596482694.6200957,139.91797984027858,28.31525385761256,0
1596482694.6300879,141.71656191730494,28.31525385761256,0
1596482694.6400862,143.5162597932815,28.31525385761256,0
1596482694.650084,145.3158718385696,28.31525385761256,0
1596482694.6600869,147.11638510608668,28.31525385761256,0
1596482694.6700766,148.91453802967067,28.31525385761256,0
1596482694.6800852,150.71608126544947,28.31525385761256,0
1596482694.6900938,152.51762450122828,28.31525385761256,0
1596482694.7000937,154.3176227846145,28.31525385761256,0
1596482694.71008,156.11513197803492,28.31525385761256,0
1596482694.720092,157.9173189439773,28.31525385761256,0
1596482694.730089,159.71675932788844,28.31525385761256,0
1596482694.7400885,161.5166717805862,28.31525385761256,0
1596482694.7500858,163.3161979951858,28.31525385761256,0
1596482694.7600808,165.11529505634303,28.31525385761256,0
1596482694.770082,166.91550791645045,28.31525385761256,0
1596482694.7800922,168.71735155963893,28.31525385761256,0
1596482694.7900808,170.51528990650172,28.31525385761256,0
1596482694.8000822,172.31554568195338,28.31525385761256,0
1596482694.8100915,174.1172176637649,28.31525385761256,0
1596482694.8200953,175.91790259265895,28.31525385761256,0
1596482694.8300831,177.71571219348903,28.31525385761256,0
1596482694.840082,179.51549590015406,28.31525385761256,0
1596482694.850088,181.31656706714625,28.31525385761256,0
1596482694.860088,183.11660826587672,28.31525385761256,0
1596482694.870085,184.91604864978785,28.31525385761256,0
1596482694.8800948,186.71780646228785,28.31525385761256,0
1596482694.890078,188.5148006715774,28.31525385761256,0
1596482694.9000857,190.31617224597926,28.31525385761256,0
1596482694.9100916,192.11724341297145,28.31525385761256,0
1596482694.9200835,193.91578257465358,28.31525385761256,0
1596482694.9300818,195.71548045063014,28.31525385761256,0
1596482694.9400885,197.51668036365504,28.31525385761256,0
1596482694.9500866,199.31633532428737,28.31525385761256,0
1596482694.9600866,201.1163336076736,28.31525385761256,0
1596482694.9700897,202.91688979053492,28.31525385761256,0
1596482694.9800947,204.71778929615016,28.31525385761256,0
1596482694.9900894,206.51684344196315,28.31525385761256,0
1596482695.00009,208.31692755603785,28.31525385761256,0
1596482695.0100944,210.1177412309646,28.31525385761256,0
1596482695.0200837,211.91580832386012,28.31525385761256,0
1596482695.030094,213.7176519670486,28.31525385761256,0
1596482695.0400875,215.5164915361404,28.31525385761256,0
1596482695.0500932,217.31751978778834,28.31525385761256,0
1596482695.0600786,219.11490023517604,28.31525385761256,0
1596482695.070088,220.91657221698756,28.31525385761256,0
1596482695.0800822,222.71554053211207,28.31525385761256,0
1596482695.0850115,223.60281527423854,28.31525385761256,0
1596482695.0850115,319.08084458227154,123.79328316564558,0
1596482695.0900824,319.99361103887554,123.79328316564558,0
1596482695.1000874,321.7945105444908,123.79328316564558,0
1596482695.1100786,323.5929209601402,123.79328316564558,0
1596482695.1200888,325.39476460332867,123.79328316564558,0
1596482695.1300874,327.19450539464947,123.79328316564558,0
1596482695.1400807,328.993302048397,123.79328316564558,0
1596482695.1500905,330.795059860897,123.79328316564558,0
1596482695.1600788,332.5929552924156,123.79328316564558,0
1596482695.1700957,334.39600056524273,123.79328316564558,0
1596482695.1800778,336.1927801978111,123.79328316564558,0
1596482695.1900816,337.99346512670513,123.79328316564558,0
1596482695.2000923,339.7953946005821,123.79328316564558,0
1596482695.2100763,341.59251755590435,123.79328316564558,0
1596482695.2200906,343.3950907599449,123.79328316564558,0
1596482695.2300892,345.1948315512657,123.79328316564558,0
1596482695.240083,346.9937140357017,123.79328316564558,0
1596482695.2500892,348.79482811803814,123.79328316564558,0
1596482695.2600758,350.592423142147,123.79328316564558,0
1596482695.270095,352.39589756841656,123.79328316564558,0
1596482695.2701187,352.40014618749615,123.79328316564558,0
1596482695.2701187,357.7200438562488,129.11318083439826,0
1596482695.280091,359.5150639597034,129.11318083439826,0
1596482695.2827868,360,129.11318083439826,1
1596482695.2827868,0,129.11318083439826,0
1596482695.2900891,1.314718920335764,129.11318083439826,0
1596482695.3000896,3.114803034410471,129.11318083439826,0
1596482695.3100924,4.915316301927561,129.11318083439826,0
1596482695.3200936,6.715529162034983,129.11318083439826,0
1596482695.3300781,8.512737948045725,129.11318083439826,0
1596482695.3400776,10.312650400743479,129.11318083439826,0
1596482695.350096,12.115953165636057,129.11318083439826,0
1596482695.3600907,13.915007311449045,129.11318083439826,0
1596482695.3700933,15.715477663621897,129.11318083439826,0
1596482695.380083,17.51363058720588,129.11318083439826,0
1596482695.3900948,19.315731722459788,129.11318083439826,0
1596482695.4000947,21.115730005846018,129.11318083439826,0
1596482695.4100926,22.915342051134104,129.11318083439826,0
1596482695.4200962,24.71598406468391,129.11318083439826,0
1596482695.4300811,26.513278681383127,129.11318083439826,0
1596482695.440088,28.314521509752268,129.11318083439826,0
1596482695.4500813,30.113318163499827,129.11318083439826,0
1596482695.4600928,31.915376383409495,129.11318083439826,0
1596482695.4700809,33.71322889958381,129.11318083439826,0
1596482695.4800766,35.51245470677375,129.11318083439826,0
1596482695.4900856,37.31408377324104,129.11318083439826,0
1596482695.5000834,39.11369581852912,129.11318083439826,0
1596482695.5100927,40.91536780034065,129.11318083439826,0
1596482695.5200834,42.713692385301584,129.11318083439826,0
1596482695.5300777,44.512660700426096,129.11318083439826,0
1596482695.5400906,46.314976412401194,129.11318083439826,0
1596482695.5500753,48.112228113756174,129.11318083439826,0
1596482695.5600777,49.91265555058479,129.11318083439826,0
1596482695.5700886,51.71462793980598,129.11318083439826,0
1596482695.5800831,53.51363917027473,129.11318083439826,0
1596482695.5900836,55.313723284349436,129.11318083439826,0
1596482695.6000776,57.11264868412971,129.11318083439826,0
1596482695.610087,58.91432066594123,129.11318083439826,0
1596482695.6200836,60.71371813450813,129.11318083439826,0
1596482695.63009,62.51487513218879,129.11318083439826,0
1596482695.6400907,64.31500216160774,129.11318083439826,0
1596482695.6500835,66.11371298466682,129.11318083439826,0
1596482695.6600802,67.91311045323371,129.11318083439826,0
1596482695.6700835,69.71370955143928,129.11318083439826,0
1596482695.6800845,71.51387949620246,129.11318083439826,0
1596482695.690081,73.31323404942512,129.11318083439826,0
1596482695.7000842,75.11383314763069,129.11318083439826,0
1596482695.7100852,76.91400309239387,129.11318083439826,0
1596482695.7200818,78.71340056096076,129.11318083439826,0
1596482695.7300904,80.51494379673957,129.11318083439826,0
1596482695.7400837,82.31374045048713,129.11318083439826,0
1596482695.7500887,84.11463995610237,129.11318083439826,0
1596482695.76009,85.91489573155403,129.11318083439826,0
1596482695.7700815,87.71334906254768,129.11318083439826,0
1596482695.780092,89.5152356210804,129.11318083439826,0
1596482695.7900882,91.31454725895881,129.11318083439826,0
1596482695.8000836,93.11373015080451,129.11318083439826,0
1596482695.8100903,94.91493006382942,129.11318083439826,0
1596482695.8200948,96.71574373875617,129.11318083439826,0
1596482695.8300865,98.51423998509406,129.11318083439826,0
1596482695.8400867,100.31428118382453,129.11318083439826,0
1596482695.8500896,102.11479445134162,129.11318083439826,0
1596482695.8600762,103.91238947545051,129.11318083439826,0
1596482695.8700805,105.71316023503303,129.11318083439826,0
1596482695.8800855,107.51405974064826,129.11318083439826,0
1596482695.8900938,109.31556006108283,129.11318083439826,0
1596482695.900089,111.1147000375843,129.11318083439826,0
1596482695.9100757,112.91229506169319,129.11318083439826,0
1596482695.9200876,114.71443911229133,129.11318083439826,0
1596482695.930078,116.51272078190803,129.11318083439826,0
1596482695.940093,118.31542273198127,129.11318083439826,0
1596482695.9500892,120.11473436985969,129.11318083439826,0
1596482695.9600878,121.91447516118049,129.11318083439826,0
1596482695.970078,123.71271391545295,129.11318083439826,0
1596482695.9800906,125.51498671208381,129.11318083439826,0
1596482695.9900851,127.31399794255256,129.11318083439826,0
1596482696.0000753,129.11223669682502,129.11318083439826,0
1596482696.010084,130.91377993260383,129.11318083439826,0
1596482696.0200853,132.7140357080555,129.11318083439826,0
1596482696.03009,134.5148922983265,129.11318083439826,0
1596482696.0400789,136.31287356053352,129.11318083439826,0
1596482696.0500956,138.11587591801643,129.11318083439826,0
1596482696.0539823,138.8154818597889,129.11318083439826,0
1596482696.0539823,293.64464455793666,283.94234353254603,0
1596482696.060091,294.7442215080099,283.94234353254603,0
1596482696.0700855,296.54323273847865,283.94234353254603,0
1596482696.0800853,298.34318810652064,283.94234353254603,0
1596482696.0900755,300.1414268607931,283.94234353254603,0
1596482696.1000948,301.94490128706263,283.94234353254603,0
1596482696.1100826,303.7427108878927,283.94234353254603,0
1596482696.1200898,305.5439966316061,283.94234353254603,0
1596482696.1300845,307.3430507774191,283.94234353254603,0
1596482696.1400766,309.14163285444545,283.94234353254603,0
1596482696.1500905,310.9441202277975,283.94234353254603,0
1596482696.16009,312.74403268049525,283.94234353254603,0
1596482696.1700792,314.54209977339076,283.94234353254603,0
1596482696.1800842,316.342999279006,283.94234353254603,0
1596482696.1900887,318.14381295393275,283.94234353254603,0
1596482696.200087,319.9435108299093,283.94234353254603,0
1596482696.2100923,321.7444532508688,283.94234353254603,0
1596482696.2200763,323.54157620619105,283.94234353254603,0
1596482696.2300797,325.3421753043966,283.94234353254603,0
1596482696.2400954,327.1450060005026,283.94234353254603,0
1596482696.2500772,328.9417427177267,283.94234353254603,0
1596482696.2600873,330.74354344557094,283.94234353254603,0
1596482696.2700756,332.5414388770895,283.94234353254603,0
1596482696.2800827,334.34272462080287,283.94234353254603,0
1596482696.2900858,336.1432808036642,283.94234353254603,0
1596482696.3000875,337.9435794944601,283.94234353254603,0
1596482696.3100803,339.7422903175192,283.94234353254603,0
1596482696.3200834,341.5428465003805,283.94234353254603,0
1596482696.330095,343.3449476356344,283.94234353254603,0
1596482696.3400774,345.141770183547,283.94234353254603,0
1596482696.350078,346.94189721296596,283.94234353254603,0
1596482696.3600945,348.7448566551046,283.94234353254603,0
1596482696.3700888,350.54382497022914,283.94234353254603,0
1596482696.3800793,352.34210663984584,283.94234353254603,0
1596482696.3900948,354.14489442060756,283.94234353254603,0
1596482696.400092,355.9443777198629,283.94234353254603,0
1596482696.410086,357.7433031196432,283.94234353254603,0
1596482696.4200928,359.54454594801234,283.94234353254603,0
1596482696.422626,360,283.94234353254603,1
1596482696.422626,0,283.94234353254603,0
1596482696.4300861,1.3433426017599004,283.94234353254603,0
1596482696.440088,3.143684207900037,283.94234353254603,0
1596482696.450092,4.944412052138318,283.94234353254603,0
1596482696.4600775,6.741792499526014,283.94234353254603,0
1596482696.4700801,8.542262851698865,283.94234353254603,0
1596482696.4800773,10.341746150954236,283.94234353254603,0
1596482696.4891188,11.969224750502576,283.94234353254603,0
1596482696.4891188,-104.40923257484928,167.56388620719417,0
1596482696.4900832,-104.23564000740544,167.56388620719417,0
1596482696.5000846,-102.43538423195378,167.56388620719417,0
1596482696.5100827,-100.63572927132145,167.56388620719417,0
1596482696.5200832,-98.83564515724674,167.56388620719417,0
1596482696.5300817,-97.03590436592594,167.56388620719417,0
1596482696.5400743,-95.2372364582111,167.56388620719417,0
1596482696.5500813,-93.43599362984196,167.56388620719417,0
1596482696.5600815,-91.63595243111149,167.56388620719417,0
1596482696.5700831,-89.83565374031559,167.56388620719417,0
1596482696.580082,-88.03587003365055,167.56388620719417,0
1596482696.5900946,-86.2335972370197,167.56388620719417,0
1596482696.6000748,-84.43716092720524,167.56388620719417,0
1596482696.6100807,-82.63608976021305,167.56388620719417,0
1596482696.6200855,-80.83523316994206,167.56388620719417,0
1596482696.630079,-79.03639360085026,167.56388620719417,0
1596482696.6400943,-77.23364873543278,167.56388620719417,0
1596482696.6500885,-75.43468042030827,167.56388620719417,0
1596482696.6600883,-73.63472505226628,167.56388620719417,0
1596482696.6700904,-71.8343405307819,167.56388620719417,0
1596482696.6800828,-70.0357155384113,167.56388620719417,0
1596482696.6900752,-68.23709054604069,167.56388620719417,0
1596482696.700085,-66.43533273354069,167.56388620719417,0
1596482696.710082,-64.63584943428532,167.56388620719417,0
1596482696.7200816,-62.835936981587565,167.56388620719417,0
1596482696.7300816,-61.035938698201335,167.56388620719417,0
1596482696.7400746,-59.237184959798014,167.56388620719417,0
1596482696.7500849,-57.43534131660954,167.56388620719417,0
1596482696.7600913,-55.634184318928874,167.56388620719417,0
1596482696.7700815,-53.83594556465641,167.56388620719417,0
1596482696.780083,-52.03568978920475,167.56388620719417,0
1596482696.7900865,-50.23504777565495,167.56388620719417,0
1596482696.8000886,-48.43466325417057,167.56388620719417,0
1596482696.810078,-46.636596161275065,167.56388620719417,0
1596482696.8200922,-44.83402295723454,167.56388620719417,0
1596482696.8300886,-43.03466840401188,167.56388620719417,0
1596482696.8400874,-41.23488469734684,167.56388620719417,0
1596482696.8500834,-39.43561597481266,167.56388620719417,0
1596482696.8600826,-37.63574643745915,167.56388620719417,0
1596482696.8700812,-35.83600564613835,167.56388620719417,0
1596482696.880085,-34.0353207172443,167.56388620719417,0
1596482696.8900766,-32.23682447090641,167.56388620719417,0
1596482696.9000866,-30.435023743062175,167.56388620719417,0
1596482696.9100792,-28.63635583534733,167.56388620719417,0
1596482696.920076,-26.836958366780436,167.56388620719417,0
1596482696.9300742,-25.037260490803874,167.56388620719417,0
1596482696.9400947,-23.23357148781315,167.56388620719417,0
1596482696.950089,-21.43460317268864,167.56388620719417,0
1596482696.9600847,-19.635377365498698,167.56388620719417,0
1596482696.9700851,-17.83529325142399,167.56388620719417,0
1596482696.980078,-16.03658242836491,167.56388620719417,0
1596482696.9900942,-14.233665901570475,167.56388620719417,0
1596482697.0000775,-12.436671692280925,167.56388620719417,0
1596482697.0100892,-10.634570557027018,167.56388620719417,0
1596482697.0200794,-8.836331802754557,167.56388620719417,0
1596482697.0300827,-7.035732704548991,167.56388620719417,0
1596482697.0400763,-5.236893135457194,167.56388620719417,0
1596482697.0500886,-3.434663254170573,167.56388620719417,0
1596482697.0600855,-1.6352228702594402,167.56388620719417,0
1596482697.070086,0.1648612438152668,167.56388620719417,0
1596482697.0800858,1.964816611857259,167.56388620719417,0
1596482697.0900874,3.7651153026531574,167.56388620719417,0
1596482697.100076,5.56305364951595,167.56388620719417,0
1596482697.11009,7.3655839382122394,167.56388620719417,0
1596482697.1200762,9.16309313163265,167.56388620719417,0
1596482697.1300871,10.965065520853841,167.56388620719417,0
1596482697.1400871,12.765063804240071,167.56388620719417,0
1596482697.1500938,14.566263717264974,167.56388620719417,0
1596482697.1600773,16.363300841898763,167.56388620719417,0
1596482697.1700816,18.164071601481282,167.56388620719417,0
1596482697.1800911,19.965786498637044,167.56388620719417,0
1596482697.19008,21.763767760844075,167.56388620719417,0
1596482697.2000828,23.564281028361165,167.56388620719417,0
1596482697.2100828,25.364279311747396,167.56388620719417,0
1596482697.2200775,27.163333457560384,167.56388620719417,0
1596482697.230076,28.963074248881185,167.56388620719417,0
1596482697.2400765,30.763158362955892,167.56388620719417,0
1596482697.2500827,32.56427244529232,167.56388620719417,0
1596482697.2600753,34.36294035300716,167.56388620719417,0
1596482697.2700818,36.164097350687825,167.56388620719417,0
1596482697.2800815,37.96405271872982,167.56388620719417,0
1596482697.2900891,39.76542429313167,167.56388620719417,0
1596482697.300091,41.56576589927181,167.56388620719417,0
1596482697.3100905,43.365678351969564,167.56388620719417,0
1596482697.3200827,45.16426042899593,167.56388620719417,0
1596482697.330076,46.96305708274349,167.56388620719417,0
1596482697.3400826,48.76425699576839,167.56388620719417,0
1596482697.350094,50.56631521567806,167.56388620719417,0
1596482697.3600922,52.365970176310384,167.56388620719417,0
1596482697.3700821,54.16416601523861,167.56388620719417,0
1596482697.3800774,55.96330599174007,167.56388620719417,0
1596482697.3900766,57.76317552909359,167.56388620719417,0
1596482697.4000816,59.56407503470882,167.56388620719417,0
1596482697.4100847,61.36463121757015,167.56388620719417,0
1596482697.42009,63.16557363852962,167.56388620719417,0
1596482697.4300797,64.9637265621136,167.56388620719417,0
1596482697.4400935,66.76621393546566,167.56388620719417,0
1596482697.450086,68.5648818431805,167.56388620719417,0
1596482697.4600737,70.36264852866634,167.56388620719417,0
1596482697.4700885,72.16530756339534,167.56388620719417,0
1596482697.480074,73.96268801078304,167.56388620719417,0
1596482697.4900825,75.76423124656185,167.56388620719417,0
1596482697.5000935,77.56620363578304,167.56388620719417,0
1596482697.5100787,79.3635411678265,167.56388620719417,0
1596482697.5200818,81.16409735068783,167.56388620719417,0
1596482697.5300941,82.96632723197445,167.56388620719417,0
1596482697.5400753,84.76293520316585,167.56388620719417,0
1596482697.5500886,86.56533674582943,167.56388620719417,0
1596482697.5600843,88.36456255301937,167.56388620719417,0
1596482697.5700822,90.16417459830745,167.56388620719417,0
1596482697.5800743,91.96275667533382,167.56388620719417,0
1596482697.590081,93.76395658835872,167.56388620719417,0
1596482697.6000743,95.56275324210628,167.56388620719417,0
1596482697.610086,97.36485437736019,167.56388620719417,0
1596482697.6200745,99.16279272422298,167.56388620719417,0
1596482697.6300743,100.96274809226497,167.56388620719417,0
1596482697.6400833,102.76437715873226,167.56388620719417,0
1596482697.6500807,104.56390337333187,167.56388620719417,0
1596482697.6600869,106.3650174556683,167.56388620719417,0
1596482697.670087,108.16505865439876,167.56388620719417,0
1596482697.680081,109.9639411388348,167.56388620719417,0
1596482697.6900826,111.7642398296307,167.56388620719417,0
1596482697.7000797,113.56372312888607,167.56388620719417,0
1596482697.7100933,115.36616758689388,167.56388620719417,0
1596482697.7200918,117.16590837821468,167.56388620719417,0
1596482697.730086,118.96487669333919,167.56388620719417,0
1596482697.7400892,120.76543287620052,167.56388620719417,0
1596482697.7500925,122.56603197440609,167.56388620719417,0
1596482697.7600753,124.36294035300716,167.56388620719417,0
1596482697.7700748,126.16285280570492,167.56388620719417,0
1596482697.7800894,127.96546892508968,167.56388620719417,0
1596482697.7900834,129.76439432486995,167.56388620719417,0
1596482697.80009,131.56559423789486,167.56388620719417,0
1596482697.8100917,133.36589292869076,167.56388620719417,0
1596482697.8200881,135.1652474819134,167.56388620719417,0
1596482697.8300781,136.96344332084163,167.56388620719417,0
1596482697.8400881,138.76524404868587,167.56388620719417,0
1596482697.8500874,140.5651135860394,167.56388620719417,0
1596482697.8600872,142.36506895408138,167.56388620719417,0
1596482697.8700864,144.1649384914349,167.56388620719417,0
1596482697.8800895,145.96549467429622,167.56388620719417,0
1596482697.8900905,147.7656646190594,167.56388620719417,0
1596482697.90008,149.56377462729915,167.56388620719417,0
1596482697.9100852,151.36471704825863,167.56388620719417,0
1596482697.92008,153.16377119407161,167.56388620719417,0
1596482697.9300787,154.96355490073665,167.56388620719417,0
1596482697.940078,156.76342443809017,167.56388620719417,0
1596482697.9500809,158.56393770560726,167.56388620719417,0
1596482697.960086,160.36488012656673,167.56388620719417,0
1596482697.9700923,162.16599420890316,167.56388620719417,0
1596482697.9800928,163.96607832297786,167.56388620719417,0
1596482697.9900784,165.7635016857098,167.56388620719417,0
1596482698.0000813,167.5640149532269,167.56388620719417,0
1596482698.010077,169.36324076041683,167.56388620719417,0
1596482698.020082,171.16414026603206,167.56388620719417,0
1596482698.0300915,172.96585516318783,167.56388620719417,0
1596482698.0400865,174.76495222434505,167.56388620719417,0
1596482698.050087,176.56503633841976,167.56388620719417,0
1596482698.06009,178.3655925212811,167.56388620719417,0
1596482698.0700905,180.1656766353558,167.56388620719417,0
1596482698.0800803,181.96382955893978,167.56388620719417,0
1596482698.0900931,183.76614527091488,167.56388620719417,0
1596482698.1000788,185.5635686336468,167.56388620719417,0
1596482698.1100762,187.36309484824642,167.56388620719417,0
1596482698.1200836,189.16442350730404,167.56388620719417,0
1596482698.130076,190.96304849967464,167.56388620719417,0
1596482698.1400802,192.76381925925716,167.56388620719417,0
1596482698.1500905,194.56566290244564,167.56388620719417,0
1596482698.1600757,196.3630004344891,167.56388620719417,0
1596482698.1700752,198.16291288718685,167.56388620719417,0
1596482698.1800785,199.96351198539242,167.56388620719417,0
1596482698.1900861,201.76488355979427,167.56388620719417,0
1596482698.200076,203.5630793987225,167.56388620719417,0
1596482698.2100885,205.36530928000911,167.56388620719417,0
1596482698.2200787,207.16354803428158,167.56388620719417,0
1596482698.2300828,208.96427587851986,167.56388620719417,0
1596482698.2400882,210.76526121482357,167.56388620719417,0
1596482698.250081,212.56397203788265,167.56388620719417,0
1596482698.2600822,214.36418489799007,167.56388620719417,0
1596482698.2700808,216.16392568931087,167.56388620719417,0
1596482698.2800803,217.96383814200863,167.56388620719417,0
1596482698.290078,219.76340727195247,167.56388620719417,0
1596482698.300079,221.5636201320599,167.56388620719417,0
1596482698.31008,223.36379007682308,167.56388620719417,0
1596482698.3200786,225.16353086814388,167.56388620719417,0
1596482698.330073,226.96254209861263,167.56388620719417,0
1596482698.3400764,228.7631411968182,167.56388620719417,0
1596482698.3500736,230.56262449607357,167.56388620719417,0
1596482698.3600752,232.36292318686947,167.56388620719417,0
1596482698.3700726,234.16244940146908,167.56388620719417,0
1596482698.380076,235.96304849967464,167.56388620719417,0
1596482698.3900774,237.7633042751263,167.56388620719417,0
1596482698.40008,239.56377462729915,167.56388620719417,0
1596482698.4100807,241.3639016567181,167.56388620719417,0
1596482698.4200895,243.16548780784115,167.56388620719417,0
1596482698.430086,244.9648423610638,167.56388620719417,0
1596482698.440087,246.76505522117122,167.56388620719417,0
1596482698.4500778,248.56337980613216,167.56388620719417,0
1596482698.4600916,250.3658671794842,167.56388620719417,0
1596482698.470081,252.16397718772396,167.56388620719417,0
1596482698.4800901,253.96560625419124,167.56388620719417,0
1596482698.4892209,255.6091351924847,167.56388620719417,0
1596482698.4892209,328.68274055774543,240.63749157245488,0
1596482698.4900897,328.83912407214973,240.63749157245488,0
1596482698.5000806,330.6374915724549,240.63749157245488,0
1596482698.510081,332.4375756865296,240.63749157245488,0
1596482698.5200808,334.2375310545716,240.63749157245488,0
1596482698.5300791,336.03722893054817,240.63749157245488,0
1596482698.5400891,337.8390296583924,240.63749157245488,0
1596482698.5500872,339.63868461902473,240.63749157245488,0
1596482698.5600746,341.43640838916633,240.63749157245488,0
1596482698.5700762,343.23670707996223,240.63749157245488,0
1596482698.5800858,345.038421977118,240.63749157245488,0
1596482698.5900764,346.83674656207893,240.63749157245488,0
1596482698.6000729,348.6361011153016,240.63749157245488,0
1596482698.6100774,350.43691479022834,240.63749157245488,0
1596482698.6200724,352.23601185138557,240.63749157245488,0
1596482698.6300802,354.03742634113166,240.63749157245488,0
1596482698.6400883,355.838883746222,240.63749157245488,0
1596482698.6500838,357.6380666380677,240.63749157245488,0
1596482698.660073,359.4361337309632,240.63749157245488,0
1596482698.6632237,360,240.63749157245488,1
1596482698.6632237,0,240.63749157245488,0
1596482698.670085,1.2382777815613224,240.63749157245488,0
1596482698.6800919,3.039520609930463,240.63749157245488,0
1596482698.6880958,4.480231631353803,240.63749157245488,0
1596482698.6880958,-106.65593051059386,129.5013294305072,0
1596482698.690082,-106.29840277774474,129.5013294305072,0
1596482698.7000868,-104.49754618747374,129.5013294305072,0
1596482698.710082,-102.69840621097228,129.5013294305072,0
1596482698.7200816,-100.89849375827453,129.5013294305072,0
1596482698.7300897,-99.0970363531842,129.5013294305072,0
1596482698.740083,-97.29823969943664,129.5013294305072,0
1596482698.750086,-95.49768351657531,129.5013294305072,0
1596482698.7600775,-93.69923018558165,129.5013294305072,0
1596482698.7700853,-91.89781569583556,129.5013294305072,0
1596482698.7800856,-90.09777449710509,129.5013294305072,0
1596482698.790079,-88.2989349280133,129.5013294305072,0
1596482698.8000917,-86.49666213138244,129.5013294305072,0
1596482698.8100932,-84.69640635593078,129.5013294305072,0
1596482698.8200848,-82.89791010959289,129.5013294305072,0
1596482698.8300908,-81.0968389426007,129.5013294305072,0
1596482698.8400762,-79.299458495213,129.5013294305072,0
1596482698.850078,-77.49911688907287,129.5013294305072,0
1596482698.8600724,-75.70014857394835,129.5013294305072,0
1596482698.8700893,-73.8971033011212,129.5013294305072,0
1596482698.8800845,-72.09796332461974,129.5013294305072,0
1596482698.8900766,-70.29938124759337,129.5013294305072,0
1596482698.9000766,-68.49938296420714,129.5013294305072,0
1596482698.910089,-66.69715308292052,129.5013294305072,0
1596482698.9200845,-64.89797019107482,129.5013294305072,0
1596482698.9300895,-63.097070685459585,129.5013294305072,0
1596482698.940083,-61.29823111636779,129.5013294305072,0
1596482698.9500864,-59.49763201816222,129.5013294305072,0
1596482698.9600797,-57.69883536441466,129.5013294305072,0
1596482698.9700801,-55.898751250339956,129.5013294305072,0
1596482698.9800873,-54.09746550662658,129.5013294305072,0
1596482698.990074,-52.29987048251769,129.5013294305072,0
1596482699.0000734,-50.499958029819936,129.5013294305072,0
1596482699.0100765,-48.69940184695861,129.5013294305072,0
1596482699.020083,-46.898244849277944,129.5013294305072,0
1596482699.0300887,-45.097216597629995,129.5013294305072,0
1596482699.0400884,-43.297261229588,129.5013294305072,0
1596482699.0500906,-41.49687670810363,129.5013294305072,0
1596482699.0600736,-39.699925414158315,129.5013294305072,0
1596482699.0700817,-37.89846800906798,129.5013294305072,0
1596482699.0800903,-36.096924773289174,129.5013294305072,0
1596482699.0900865,-34.29761313541076,129.5013294305072,0
1596482699.1000874,-32.49744319064757,129.5013294305072,0
1596482699.110079,-30.698946944309682,129.5013294305072,0
1596482699.1200917,-28.896674147678823,129.5013294305072,0
1596482699.1300766,-27.099379530979604,129.5013294305072,0
1596482699.1400886,-25.29723548038146,129.5013294305072,0
1596482699.1500795,-23.498867980076284,129.5013294305072,0
1596482699.1600766,-21.699384680820913,129.5013294305072,0
1596482699.1700788,-19.899000159336538,129.5013294305072,0
1596482699.1800823,-18.098358145786733,129.5013294305072,0
1596482699.1900883,-16.297286978794546,129.5013294305072,0
1596482699.2000895,-14.497074118687124,129.5013294305072,0
1596482699.2100904,-12.69690417392394,129.5013294305072,0
1596482699.2200866,-10.897592536045522,129.5013294305072,0
1596482699.2300875,-9.097422591282339,129.5013294305072,0
1596482699.2400777,-7.299183837009878,129.5013294305072,0
1596482699.250076,-5.499485961033315,129.5013294305072,0
1596482699.2600842,-3.698028555942983,129.5013294305072,0
1596482699.270072,-1.900218955112905,129.5013294305072,0
1596482699.2800848,-0.0979032431378073,129.5013294305072,0
1596482699.2900834,1.7018375481829935,129.5013294305072,0
1596482699.3000789,3.5010204400286966,129.5013294305072,0
1596482699.3100724,5.2998600091204935,129.5013294305072,0
1596482699.3200843,7.102004059718638,129.5013294305072,0
1596482699.3300846,8.902045258449107,129.5013294305072,0
1596482699.3400831,10.701786049769908,129.5013294305072,0
1596482699.3500848,12.502084740565806,129.5013294305072,0
1596482699.360085,14.302125939296275,129.5013294305072,0
1596482699.37009,16.10302544491151,129.5013294305072,0
1596482699.380079,17.90104962246278,129.5013294305072,0
1596482699.3900843,19.70199204342225,129.5013294305072,0
1596482699.4000769,21.500659951137095,129.5013294305072,0
1596482699.410091,23.303190239833384,129.5013294305072,0
1596482699.4200811,25.101428994105845,129.5013294305072,0
1596482699.4300904,26.90310097591737,129.5013294305072,0
1596482699.4400733,28.700009354518443,129.5013294305072,0
1596482699.4500787,30.500994690822154,129.5013294305072,0
1596482699.4600854,32.302194603847056,129.5013294305072,0
1596482699.4700918,34.10335160152772,129.5013294305072,0
1596482699.4800737,35.90008831875184,129.5013294305072,0
1596482699.4900887,37.70279026882508,129.5013294305072,0
1596482699.5000896,39.50296021358827,129.5013294305072,0
1596482699.5100744,41.30021191494325,129.5013294305072,0
1596482699.520083,43.101755150722056,129.5013294305072,0
1596482699.5300782,44.90089512722352,129.5013294305072,0
1596482699.54009,46.703039177821665,129.5013294305072,0
1596482699.5500913,48.50325203792909,129.5013294305072,0
1596482699.5600805,50.301319130824595,129.5013294305072,0
1596482699.570084,52.1019611443744,129.5013294305072,0
1596482699.5800912,53.90324688808778,129.5013294305072,0
1596482699.5900764,55.700584420131236,129.5013294305072,0
1596482699.6000884,57.50272847072938,129.5013294305072,0
1596482699.6100895,59.3029413308368,129.5013294305072,0
1596482699.6200747,61.10027886288026,129.5013294305072,0
1596482699.6300771,62.90070629970887,129.5013294305072,0
1596482699.640092,64.70336533443788,129.5013294305072,0
1596482699.6500733,66.50001622097352,129.5013294305072,0
1596482699.6600914,68.30327607052186,129.5013294305072,0
1596482699.6700923,70.10344601528504,129.5013294305072,0
1596482699.6800892,71.90288639919618,129.5013294305072,0
1596482699.6900792,73.7010822381244,129.5013294305072,0
1596482699.700088,75.50266838924745,129.5013294305072,0
1596482699.7100818,77.30155087368348,129.5013294305072,0
1596482699.7200818,79.10154915706971,129.5013294305072,0
1596482699.7300844,80.90201950924256,129.5013294305072,0
1596482699.7400773,82.70073033230165,129.5013294305072,0
1596482699.7500734,84.50004197018006,129.5013294305072,0
1596482699.7600906,86.30313015835145,129.5013294305072,0
1596482699.7700853,88.10218430416444,129.5013294305072,0
1596482699.7800782,89.90089512722352,129.5013294305072,0
1596482699.7900848,91.70209504024842,129.5013294305072,0
1596482699.8000712,93.49964714901307,129.5013294305072,0
1596482699.810074,95.30016041653016,129.5013294305072,0
1596482699.8200781,97.10088826076844,129.5013294305072,0
1596482699.8300803,98.90127278225282,129.5013294305072,0
1596482699.8400748,100.70028401272157,129.5013294305072,0
1596482699.8500762,102.50053978817323,129.5013294305072,0
1596482699.8600795,104.3011388863788,129.5013294305072,0
1596482699.8700793,106.10109425442079,129.5013294305072,0
1596482699.8800857,107.90225125210145,129.5013294305072,0
1596482699.8900757,109.70044709102967,129.5013294305072,0
1596482699.9000897,111.50297737972596,129.5013294305072,0
1596482699.9100814,113.30147362606385,129.5013294305072,0
1596482699.9200904,115.10310269253114,129.5013294305072,0
1596482699.9300816,116.90151310818055,129.5013294305072,0
1596482699.9400914,118.70327092068055,129.5013294305072,0
1596482699.9500747,120.5002651299701,129.5013294305072,0
1596482699.9600785,122.30095005886415,129.5013294305072,0
1596482699.9700754,124.10039044277528,129.5013294305072,0
1596482699.980078,125.90086079494813,129.5013294305072,0
1596482699.9900892,127.70287609951356,129.5013294305072,0
1596482700.000091,129.5032177056537,129.5013294305072,0
1596482700.0100899,131.30300141231874,129.5013294305072,0
1596482700.0200863,133.1023559655414,129.5013294305072,0
1596482700.030091,134.9032125558124,129.5013294305072,0
1596482700.040077,136.70067883388856,129.5013294305072,0
1596482700.050076,138.50050545589784,129.5013294305072,0
1596482700.0600867,140.3024349297748,129.5013294305072,0
1596482700.070086,142.1023044671283,129.5013294305072,0
1596482700.0800722,143.89981366054872,129.5013294305072,0
1596482700.0900917,145.70333100216249,129.5013294305072,0
1596482700.1000795,147.50114060299256,129.5013294305072,0
1596482700.110075,149.30032349483827,129.5013294305072,0
1596482700.120075,151.1003217782245,129.5013294305072,0
1596482700.1300795,152.90113545315126,129.5013294305072,0
1596482700.1400847,154.70207787411073,129.5013294305072,0
1596482700.1500735,156.50005913631776,129.5013294305072,0
1596482700.1600878,158.3026323403583,129.5013294305072,0
1596482700.1700783,160.10091400997499,129.5013294305072,0
1596482700.1800914,161.90327263729432,129.5013294305072,0
1596482700.1900792,163.7010822381244,129.5013294305072,0
1596482700.2000732,165.50000763790467,129.5013294305072,0
1596482700.2100809,167.30137921230653,129.5013294305072,0
1596482700.2200856,169.10223580257752,129.5013294305072,0
1596482700.230091,170.90322113888124,129.5013294305072,0
1596482700.2400877,172.70261860744813,129.5013294305072,0
1596482700.2500718,174.4997415627704,129.5013294305072,0
1596482700.2600892,176.30287266628602,129.5013294305072,0
1596482700.270091,178.10321427242616,129.5013294305072,0
1596482700.2800713,179.8996505822406,129.5013294305072,0
1596482700.2900834,181.701837548183,129.5013294305072,0
1596482700.3000815,183.50149250881532,129.5013294305072,0
1596482700.3100848,185.30209160702088,129.5013294305072,0
1596482700.3200867,187.10243321316102,129.5013294305072,0
1596482700.3300908,188.9031610573993,129.5013294305072,0
1596482700.3400857,190.70225811855653,129.5013294305072,0
1596482700.3500836,192.50187016384461,129.5013294305072,0
1596482700.3600736,194.30006600277284,129.5013294305072,0
1596482700.3700788,196.1010084237323,129.5013294305072,0
1596482700.380074,197.90014840023377,129.5013294305072,0
1596482700.39008,199.70121956722596,129.5013294305072,0
1596482700.4000912,201.5032348717914,129.5013294305072,0
1596482700.4100826,203.30168820278504,129.5013294305072,0
1596482700.420076,205.1004848565326,129.5013294305072,0
1596482700.4300854,206.90219975368836,129.5013294305072,0
1596482700.440077,208.70069600002626,129.5013294305072,0
1596482700.4500883,210.50271130459168,129.5013294305072,0
1596482700.4600792,212.30107880489686,129.5013294305072,0
1596482700.4700844,214.10202122585633,129.5013294305072,0
1596482700.4800901,215.90304947750428,129.5013294305072,0
1596482700.4900732,217.7000007714496,129.5013294305072,0
1596482700.5000772,219.50072861568788,129.5013294305072,0
1596482700.5100756,221.30042649166444,129.5013294305072,0
1596482700.5200794,223.10111142055848,129.5013294305072,0
1596482700.5300872,224.90252591030458,129.5013294305072,0
1596482700.5400865,226.7023954476581,129.5013294305072,0
1596482700.5500739,228.5001192177997,129.5013294305072,0
1596482700.5600822,230.30161953823426,129.5013294305072,0
1596482700.5700796,232.10114575283387,129.5013294305072,0
1596482700.580079,233.90105820553163,129.5013294305072,0
1596482700.5900912,235.703245171474,129.5013294305072,0
1596482700.6000886,237.50277138607362,129.5013294305072,0
1596482700.6100886,239.30276966945985,129.5013294305072,0
1596482700.6200895,241.10293961422303,129.5013294305072,0
1596482700.630074,242.90014840023377,129.5013294305072,0
1596482700.6400704,244.69950295345643,129.5013294305072,0
1596482700.6500735,246.50005913631776,129.5013294305072,0
1596482700.6600869,248.30246067898133,129.5013294305072,0
1596482700.6700792,250.10108567135194,129.5013294305072,0
1596482700.6800728,251.89992524044374,129.5013294305072,0
1596482700.689439,253.58585453884461,129.5013294305072,0
1596482700.689439,328.07575636165336,203.99123125331596,0
1596482700.6900837,328.1917994524737,203.99123125331596,0
1596482700.7000902,329.99295645015434,203.99123125331596,0
1596482700.710082,331.79149561183647,203.99123125331596,0
1596482700.7200723,333.5897343661089,203.99123125331596,0
1596482700.7300715,335.38960390346244,203.99123125331596,0
1596482700.7400813,337.19136171596244,203.99123125331596,0
1596482700.750071,338.9895146395464,203.99123125331596,0
1596482700.7600756,340.7903283144732,203.99123125331596,0
1596482700.7700875,342.59247236507133,203.99123125331596,0
1596482700.7800746,344.3901532198687,203.99123125331596,0
1596482700.7900846,346.19195394771293,203.99123125331596,0
1596482700.8000765,347.99049310939506,203.99123125331596,0
1596482700.81009,349.7929375674029,203.99123125331596,0
1596482700.820073,351.58984594600395,203.99123125331596,0
1596482700.830083,353.3916466738482,203.99123125331596,0
1596482700.840084,355.1918595339556,203.99123125331596,0
1596482700.8500867,356.99232988612846,203.99123125331596,0
1596482700.8600738,358.7900107409258,203.99123125331596,0
1596482700.8667984,360,203.99123125331596,1
1596482700.8667984,0,203.99123125331596,0
1596482700.8700879,0.5925410296221116,203.99123125331596,0
1596482700.8800752,2.390264799763713,203.99123125331596,0
1596482700.89009,4.192923834492717,203.99123125331596,0
1596482700.8933196,4.774255087544475,203.99123125331596,0
1596482700.8933196,-106.56772347373669,92.64925269203479,0
1596482700.900072,-105.35227509422009,92.64925269203479,0
1596482700.9100873,-103.54953022880261,92.64925269203479,0
1596482700.9200876,-101.74948903007214,92.64925269203479,0
1596482700.9300852,-99.9499199001283,92.64925269203479,0
1596482700.940084,-98.15013619346325,92.64925269203479,0
1596482700.9500773,-96.3513395397157,92.64925269203479,0
1596482700.9600875,-94.54949589652722,92.64925269203479,0
1596482700.9700766,-92.75147171897595,92.64925269203479,0
1596482700.9800801,-90.95082970542614,92.64925269203479,0
1596482700.9900768,-89.15143223685925,92.64925269203479,0
1596482701.0000713,-87.3524210063905,92.64925269203479,0
1596482701.0100806,-85.55074902457898,92.64925269203479,0
1596482701.0200746,-83.7518236247987,92.64925269203479,0
1596482701.0300853,-81.94989415092175,92.64925269203479,0
1596482701.0400884,-80.14933796806042,92.64925269203479,0
1596482701.0500836,-78.35019799155896,92.64925269203479,0
1596482701.0600727,-76.55217381400769,92.64925269203479,0
1596482701.0700765,-74.75148888511364,92.64925269203479,0
1596482701.0800788,-72.95106144828503,92.64925269203479,0
1596482701.0900831,-71.15029068870251,92.64925269203479,0
1596482701.1000705,-69.35256691856091,92.64925269203479,0
1596482701.1100893,-67.54917832297986,92.64925269203479,0
1596482701.1200852,-65.74990960044568,92.64925269203479,0
1596482701.1300805,-63.95076962394421,92.64925269203479,0
1596482701.1400828,-62.1503421871156,92.64925269203479,0
1596482701.15009,-60.34905644340222,92.64925269203479,0
1596482701.160089,-58.54922982139294,92.64925269203479,0
1596482701.170071,-56.75249310416882,92.64925269203479,0
1596482701.1800823,-54.95043488425915,92.64925269203479,0
1596482701.1900704,-53.152582368084836,92.64925269203479,0
1596482701.2000859,-51.34979458732312,92.64925269203479,0
1596482701.210072,-49.55228539390271,92.64925269203479,0
1596482701.220078,-47.75121422691052,92.64925269203479,0
1596482701.2300818,-45.95052929801648,92.64925269203479,0
1596482701.240079,-44.151045998761106,92.64925269203479,0
1596482701.25008,-42.350833138653684,92.64925269203479,0
1596482701.2600822,-40.55044861716931,92.64925269203479,0
1596482701.2700725,-38.75220986289685,92.64925269203479,0
1596482701.2800786,-36.95109578056042,92.64925269203479,0
1596482701.2900755,-35.15165539664929,92.64925269203479,0
1596482701.300089,-33.349253853985715,92.64925269203479,0
1596482701.3100767,-31.551444253155637,92.64925269203479,0
1596482701.3200839,-29.750158509442258,92.64925269203479,0
1596482701.3300738,-27.951962670514035,92.64925269203479,0
1596482701.3400826,-26.15037651939099,92.64925269203479,0
1596482701.3500843,-24.35007782859509,92.64925269203479,0
1596482701.3600855,-22.549864968487668,92.64925269203479,0
1596482701.3700838,-20.750167092511106,92.64925269203479,0
1596482701.3800843,-18.9500829784364,92.64925269203479,0
1596482701.3900735,-17.15201588554089,92.64925269203479,0
1596482701.4000754,-15.351674279400754,92.64925269203479,0
1596482701.4100726,-13.552190980145383,92.64925269203479,0
1596482701.4200885,-11.749317368695188,92.64925269203479,0
1596482701.430082,-9.95047779960339,92.64925269203479,0
1596482701.4400735,-8.152024468609739,92.64925269203479,0
1596482701.4500728,-6.352154931256223,92.64925269203479,0
1596482701.4600775,-4.551298340985227,92.64925269203479,0
1596482701.4700823,-2.7504417507142307,92.64925269203479,0
1596482701.4800742,-0.9519025890321018,92.64925269203479,0
1596482701.490071,0.847537794879031,92.64925269203479,0
1596482701.5000718,2.6476648242979763,92.64925269203479,0
1596482701.5100896,4.450881758502078,92.64925269203479,0
1596482701.5200722,6.247747221758914,92.64925269203479,0
1596482701.5300868,8.05036334114368,92.64925269203479,0
1596482701.5400817,9.849460402300906,92.64925269203479,0
1596482701.5500793,11.649029532244754,92.64925269203479,0
1596482701.5600836,13.449800291827273,92.64925269203479,0
1596482701.570073,15.247867384722781,92.64925269203479,0
1596482701.5800815,17.04941062050159,92.64925269203479,0
1596482701.590081,18.849323073199344,92.64925269203479,0
1596482701.6000853,20.650093832781863,92.64925269203479,0
1596482701.610082,22.449491301348758,92.64925269203479,0
1596482701.6200807,24.249275008013797,92.64925269203479,0
1596482701.6300755,26.048329153826785,92.64925269203479,0
1596482701.6400707,27.84746913032825,92.64925269203479,0
1596482701.6500888,29.65072897987659,92.64925269203479,0
1596482701.6600895,31.450856009295535,92.64925269203479,0
1596482701.6700745,33.248150625994754,92.64925269203479,0
1596482701.6800876,35.05050925331409,92.64925269203479,0
1596482701.6900814,36.849391737750125,92.64925269203479,0
1596482701.700075,38.64823130684192,92.64925269203479,0
1596482701.7100763,40.44848708229358,92.64925269203479,0
1596482701.720081,42.24934367256458,92.64925269203479,0
1596482701.730072,44.047711172869754,92.64925269203479,0
1596482701.740089,45.8507564456969,92.64925269203479,0
1596482701.7500792,47.64899519996936,92.64925269203479,0
1596482701.7600887,49.450710097125125,92.64925269203479,0
1596482701.7700758,51.24839095192249,92.64925269203479,0
1596482701.7800775,53.04868964271839,92.64925269203479,0
1596482701.7900884,54.85066203193958,92.64925269203479,0
1596482701.8000824,56.64958743171985,92.64925269203479,0
1596482701.8100739,58.448040762713504,92.64925269203479,0
1596482701.8200698,60.24730948524768,92.64925269203479,0
1596482701.8300831,62.04971102791126,92.64925269203479,0
1596482701.8400853,63.85009554939563,92.64925269203479,0
1596482701.850085,65.65005091743762,92.64925269203479,0
1596482701.8600721,67.44773177223499,92.64925269203479,0
1596482701.8700857,69.2501762302428,92.64925269203479,0
1596482701.8800805,71.04923037605579,92.64925269203479,0
1596482701.890087,72.85038737373645,92.64925269203479,0
1596482701.9000773,74.64866904335315,92.64925269203479,0
1596482701.9100726,76.44780901985462,92.64925269203479,0
1596482701.9200706,78.24746398048694,92.64925269203479,0
1596482701.9300754,80.04832057075794,92.64925269203479,0
1596482701.9400811,81.84934882240589,92.64925269203479,0
1596482701.95007,83.64733008461292,92.64925269203479,0
1596482701.9600713,85.44758586006458,92.64925269203479,0
1596482701.9700737,87.24801329689319,92.64925269203479,0
1596482701.9800794,89.04904154854114,92.64925269203479,0
1596482701.9900694,90.84723738746936,92.64925269203479,0
1596482702.0000808,92.64929560737903,92.64925269203479,0
1596482702.0100734,94.44796351509387,92.64925269203479,0
1596482702.0200799,96.24912051277454,92.64925269203479,0
1596482702.0300813,98.0493762882262,92.64925269203479,0
1596482702.0400863,99.85027579384143,92.64925269203479,0
1596482702.050087,101.65040282326038,92.64925269203479,0
1596482702.060082,103.4494998844176,92.64925269203479,0
1596482702.0700886,105.25069979744251,92.64925269203479,0
1596482702.0800786,107.04889563637073,92.64925269203479,0
1596482702.0900888,108.8507392795592,92.64925269203479,0
1596482702.1000776,110.64872054176624,92.64925269203479,0
1596482702.1100895,112.45086459236438,92.64925269203479,0
1596482702.1200786,114.24888876991565,92.64925269203479,0
1596482702.1300838,116.04983119087512,92.64925269203479,0
1596482702.140078,117.84879950599964,92.64925269203479,0
1596482702.150073,119.64789656715686,92.64925269203479,0
1596482702.1600869,121.45038394050891,92.64925269203479,0
1596482702.170077,123.24862269478137,92.64925269203479,0
1596482702.1800804,125.04922179298694,92.64925269203479,0
1596482702.1900759,126.84840468483264,92.64925269203479,0
1596482702.200072,128.64771632271106,92.64925269203479,0
1596482702.210078,130.44878748970325,92.64925269203479,0
1596482702.2200725,132.247798720172,92.64925269203479,0
1596482702.2300751,134.04826907234485,92.64925269203479,0
1596482702.240088,135.85058478431995,92.64925269203479,0
1596482702.2500703,137.64740733223255,92.64925269203479,0
1596482702.2600753,139.44830683784778,92.64925269203479,0
1596482702.2700834,141.2497642429381,92.64925269203479,0
1596482702.2800796,143.04907588081653,92.64925269203479,0
1596482702.290076,144.8484304340392,92.64925269203479,0
1596482702.3000858,146.6501882465392,92.64925269203479,0
1596482702.3100843,148.44992903786,92.64925269203479,0
1596482702.3200889,150.25074271278675,92.64925269203479,0
1596482702.3300872,152.0504405887633,92.64925269203479,0
1596482702.34008,153.8491514118224,92.64925269203479,0
1596482702.3500786,155.6488922031432,92.64925269203479,0
1596482702.3600821,157.449534216693,92.64925269203479,0
1596482702.3700821,159.24953250007923,92.64925269203479,0
1596482702.3800864,161.05030325966175,92.64925269203479,0
1596482702.3900855,162.85012988167102,92.64925269203479,0
1596482702.4000802,164.649184027484,92.64925269203479,0
1596482702.4100718,166.4476802738219,92.64925269203479,0
1596482702.4200873,168.25046805458362,92.64925269203479,0
1596482702.4300728,170.04784850197132,92.64925269203479,0
1596482702.4400737,171.8480184467345,92.64925269203479,0
1596482702.450076,173.6484458835631,92.64925269203479,0
1596482702.4600813,175.44938830452259,92.64925269203479,0
1596482702.470073,177.24788455086048,92.64925269203479,0
1596482702.4800756,179.04835490303333,92.64925269203479,0
1596482702.4900742,180.84809569435413,92.64925269203479,0
1596482702.5000813,182.6493814380675,92.64925269203479,0
1596482702.5100853,184.4501092823058,92.64925269203479,0
1596482702.5200756,186.24834803657825,92.64925269203479,0
1596482702.5300891,188.05079249458606,92.64925269203479,0
1596482702.5400825,189.84958914833362,92.64925269203479,0
1596482702.5500813,191.64937285499866,92.64925269203479,0
1596482702.560086,193.45022944526966,92.64925269203479,0
1596482702.5700822,195.24954108314807,92.64925269203479,0
1596482702.5800889,197.05074099617298,92.64925269203479,0
1596482702.590082,198.8494947345763,92.64925269203479,0
1596482702.6000688,200.64713267402942,92.64925269203479,0
1596482702.610073,202.44790343361194,92.64925269203479,0
1596482702.620084,204.24987582283313,92.64925269203479,0
1596482702.6300685,206.04708460884387,92.64925269203479,0
1596482702.6400876,207.85051611976917,92.64925269203479,0
1596482702.6500828,209.64965609627063,92.64925269203479,0
1596482702.6600811,211.4493539722472,92.64925269203479,0
1596482702.670069,213.24716357307727,92.64925269203479,0
1596482702.6800795,215.04905013161,92.64925269203479,0
1596482702.690072,216.84771803932483,92.64925269203479,0
1596482702.7000806,218.64926127510364,92.64925269203479,0
1596482702.7100852,220.4500749500304,92.64925269203479,0
1596482702.7200892,222.25080279426868,92.64925269203479,0
1596482702.7300887,224.05071524696643,92.64925269203479,0
1596482702.7400756,225.84835318641956,92.64925269203479,0
1596482702.7500772,227.64865187721546,92.64925269203479,0
1596482702.7600799,229.4491222293883,92.64925269203479,0
1596482702.7700856,231.25015048103626,92.64925269203479,0
1596482702.780088,233.05057791786487,92.64925269203479,0
1596482702.7900858,234.85018996315296,92.64925269203479,0
1596482702.8000712,236.64757041054065,92.64925269203479,0
1596482702.810076,238.44842700081165,92.64925269203479,0
1596482702.8200753,240.24829653816516,92.64925269203479,0
1596482702.830088,242.05056933479602,92.64925269203479,0
1596482702.8400688,243.8471343906432,92.64925269203479,0
1596482702.8500788,245.64893511848743,92.64925269203479,0
1596482702.860086,247.4502208622008,92.64925269203479,0
1596482702.870079,249.24897460060413,92.64925269203479,0
1596482702.8800738,251.04802874641712,92.64925269203479,0
1596482702.8900783,252.84884242134387,92.64925269203479,0
1596482702.8934307,253.45227507667835,92.64925269203479,0
1596482702.8934307,328.0356825230035,167.23266013835996,0
1596482702.900073,329.23130401348203,167.23266013835996,0
1596482702.9100873,331.03387721752256,167.23266013835996,0
1596482702.9200737,332.8314293262872,167.23266013835996,0
1596482702.930087,334.6338308689508,167.23266013835996,0
1596482702.9400885,336.43408664440244,167.23266013835996,0
1596482702.950078,338.2321966526422,167.23266013835996,0
1596482702.9600804,340.0326240894708,167.23266013835996,0
1596482702.970074,341.8314636585626,167.23266013835996,0
1596482702.980073,343.6312902805719,167.23266013835996,0
1596482702.9900827,345.4330480930719,167.23266013835996,0
1596482703.0000837,347.23321803783506,167.23266013835996,0
1596482703.0100782,349.0322292683038,167.23266013835996,0
1596482703.020075,350.83166965221494,167.23266013835996,0
1596482703.0300703,352.6308096287164,167.23266013835996,0
1596482703.0400836,354.43321117138,167.23266013835996,0
1596482703.0500705,356.2308491108331,167.23266013835996,0
1596482703.060083,358.0330789921197,167.23266013835996,0
1596482703.0700698,359.83071693157285,167.23266013835996,0
1596482703.0710285,360,167.23266013835996,1
1596482703.0710285,0,167.23266013835996,0
1596482703.0800853,1.6335047123345703,167.23266013835996,0
1596482703.0900688,3.4305418369683593,167.23266013835996,0
1596482703.0985398,4.955324017754492,167.23266013835996,0
1596482703.0985398,-106.51340279467365,55.763933325931816,0
1596482703.1000814,-106.23591217882893,55.763933325931816,0
1596482703.1100833,-104.43557057268879,55.763933325931816,0
1596482703.1200705,-102.63788971789143,55.763933325931816,0
1596482703.130079,-100.83634648211262,55.763933325931816,0
1596482703.140079,-99.03634819872639,55.763933325931816,0
1596482703.1500874,-97.23484787829182,55.763933325931816,0
1596482703.1600714,-95.43772492296955,55.763933325931816,0
1596482703.170071,-93.6378124702718,55.763933325931816,0
1596482703.1800737,-91.8372992027547,55.763933325931816,0
1596482703.1900783,-90.03648552782795,55.763933325931816,0
1596482703.2000885,-88.23464188463947,55.763933325931816,0
1596482703.2100766,-86.43678936846516,55.763933325931816,0
1596482703.2200768,-84.63674816973469,55.763933325931816,0
1596482703.2300825,-82.83571991808674,55.763933325931816,0
1596482703.2400842,-81.03542122729084,55.763933325931816,0
1596482703.250074,-79.23726830370686,55.763933325931816,0
1596482703.26007,-77.43795666582844,55.763933325931816,0
1596482703.270087,-75.63491139300129,55.763933325931816,0
1596482703.280074,-73.83727345354816,55.763933325931816,0
1596482703.2900765,-72.03680310137531,55.763933325931816,0
1596482703.3000722,-70.23757729418537,55.763933325931816,0
1596482703.3100727,-68.43749318011066,55.763933325931816,0
1596482703.320069,-66.63813862688801,55.763933325931816,0
1596482703.3300745,-64.8371532905843,55.763933325931816,0
1596482703.3400788,-63.03638253100178,55.763933325931816,0
1596482703.3500788,-61.23638424761555,55.763933325931816,0
1596482703.3600779,-59.43655762560627,55.763933325931816,0
1596482703.3700874,-57.63484272845051,55.763933325931816,0
1596482703.3800771,-55.83668980486652,55.763933325931816,0
1596482703.3900728,-54.03746399767658,55.763933325931816,0
1596482703.4000843,-52.235405777766914,55.763933325931816,0
1596482703.410071,-50.43781075365803,55.763933325931816,0
1596482703.420083,-48.635623787715645,55.763933325931816,0
1596482703.4300728,-46.83747086413166,55.763933325931816,0
1596482703.4400756,-45.03695759661457,55.763933325931816,0
1596482703.4500842,-43.23541436083576,55.763933325931816,0
1596482703.460068,-41.438334320857734,55.763933325931816,0
1596482703.470088,-39.63473114855549,55.763933325931816,0
1596482703.4800699,-37.83799443133137,55.763933325931816,0
1596482703.4900844,-36.0353783119466,55.763933325931816,0
1596482703.5000837,-34.235508774593086,55.763933325931816,0
1596482703.5100873,-32.43486676104328,55.763933325931816,0
1596482703.5200799,-30.636198853328438,55.763933325931816,0
1596482703.5300817,-28.8358572471883,55.763933325931816,0
1596482703.5400882,-27.034700249507637,55.763933325931816,0
1596482703.5500677,-25.2383926857259,55.763933325931816,0
1596482703.5600865,-23.435004090144844,55.763933325931816,0
1596482703.5700707,-21.63783821947834,55.763933325931816,0
1596482703.5800812,-19.835951660945625,55.763933325931816,0
1596482703.5900812,-18.035953377559395,55.763933325931816,0
1596482703.6000793,-16.23629841692707,55.763933325931816,0
1596482703.6100767,-14.436772202327461,55.763933325931816,0
1596482703.6200757,-12.636945580318184,55.763933325931816,0
1596482703.6300843,-10.835402344539375,55.763933325931816,0
1596482703.6400764,-9.036820267513008,55.763933325931816,0
1596482703.650079,-7.236349915340156,55.763933325931816,0
1596482703.6600842,-5.435407494380684,55.763933325931816,0
1596482703.670082,-3.6357954490925977,55.763933325931816,0
1596482703.6800752,-1.8370417106892774,55.763933325931816,0
1596482703.6900787,-0.036399697139472664,55.763933325931816,0
1596482703.7000768,1.7632552634928516,55.763933325931816,0
1596482703.71008,3.5638114463541797,55.763933325931816,0
1596482703.7200801,5.363852645084648,55.763933325931816,0
1596482703.7300727,7.162520552799492,55.763933325931816,0
1596482703.7400684,8.961746359989434,55.763933325931816,0
1596482703.7500863,10.764963294193535,55.763933325931816,0
1596482703.7600682,12.561700011417656,55.763933325931816,0
1596482703.770085,14.364745284244805,55.763933325931816,0
1596482703.780077,16.163284445926934,55.763933325931816,0
1596482703.7900877,17.965213919803887,55.763933325931816,0
1596482703.8000758,19.763066435978203,55.763933325931816,0
1596482703.8100827,21.564309264347344,55.763933325931816,0
1596482703.8200774,23.363363410160332,55.763933325931816,0
1596482703.8300812,25.164048339054375,55.763933325931816,0
1596482703.8400724,26.96245875470379,55.763933325931816,0
1596482703.8500683,28.76172747723797,55.763933325931816,0
1596482703.8600714,30.562283660099297,55.763933325931816,0
1596482703.870079,32.36365523450115,55.763933325931816,0
1596482703.8800766,34.163224364445,55.763933325931816,0
1596482703.89008,35.963823462650566,55.763933325931816,0
1596482703.9000785,37.76356425397137,55.763933325931816,0
1596482703.9100733,39.562618399784355,55.763933325931816,0
1596482703.920078,41.36347499005535,55.763933325931816,0
1596482703.9300811,43.16403117291668,55.763933325931816,0
1596482703.940074,44.96274199597576,55.763933325931816,0
1596482703.9500716,46.76231112591961,55.763933325931816,0
1596482703.9600825,48.5642835151408,55.763933325931816,0
1596482703.9700859,50.36488261334637,55.763933325931816,0
1596482703.9800737,52.162692214176445,55.763933325931816,0
1596482703.9900756,53.96303382031658,55.763933325931816,0
1596482704.0000844,55.76461997143963,55.763933325931816,0
1596482704.010084,57.56453242413738,55.763933325931816,0
1596482704.0200815,59.36410155408123,55.763933325931816,0
1596482704.0300868,61.1650439750407,55.763933325931816,0
1596482704.0400784,62.963540221378594,55.763933325931816,0
1596482704.050083,64.76435389630535,55.763933325931816,0
1596482704.0600736,66.56267848126629,55.763933325931816,0
1596482704.0700831,68.36439337842205,55.763933325931816,0
1596482704.0800703,70.16207423321941,55.763933325931816,0
1596482704.0900674,71.96155753247479,55.763933325931816,0
1596482704.1000686,73.7617703925822,55.763933325931816,0
1596482704.110072,75.56236949078777,55.763933325931816,0
1596482704.120078,77.3634835731242,55.763933325931816,0
1596482704.1300743,79.16279521100262,55.763933325931816,0
1596482704.1400769,80.96326556317547,55.763933325931816,0
1596482704.15007,82.76201930157879,55.763933325931816,0
1596482704.160083,84.56437792889812,55.763933325931816,0
1596482704.1700683,86.36171546094158,55.763933325931816,0
1596482704.1800725,88.1624862205241,55.763933325931816,0
1596482704.1900673,89.96154036633709,55.763933325931816,0
1596482704.200086,91.76492896191814,55.763933325931816,0
1596482704.2100778,93.56342520825604,55.763933325931816,0
1596482704.2200873,95.3651401054118,55.763933325931816,0
1596482704.2300875,97.16518130414227,55.763933325931816,0
1596482704.2400746,98.96286215893963,55.763933325931816,0
1596482704.2500749,100.7629033576701,55.763933325931816,0
1596482704.2600856,102.56483283154705,55.763933325931816,0
1596482704.2700775,104.36337199322918,55.763933325931816,0
1596482704.2800775,106.16337027661541,55.763933325931816,0
1596482704.2900865,107.9649993430827,55.763933325931816,0
1596482704.300087,109.7650834571574,55.763933325931816,0
1596482704.3100703,111.56207766644695,55.763933325931816,0
1596482704.320068,113.3616467963908,55.763933325931816,0
1596482704.3300726,115.1625033866618,55.763933325931816,0
1596482704.3400762,116.9631454002116,55.763933325931816,0
1596482704.3500779,118.7634440910075,55.763933325931816,0
1596482704.3600814,120.5640861045573,55.763933325931816,0
1596482704.3700683,122.36172404401043,55.763933325931816,0
1596482704.3800747,124.1628810416911,55.763933325931816,0
1596482704.3900719,125.96236434094646,55.763933325931816,0
1596482704.4000862,127.76493754498699,55.763933325931816,0
1596482704.410072,129.56240382306316,55.763933325931816,0
1596482704.4200747,131.36287417523602,55.763933325931816,0
1596482704.4300747,133.16287245862225,55.763933325931816,0
1596482704.4400706,134.96214118115643,55.763933325931816,0
1596482704.450079,136.763641501591,55.763933325931816,0
1596482704.4600816,138.56411185376385,55.763933325931816,0
1596482704.470074,140.36273684613445,55.763933325931816,0
1596482704.4800837,142.16449465863445,55.763933325931816,0
1596482704.490079,143.96363463513592,55.763933325931816,0
1596482704.500074,145.76273169629314,55.763933325931816,0
1596482704.510081,147.56401744000652,55.763933325931816,0
1596482704.5200706,149.36212744824627,55.763933325931816,0
1596482704.530078,151.1634561073039,55.763933325931816,0
1596482704.5400794,152.96371188275555,55.763933325931816,0
1596482704.5500686,154.76177897565105,55.763933325931816,0
1596482704.5600867,156.5650388251994,55.763933325931816,0
1596482704.5700812,158.36405005566814,55.763933325931816,0
1596482704.5800815,160.1640912543986,55.763933325931816,0
1596482704.5900693,161.9619008552287,55.763933325931816,0
1596482704.6000745,163.76284327618816,55.763933325931816,0
1596482704.6100671,165.561511183903,55.763933325931816,0
1596482704.6200871,167.36511435620525,55.763933325931816,0
1596482704.6300743,169.16279521100262,55.763933325931816,0
1596482704.6400704,170.96210684888104,55.763933325931816,0
1596482704.6500683,172.76171889416912,55.763933325931816,0
1596482704.6600695,174.56193175427654,55.763933325931816,0
1596482704.6700854,176.36480536572674,55.763933325931816,0
1596482704.6800792,178.16368785016277,55.763933325931816,0
1596482704.6900678,179.96162619702557,55.763933325931816,0
1596482704.7000732,181.76261153332928,55.763933325931816,0
1596482704.710082,183.56419768445232,55.763933325931816,0
1596482704.720078,185.3634664069865,55.763933325931816,0
1596482704.730081,187.16402258984783,55.763933325931816,0
1596482704.7400868,188.96505084149578,55.763933325931816,0
1596482704.7500672,190.76153006665447,55.763933325931816,0
1596482704.7600808,192.56397452466229,55.763933325931816,0
1596482704.7700832,194.3644019614909,55.763933325931816,0
1596482704.7800791,196.16367068402508,55.763933325931816,0
1596482704.7900734,197.9626389991496,55.763933325931816,0
1596482704.800068,199.76165022961834,55.763933325931816,0
1596482704.810071,201.56220641247967,55.763933325931816,0
1596482704.8200815,203.36409297101238,55.763933325931816,0
1596482704.8300834,205.16443457715252,55.763933325931816,0
1596482704.8400674,206.96155753247479,55.763933325931816,0
1596482704.8500743,208.76280036084393,55.763933325931816,0
1596482704.8600805,210.56391444318035,55.763933325931816,0
1596482704.8700728,212.36253943555096,55.763933325931816,0
1596482704.880084,214.1645547401164,55.763933325931816,0
1596482704.8900862,215.96493926160076,55.763933325931816,0
1596482704.900082,217.76420798413494,55.763933325931816,0
1596482704.9100807,219.56394877545574,55.763933325931816,0
1596482704.920074,221.3627454292033,55.763933325931816,0
1596482704.9300778,223.16343035809734,55.763933325931816,0
1596482704.940076,224.9631282340739,55.763933325931816,0
1596482704.9500866,226.76501479260662,55.763933325931816,0
1596482704.9600859,228.56488432996014,55.763933325931816,0
1596482704.9700778,230.36342349164227,55.763933325931816,0
1596482704.9800792,232.16367926709393,55.763933325931816,0
1596482704.9900827,233.96432128064373,55.763933325931816,0
1596482705.0000684,235.76174464337566,55.763933325931816,0
1596482705.0100825,237.56427493207195,55.763933325931816,0
1596482705.0200834,239.36444487683514,55.763933325931816,0
1596482705.0300694,241.1619111549113,55.763933325931816,0
1596482705.0400832,242.96439852826336,55.763933325931816,0
1596482705.0500865,244.76499762646893,55.763933325931816,0
1596482705.0600665,246.56139102093914,55.763933325931816,0
1596482705.0700805,248.36392130963543,55.763933325931816,0
1596482705.0800824,250.16426291577557,55.763933325931816,0
1596482705.090082,251.96417536847332,55.763933325931816,0
1596482705.0986562,253.50753989331463,55.763933325931816,0
1596482705.0986562,328.05226196799435,130.30865540061157,0
1596482705.1000779,328.3081661656872,130.30865540061157,0
1596482705.1100838,330.1092373326794,130.30865540061157,0
1596482705.1200812,331.908763547279,130.30865540061157,0
1596482705.1300862,333.70966305289426,130.30865540061157,0
1596482705.140078,335.5082022145764,130.30865540061157,0
1596482705.1500738,337.3074280217663,130.30865540061157,0
1596482705.1600716,339.1070400670544,130.30865540061157,0
1596482705.1700797,340.90849747214475,130.30865540061157,0
1596482705.180069,342.70656456504025,130.30865540061157,0
1596482705.1900814,344.5087944463269,130.30865540061157,0
1596482705.2000663,346.3060890630261,130.30865540061157,0
1596482705.2100716,348.10703148398557,130.30865540061157,0
1596482705.2200801,349.9085747197644,130.30865540061157,0
1596482705.2300718,351.70707096610226,130.30865540061157,0
1596482705.2400687,353.5065113500134,130.30865540061157,0
1596482705.2500722,355.3071533635632,130.30865540061157,0
1596482705.2600756,357.10775246176877,130.30865540061157,0
1596482705.2700784,358.90826572928586,130.30865540061157,0
1596482705.2761612,360,130.30865540061157,1
1596482705.2761612,0,130.30865540061157,0
1596482705.280081,0.7087360814587385,130.30865540061157,0
1596482705.290073,2.5072752431408674,130.30865540061157,0
1596482705.3000662,4.306071896888426,130.30865540061157,0
1596482705.3037786,4.974306722022703,130.30865540061157,0
1596482705.3037786,-106.50770798339317,18.826640695195692,0
1596482705.3100758,-105.37422791137169,18.826640695195692,0
1596482705.3200738,-103.57457295073937,18.826640695195692,0
1596482705.3300767,-101.77405968322228,18.826640695195692,0
1596482705.3400707,-99.975134283442,18.826640695195692,0
1596482705.3500776,-98.17389145507286,18.826640695195692,0
1596482705.3600752,-96.37432232512901,18.826640695195692,0
1596482705.3700795,-94.5735515655465,18.826640695195692,0
1596482705.380086,-92.77239456786583,18.826640695195692,0
1596482705.3900673,-90.97574368133019,18.826640695195692,0
1596482705.40008,-89.17347088469933,18.826640695195692,0
1596482705.4100668,-87.3758329452462,18.826640695195692,0
1596482705.420083,-85.57291641845177,18.826640695195692,0
1596482705.4300823,-83.77304688109825,18.826640695195692,0
1596482705.4400666,-81.97588101043175,18.826640695195692,0
1596482705.4500816,-80.1731790603585,18.826640695195692,0
1596482705.4600687,-78.37549820556114,18.826640695195692,0
1596482705.4700744,-76.5744699539132,18.826640695195692,0
1596482705.4800737,-74.77460041655968,18.826640695195692,0
1596482705.4900863,-72.97232761992882,18.826640695195692,0
1596482705.500067,-71.17580547942589,18.826640695195692,0
1596482705.5100846,-69.37263146056603,18.826640695195692,0
1596482705.5200663,-67.57593765868614,18.826640695195692,0
1596482705.5300727,-65.77478066100548,18.826640695195692,0
1596482705.5400834,-63.972851187128526,18.826640695195692,0
1596482705.550067,-62.17581406249474,18.826640695195692,0
1596482705.560078,-60.373841673273546,18.826640695195692,0
1596482705.5700731,-58.57470169677208,18.826640695195692,0
1596482705.580071,-56.775089651483995,18.826640695195692,0
1596482705.5900671,-54.97577801360558,18.826640695195692,0
1596482705.600074,-53.17453518523644,18.826640695195692,0
1596482705.6100812,-51.37324944152306,18.826640695195692,0
1596482705.6200821,-49.573079496759874,18.826640695195692,0
1596482705.6300678,-47.77565613402794,18.826640695195692,0
1596482705.640084,-45.97273960723351,18.826640695195692,0
1596482705.6500862,-44.17235508574913,18.826640695195692,0
1596482705.6600716,-42.37497463836144,18.826640695195692,0
1596482705.6700678,-40.57566300048302,18.826640695195692,0
1596482705.6800766,-38.77407684935997,18.826640695195692,0
1596482705.690069,-36.975451856989366,18.826640695195692,0
1596482705.700086,-35.17236366881798,18.826640695195692,0
1596482705.7100756,-33.37425366057823,18.826640695195692,0
1596482705.720081,-31.573268324274522,18.826640695195692,0
1596482705.7300677,-29.775673300165636,18.826640695195692,0
1596482705.7400734,-27.974645048517687,18.826640695195692,0
1596482705.750068,-26.175633818048937,18.826640695195692,0
1596482705.7600777,-24.373876005548937,18.826640695195692,0
1596482705.7700849,-22.572590261835558,18.826640695195692,0
1596482705.7800722,-20.774866491693956,18.826640695195692,0
1596482705.7900841,-18.97272244109581,18.826640695195692,0
1596482705.800085,-17.172552496332628,18.826640695195692,0
1596482705.810076,-15.374184996027452,18.826640695195692,0
1596482705.820067,-13.575817495722276,18.826640695195692,0
1596482705.83007,-11.775261312860948,18.826640695195692,0
1596482705.840074,-9.974533468622667,18.826640695195692,0
1596482705.8500679,-8.175650984186632,18.826640695195692,0
1596482705.860086,-6.372391134638292,18.826640695195692,0
1596482705.870069,-4.5754398406929795,18.826640695195692,0
1596482705.8800707,-2.775141149897081,18.826640695195692,0
1596482705.8900704,-0.9751857818550889,18.826640695195692,0
1596482705.9000764,0.8258853851370986,18.826640695195692,0
1596482705.9100814,2.626784890752333,18.826640695195692,0
1596482705.920084,4.427255242925185,18.826640695195692,0
1596482705.9300776,6.2260948120169815,18.826640695195692,0
1596482705.9400845,8.027337640386122,18.826640695195692,0
1596482705.950071,9.824932664495009,18.826640695195692,0
1596482705.960069,11.624544709783095,18.826640695195692,0
1596482705.9700742,13.425487130742567,18.826640695195692,0
1596482705.98007,15.224755853276747,18.826640695195692,0
1596482705.9900768,17.02595576630165,18.826640695195692,0
1596482706.0000722,18.825138658147353,18.826640695195692,0
1596482706.0100718,20.625051110845106,18.826640695195692,0
1596482706.0200677,22.424319833379286,18.826640695195692,0
1596482706.0300686,24.22448977814247,18.826640695195692,0
1596482706.0400844,26.027320474248427,18.826640695195692,0
1596482706.0500734,27.825344651799696,18.826640695195692,0
1596482706.0600667,29.624141305547255,18.826640695195692,0
1596482706.0676446,30.988162606816786,18.826640695195692,0
1596482706.0676446,261.296448782045,249.13492687042393,0
1596482706.0700762,261.7341423779312,249.13492687042393,0
1596482706.080066,263.5322953015152,249.13492687042393,0
1596482706.0900836,265.33546932037507,249.13492687042393,0
1596482706.1000764,267.13418014343415,249.13492687042393,0
1596482706.1100736,268.9336634426895,249.13492687042393,0
1596482706.1200721,270.7334042340103,249.13492687042393,0
1596482706.1300683,272.53271587188874,249.13492687042393,0
1596482706.140081,274.3349886685196,249.13492687042393,0
1596482706.1500716,276.13331325348054,249.13492687042393,0
1596482706.1600783,277.93451316650544,249.13492687042393,0
1596482706.1700737,279.73369605835114,249.13492687042393,0
1596482706.180067,281.5324927120987,249.13492687042393,0
1596482706.190086,283.33588130767976,249.13492687042393,0
1596482706.2000842,285.1355791836563,249.13492687042393,0
1596482706.2100697,286.932959631044,249.13492687042393,0
1596482706.2200851,288.73574741180573,249.13492687042393,0
1596482706.2300854,290.5357886105362,249.13492687042393,0
1596482706.2400773,292.33432777221833,249.13492687042393,0
1596482706.250069,294.1328240185562,249.13492687042393,0
1596482706.2600667,295.9324360638443,249.13492687042393,0
1596482706.2700822,297.735223844606,249.13492687042393,0
1596482706.280077,299.534277990419,249.13492687042393,0
1596482706.290073,301.3335467129532,249.13492687042393,0
1596482706.300074,303.1337595730606,249.13492687042393,0
1596482706.3100855,304.9358177929703,249.13492687042393,0
1596482706.3200717,306.7333269863907,249.13492687042393,0
1596482706.330076,308.5340977459732,249.13492687042393,0
1596482706.3400753,310.33396728332673,249.13492687042393,0
1596482706.3500695,312.13293559845124,249.13492687042393,0
1596482706.3600817,313.9351225643936,249.13492687042393,0
1596482706.3700805,315.73490627105866,249.13492687042393,0
1596482706.3800733,317.53361709411774,249.13492687042393,0
1596482706.3900797,319.3347740917984,249.13492687042393,0
1596482706.4000833,321.1354161053482,249.13492687042393,0
1596482706.4100738,322.9336977749649,249.13492687042393,0
1596482706.4200811,324.73502643402253,249.13492687042393,0
1596482706.4300683,326.5327072888199,249.13492687042393,0
1596482706.440071,328.333220556337,249.13492687042393,0
1596482706.4440005,329.0405083447281,249.13492687042393,0
1596482706.4440005,350.71215250341845,270.80657102911425,0
1596482706.4500756,351.8056783899541,270.80657102911425,0
1596482706.4600692,353.6045179590459,270.80657102911425,0
1596482706.4700787,355.40623285620165,270.80657102911425,0
1596482706.480077,357.2059307321782,270.80657102911425,0
1596482706.4900854,359.0074310526128,270.80657102911425,0
1596482706.4956155,360,270.80657102911425,1
1596482706.4956155,0,270.80657102911425,0
1596482706.500068,0.8042965158696234,270.80657102911425,0
1596482706.5100758,2.605711005615717,270.80657102911425,0
1596482706.5200725,4.405108474182612,270.80657102911425,0
1596482706.530077,6.2059221491093695,270.80657102911425,0
1596482706.5400767,8.005877517151362,270.80657102911425,0
1596482706.550069,9.804502509521967,270.80657102911425,0
1596482706.5600734,11.605273269104487,270.80657102911425,0
1596482706.5700839,13.407159827637201,270.80657102911425,0
1596482706.5800726,15.205141089844233,270.80657102911425,0
1596482706.590084,17.0071993097539,270.80657102911425,0
1596482706.6000795,18.806382201599604,270.80657102911425,0
1596482706.610076,20.60573675482226,270.80657102911425,0
1596482706.6200807,22.406593345093256,270.80657102911425,0
1596482706.6300735,24.205304168152338,270.80657102911425,0
1596482706.640084,26.007190726685053,270.80657102911425,0
1596482706.6500661,27.803970359253412,270.80657102911425,0
