Timestamp,Phase,Heading,Ping?
1595994501.0000765,100.0,100.0,0
1595994501.0100849,101.80051326751709,100.0,0
1595994501.020094,103.60214233398438,100.0,0
1595994501.0300868,105.40085315704346,100.0,0
1595994501.0401015,107.20351219177246,100.0,0
1595994501.0501027,109.00372505187988,100.0,0
1595994501.0600927,110.8019208908081,100.0,0
1595994501.0701025,112.6036787033081,100.0,0
1595994501.0800955,114.40243244171143,100.0,0
1595994501.0900917,116.20174407958984,100.0,0
1595994501.1000955,118.00242900848389,100.0,0
1595994501.1100903,119.80148315429688,100.0,0
1595994501.1200986,121.60298347473145,100.0,0
1595994501.1300976,123.40281009674072,100.0,0
1595994501.140098,125.20289421081543,100.0,0
1595994501.150102,127.00357913970947,100.0,0
1595994501.160098,128.8028907775879,100.0,0
1595994501.1700974,130.6027603149414,100.0,0
1595994501.1800876,132.40099906921387,100.0,0
1595994501.1900935,134.20207023620605,100.0,0
1595994501.200082,136.00000858306885,100.0,0
1595994501.210096,137.8024959564209,100.0,0
1595994501.2200866,139.60082054138184,100.0,0
1595994501.230084,141.40034675598145,100.0,0
1595994501.2400987,143.20300579071045,100.0,0
1595994501.2501004,145.00330448150635,100.0,0
1595994501.2601,146.8032169342041,100.0,0
1595994501.2700992,148.60308647155762,100.0,0
1595994501.2800887,150.40119647979736,100.0,0
1595994501.2900844,152.2004222869873,100.0,0
1595994501.300099,154.00303840637207,100.0,0
1595994501.310096,155.80252170562744,100.0,0
1595994501.3200972,157.60273456573486,100.0,0
1595994501.3300877,159.40101623535156,100.0,0
1595994501.3400936,161.20208740234375,100.0,0
1595994501.3500977,163.00281524658203,100.0,0
1595994501.3600953,164.80238437652588,100.0,0
1595994501.3700836,166.60027980804443,100.0,0
1595994501.380095,168.4023380279541,100.0,0
1595994501.3901024,170.20366668701172,100.0,0
1595994501.400095,172.00233459472656,100.0,0
1595994501.4100983,173.80293369293213,100.0,0
1595994501.4200983,175.60293197631836,100.0,0
1595994501.4300966,177.40262985229492,100.0,0
1595994501.4400852,179.20056819915771,100.0,0
1595994501.4500847,181.00048065185547,100.0,0
1595994501.46009,182.80142307281494,100.0,0
1595994501.4700963,184.6025800704956,100.0,0
1595994501.4800894,186.40133380889893,100.0,0
1595994501.4804647,186.46888256072998,100.0,0
1595994501.4804647,307.940664768219,221.471782207489,0
1595994501.4900963,309.6743588447571,221.471782207489,0
1595994501.5000901,311.4732413291931,221.471782207489,0
1595994501.5100913,313.27345418930054,221.471782207489,0
1595994501.520101,315.07521200180054,221.471782207489,0
1595994501.5300868,316.87263536453247,221.471782207489,0
1595994501.5400896,318.67314863204956,221.471782207489,0
1595994501.5500894,320.47310400009155,221.471782207489,0
1595994501.5601,322.2750334739685,221.471782207489,0
1595994501.5700874,324.0727572441101,221.471782207489,0
1595994501.5800962,325.87434339523315,221.471782207489,0
1595994501.5900867,327.67262506484985,221.471782207489,0
1595994501.6000934,329.47382497787476,221.471782207489,0
1595994501.6100938,331.27390909194946,221.471782207489,0
1595994501.620088,333.072877407074,221.471782207489,0
1595994501.6301007,334.87515020370483,221.471782207489,0
1595994501.6400943,336.67398977279663,221.471782207489,0
1595994501.650095,338.4741168022156,221.471782207489,0
1595994501.6600847,340.27226972579956,221.471782207489,0
1595994501.670101,342.075186252594,221.471782207489,0
1595994501.6800947,343.87406873703003,221.471782207489,0
1595994501.6900833,345.6720070838928,221.471782207489,0
1595994501.7000923,347.4736361503601,221.471782207489,0
1595994501.7100985,349.27475023269653,221.471782207489,0
1595994501.7200825,351.0718731880188,221.471782207489,0
1595994501.7300923,352.8736310005188,221.471782207489,0
1595994501.731826,353.1857113838196,221.471782207489,0
1595994501.731826,357.95571341514585,226.2417842388153,0
1595994501.7401006,359.44513335227964,226.2417842388153,0
1595994501.7432005,360,226.2417842388153,1
1595994501.7500966,361.2444020748138,226.2417842388153,0
1595994501.7600822,363.04182543754575,226.2417842388153,0
1595994501.7700818,364.8417378902435,226.2417842388153,0
1595994501.7801003,366.6450835704803,226.2417842388153,0
1595994501.7900867,368.442635679245,226.2417842388153,0
1595994501.8000944,370.2440072536468,226.2417842388153,0
1595994501.8100848,372.0422889232635,226.2417842388153,0
1595994501.8201027,373.84550585746763,226.2417842388153,0
1595994501.8300972,375.6445170879364,226.2417842388153,0
1595994501.8400848,377.4422837734222,226.2417842388153,0
1595994501.850087,379.2426682949066,226.2417842388153,0
1595994501.8601005,381.0451127529144,226.2417842388153,0
1595994501.870083,382.84197821617124,226.2417842388153,0
1595994501.8800962,384.6443368434906,226.2417842388153,0
1595994501.8900867,386.4426185131073,226.2417842388153,0
1595994501.9000838,388.24210181236265,226.2417842388153,0
1595994501.9100833,390.0420142650604,226.2417842388153,0
1595994501.9200823,391.8418408870697,226.2417842388153,0
1595994501.93009,393.64321246147153,226.2417842388153,0
1595994501.9400861,395.44252409934995,226.2417842388153,0
1595994501.9500988,397.2447968959808,226.2417842388153,0
1595994501.9600825,399.04187693595884,226.2417842388153,0
1595994501.9700992,400.84487929344175,226.2417842388153,0
1595994501.980092,402.64359011650083,226.2417842388153,0
1595994501.9900846,404.4422580242157,226.2417842388153,0
1595994502.0000877,406.242814207077,226.2417842388153,0
1595994502.0100994,408.0449153423309,226.2417842388153,0
1595994502.0201027,409.8455144405365,226.2417842388153,0
1595994502.0300972,411.6445256710052,226.2417842388153,0
1595994502.0400941,413.44396605491636,226.2417842388153,0
1595994502.0500865,415.24259104728696,226.2417842388153,0
1595994502.0600905,417.04331889152525,226.2417842388153,0
1595994502.0700998,418.84499087333677,226.2417842388153,0
1595994502.0800812,420.6416417598724,226.2417842388153,0
1595994502.0900912,422.44344248771665,226.2417842388153,0
1595994502.1000822,424.2418099880218,226.2417842388153,0
1595994502.1100905,426.0433103084564,226.2417842388153,0
1595994502.1200817,427.8417207241058,226.2417842388153,0
1595994502.130082,429.6417619228363,226.2417842388153,0
1595994502.1400826,431.4418889522552,226.2417842388153,0
1595994502.1500816,433.2417155742645,226.2417842388153,0
1595994502.1600845,435.0422288417816,226.2417842388153,0
1595994502.170097,436.84450163841245,226.2417842388153,0
1595994502.180089,438.6430408000946,226.2417842388153,0
1595994502.190088,440.44286742210386,226.2417842388153,0
1595994502.2000816,442.24170699119566,226.2417842388153,0
1595994502.2101018,444.04535307884214,226.2417842388153,0
1595994502.220083,445.84196105003355,226.2417842388153,0
1595994502.2300951,447.64414801597593,226.2417842388153,0
1595994502.2400937,449.44388880729673,226.2417842388153,0
1595994502.2500875,451.24277129173277,226.2417842388153,0
1595994502.2600813,453.0416537761688,226.2417842388153,0
1595994502.2700918,454.8435403347015,226.2417842388153,0
1595994502.2800949,456.64409651756284,226.2417842388153,0
1595994502.2900858,458.442464017868,226.2417842388153,0
1595994502.3000822,460.2418185710907,226.2417842388153,0
1595994502.3100846,462.0422460079193,226.2417842388153,0
1595994502.3200963,463.8443471431732,226.2417842388153,0
1595994502.3300848,465.642285490036,226.2417842388153,0
1595994502.340086,467.4424983501434,226.2417842388153,0
1595994502.3500865,469.2425824642181,226.2417842388153,0
1595994502.3600972,471.04451193809507,226.2417842388153,0
1595994502.370095,472.84412398338316,226.2417842388153,0
1595994502.380086,474.64249148368833,226.2417842388153,0
1595994502.3900867,476.4426185131073,226.2417842388153,0
1595994502.4000888,478.24300303459165,226.2417842388153,0
1595994502.4100993,480.04488959312437,226.2417842388153,0
1595994502.4200916,481.843514585495,226.2417842388153,0
1595994502.4300826,483.64188208580015,226.2417842388153,0
1595994502.4400816,485.4417087078094,226.2417842388153,0
1595994502.4501004,487.2450973033905,226.2417842388153,0
1595994502.4600918,489.04355063438413,226.2417842388153,0
1595994502.4700935,490.84384932518003,226.2417842388153,0
1595994502.4800987,492.6447917461395,226.2417842388153,0
1595994502.4900987,494.44479002952573,226.2417842388153,0
1595994502.5000813,496.24165549278257,226.2417842388153,0
1595994502.5100844,498.0422116756439,226.2417842388153,0
1595994502.5200856,499.8424245357513,226.2417842388153,0
1595994502.5300868,501.64263739585874,226.2417842388153,0
1595994502.5400918,503.443536901474,226.2417842388153,0
1595994502.5500903,505.2432776927948,226.2417842388153,0
1595994502.5600832,507.04198851585386,226.2417842388153,0
1595994502.5700874,508.8427592754364,226.2417842388153,0
1595994502.5800886,510.6429721355438,226.2417842388153,0
1595994502.5901008,512.4451591014862,226.2417842388153,0
1595994502.6000817,514.2417241573334,226.2417842388153,0
1595994502.6100845,516.0422374248504,226.2417842388153,0
1595994502.6200848,517.8422786235809,226.2417842388153,0
1595994502.6301022,519.6454097270965,226.2417842388153,0
1595994502.640102,521.4453650951385,226.2417842388153,0
1595994502.6500983,523.2447196483612,226.2417842388153,0
1595994502.6600964,525.0443746089935,226.2417842388153,0
1595994502.6700907,526.843342924118,226.2417842388153,0
1595994502.6800845,528.642225408554,226.2417842388153,0
1595994502.6900828,530.4419232845306,226.2417842388153,0
1595994502.7000887,532.2429944515228,226.2417842388153,0
1595994502.7100935,534.0438510417938,226.2417842388153,0
1595994502.7200966,535.8444072246551,226.2417842388153,0
1595994502.7300851,537.6423455715179,226.2417842388153,0
1595994502.7400947,539.4440604686737,226.2417842388153,0
1595994502.7500877,541.242814207077,226.2417842388153,0
1595994502.7600982,543.0447007656097,226.2417842388153,0
1595994502.7700877,544.8428107738495,226.2417842388153,0
1595994502.7800956,546.6442252635956,226.2417842388153,0
1595994502.790086,548.4425069332123,226.2417842388153,0
1595994502.8000815,550.241689825058,226.2417842388153,0
1595994502.8100915,552.0434905529022,226.2417842388153,0
1595994502.8200977,553.8446046352386,226.2417842388153,0
1595994502.8300815,555.6416846752167,226.2417842388153,0
1595994502.8400836,557.442069196701,226.2417842388153,0
1595994502.850086,559.2424966335296,226.2417842388153,0
1595994502.8600802,561.0414649486542,226.2417842388153,0
1595994502.8700995,562.8449393749237,226.2417842388153,0
1595994502.8800948,564.6440793514251,226.2417842388153,0
1595994502.8900928,566.4437343120575,226.2417842388153,0
1595994502.9000845,568.2422305583954,226.2417842388153,0
1595994502.91009,570.0432158946991,226.2417842388153,0
1595994502.9200904,571.8433000087738,226.2417842388153,0
1595994502.930101,573.6451865673065,226.2417842388153,0
1595994502.940095,575.4441119670868,226.2417842388153,0
1595994502.9500916,577.2435094356537,226.2417842388153,0
1595994502.9600837,579.04209151268,226.2417842388153,0
1595994502.970093,580.8437634944916,226.2417842388153,0
1595994502.980089,582.6430322170257,226.2417842388153,0
1595994502.9900854,584.4423867702484,226.2417842388153,0
1595994503.0000823,586.2418271541595,226.2417842388153,0
1595994503.0000823,0,226.2417842388153,0
1595994503.0101018,228.04530158042908,226.2417842388153,0
1595994503.0200927,229.84366908073426,226.2417842388153,0
1595994503.0300877,231.64276614189149,226.2417842388153,0
1595994503.0400968,233.44439520835877,226.2417842388153,0
1595994503.0500877,235.24276270866395,226.2417842388153,0
1595994503.0601013,237.04520716667176,226.2417842388153,0
1595994503.0700881,238.84284510612488,226.2417842388153,0
1595994503.0800893,240.6430579662323,226.2417842388153,0
1595994503.0900893,242.44305624961854,226.2417842388153,0
1595994503.1000845,244.24219622612,226.2417842388153,0
1595994503.1101015,246.04524149894715,226.2417842388153,0
1595994503.120092,247.84352316856385,226.2417842388153,0
1595994503.1300943,249.64395060539246,226.2417842388153,0
1595994503.1400855,251.44236102104188,226.2417842388153,0
1595994503.1501038,253.24566378593445,226.2417842388153,0
1595994503.1600924,255.04360213279725,226.2417842388153,0
1595994503.170088,256.84282793998716,226.2417842388153,0
1595994503.1800828,258.64188208580015,226.2417842388153,0
1595994503.190084,260.44209494590757,226.2417842388153,0
1595994503.2000878,262.2427798748016,226.2417842388153,0
1595994503.2100894,264.0430785655975,226.2417842388153,0
1595994503.220084,265.84208979606626,226.2417842388153,0
1595994503.2300875,267.64273180961607,226.2417842388153,0
1595994503.2400973,269.44448962211607,226.2417842388153,0
1595994503.250086,271.2424708843231,226.2417842388153,0
1595994503.2600942,273.04392828941343,226.2417842388153,0
1595994503.2701027,274.84547152519224,226.2417842388153,0
1595994503.2800937,276.6438390254974,226.2417842388153,0
1595994503.2901034,278.4455968379974,226.2417842388153,0
1595994503.3000996,280.24490847587583,226.2417842388153,0
1595994503.3100858,282.04241766929624,226.2417842388153,0
1595994503.3200958,283.8442183971405,226.2417842388153,0
1595994503.3300984,285.64468874931333,226.2417842388153,0
1595994503.3400924,287.4436141490936,226.2417842388153,0
1595994503.3500865,289.2425395488739,226.2417842388153,0
1595994503.3600879,291.04279532432554,226.2417842388153,0
1595994503.3700912,292.8433944225311,226.2417842388153,0
1595994503.3800845,294.64219107627866,226.2417842388153,0
1595994503.3901038,296.4456655025482,226.2417842388153,0
1595994503.400084,298.24210181236265,226.2417842388153,0
1595994503.410092,300.043559217453,226.2417842388153,0
1595994503.4200969,301.844415807724,226.2417842388153,0
1595994503.43009,303.6431695461273,226.2417842388153,0
1595994503.4400864,305.44252409934995,226.2417842388153,0
1595994503.4500895,307.2430802822113,226.2417842388153,0
1595994503.460101,309.04513850212095,226.2417842388153,0
1595994503.4700854,310.8423472881317,226.2417842388153,0
1595994503.4800985,312.644705915451,226.2417842388153,0
1595994503.490099,314.44479002952573,226.2417842388153,0
1595994503.5000875,316.2427283763885,226.2417842388153,0
1595994503.5101,318.04495825767515,226.2417842388153,0
1595994503.5200994,319.8448707103729,226.2417842388153,0
1595994503.530103,321.6455127239227,226.2417842388153,0
1595994503.5400822,323.4417773723602,226.2417842388153,0
1595994503.5500953,325.24413599967954,226.2417842388153,0
1595994503.5601032,327.04555048942564,226.2417842388153,0
1595994503.5700989,328.8447762966156,226.2417842388153,0
1595994503.580083,330.64189925193784,226.2417842388153,0
1595994503.590093,332.4436999797821,226.2417842388153,0
1595994503.6000974,334.24451365470884,226.2417842388153,0
1595994503.610086,336.04245200157163,226.2417842388153,0
1595994503.6200826,337.8418494701385,226.2417842388153,0
1595994503.6300838,339.64206233024595,226.2417842388153,0
1595994503.6400974,341.44450678825376,226.2417842388153,0
1595994503.6500883,343.24287428855894,226.2417842388153,0
1595994503.6600838,345.04205718040464,226.2417842388153,0
1595994503.670084,346.8420983791351,226.2417842388153,0
1595994503.680082,348.64175333976743,226.2417842388153,0
1595994503.6900907,350.44329657554624,226.2417842388153,0
1595994503.7000887,352.24295153617857,226.2417842388153,0
1595994503.7100906,354.0432931423187,226.2417842388153,0
1595994503.720088,355.8428193569183,226.2417842388153,0
1595994503.7300918,357.64350428581236,226.2417842388153,0
1595994503.7400892,359.44303050041196,226.2417842388153,0
1595994503.743185,360,226.2417842388153,1
1595994503.7500815,361.24165549278257,226.2417842388153,0
1595994503.7600925,363.04362788200376,226.2417842388153,0
1595994503.7700818,364.84169497489927,226.2417842388153,0
1595994503.780091,366.6433669567108,226.2417842388153,0
1595994503.7901008,368.4451247692108,226.2417842388153,0
1595994503.8001022,370.24538054466245,226.2417842388153,0
1595994503.8031862,370.8004905223846,226.2417842388153,0
1595994503.8031862,615.2401471567154,470.6814408731461,0
1595994503.810103,616.4851642084122,470.6814408731461,0
1595994503.820094,618.2835746240617,470.6814408731461,0
1595994503.830102,620.0849891138078,470.6814408731461,0
1595994503.8400965,621.8840003442765,470.6814408731461,0
1595994503.8483143,623.3632064294816,470.6814408731461,0
1595994503.8483143,691.0089619288444,538.327196372509,0
1595994503.8501034,691.3309986720085,538.327196372509,0
1595994503.8601005,693.1304819712639,538.327196372509,0
1595994503.870097,694.9298365244865,538.327196372509,0
1595994503.880086,696.7278607020378,538.327196372509,0
1595994503.8900867,698.5279877314567,538.327196372509,0
1595994503.9000993,700.3302605280876,538.327196372509,0
1595994503.9100988,702.1301729807853,538.327196372509,0
1595994503.9200845,703.9275963435173,538.327196372509,0
1595994503.9300969,705.7298262248039,538.327196372509,0
1595994503.9400978,707.5299961695671,538.327196372509,0
1595994503.9500833,709.3273766169548,538.327196372509,0
1595994503.9600964,711.1297352442741,538.327196372509,0
1595994503.9701004,712.9304630885124,538.327196372509,0
1595994503.9800856,714.7278006205559,538.327196372509,0
1595994503.9900997,716.5303309092521,538.327196372509,0
1595994504.0000973,718.329900039196,538.327196372509,0
1595994504.0100856,720.1277954707145,538.327196372509,0
1595994504.0200834,721.9274075160026,538.327196372509,0
1595994504.0300913,723.7288220057487,538.327196372509,0
1595994504.0400953,725.529549849987,538.327196372509,0
1595994504.0500894,727.3284752497673,538.327196372509,0
1595994504.0600915,729.1288597712517,538.327196372509,0
1595994504.070089,730.9284289011955,538.327196372509,0
1595994504.0800862,732.7279122004509,538.327196372509,0
1595994504.0901027,734.5308716425895,538.327196372509,0
1595994504.1000943,736.3293678889274,538.327196372509,0
1595994504.110091,738.1287653574943,538.327196372509,0
1595994504.1201005,739.9304802546501,538.327196372509,0
1595994504.1301022,741.730778945446,538.327196372509,0
1595994504.1400964,743.5297472605705,538.327196372509,0
1595994504.1500876,745.3281576762199,538.327196372509,0
1595994504.160082,747.1271689066887,538.327196372509,0
1595994504.1700928,748.9290983805656,538.327196372509,0
1595994504.1800811,750.7269938120842,538.327196372509,0
1595994504.1900892,752.5284512171745,538.327196372509,0
1595994504.2000825,754.3272478709221,538.327196372509,0
1595994504.210092,756.1289627680778,538.327196372509,0
1595994504.2200887,757.9283602366447,538.327196372509,0
1595994504.2300832,759.7273714671135,538.327196372509,0
1595994504.2400835,761.5274126658439,538.327196372509,0
1595994504.2501025,763.3308441767692,538.327196372509,0
1595994504.2601001,765.1304133067131,538.327196372509,0
1595994504.2700987,766.9301540980339,538.327196372509,0
1595994504.280093,768.7291224131584,538.327196372509,0
1595994504.29009,770.5286057124138,538.327196372509,0
1595994504.3000865,772.3279602656364,538.327196372509,0
1595994504.310085,774.1277010569572,538.327196372509,0
1595994504.3200915,775.9288580546379,538.327196372509,0
1595994504.3300936,777.7292425761223,538.327196372509,0
1595994504.340089,779.528425467968,538.327196372509,0
1595994504.3500817,781.3270933756828,538.327196372509,0
1595994504.360082,783.1271345744133,538.327196372509,0
1595994504.3701012,784.9306090006828,538.327196372509,0
1595994504.3800974,786.7299206385612,538.327196372509,0
1595994504.3900828,788.5273010859489,538.327196372509,0
1595994504.400092,790.3289301524162,538.327196372509,0
1595994504.4100893,792.1284563670158,538.327196372509,0
1595994504.420082,793.9271671900749,538.327196372509,0
1595994504.4300861,795.7278950343132,538.327196372509,0
1595994504.4400876,797.5281508097648,538.327196372509,0
1595994504.4500973,799.3299086222648,538.327196372509,0
1595994504.460095,801.1294777522087,538.327196372509,0
1595994504.4700863,802.9279310832023,538.327196372509,0
1595994504.4800932,804.7291739115715,538.327196372509,0
1595994504.4901023,806.5308029780388,538.327196372509,0
1595994504.5000908,808.3287413249016,538.327196372509,0
1595994504.5100808,810.1269371638298,538.327196372509,0
1595994504.5200887,811.9283516535759,538.327196372509,0
1595994504.5300846,813.72762037611,538.327196372509,0
1595994504.5401,815.5304081568718,538.327196372509,0
1595994504.5500972,817.3298914561271,538.327196372509,0
1595994504.5601025,819.1308338770866,538.327196372509,0
1595994504.5700874,820.9281284937858,538.327196372509,0
1595994504.5800889,822.7283842692375,538.327196372509,0
1595994504.590093,824.5291121134758,538.327196372509,0
1595994504.600093,826.329110396862,538.327196372509,0
1595994504.6100864,828.1279499659538,538.327196372509,0
1595994504.6200807,829.9269182810783,538.327196372509,0
1595994504.6300924,831.7290194163322,538.327196372509,0
1595994504.6400995,833.5303051600456,538.327196372509,0
1595994504.6500819,835.3271277079582,538.327196372509,0
1595994504.660088,837.1282417902946,538.327196372509,0
1595994504.6700826,838.9272530207634,538.327196372509,0
1595994504.680082,840.7271654734611,538.327196372509,0
1595994504.69009,842.5285799632072,538.327196372509,0
1595994504.7001014,844.3306381831169,538.327196372509,0
1595994504.7100875,846.1281473765373,538.327196372509,0
1595994504.7200956,847.9296047816276,538.327196372509,0
1595994504.7300851,849.7277147898674,538.327196372509,0
1595994504.7400947,851.5294296870231,538.327196372509,0
1595994504.750081,853.3269817957878,538.327196372509,0
1595994504.7601016,855.1306707987785,538.327196372509,0
1595994504.7700903,856.9286520609855,538.327196372509,0
1595994504.7800946,858.7294228205681,538.327196372509,0
1595994504.7900927,860.5290777812004,538.327196372509,0
1595994504.8001,862.330406440258,538.327196372509,0
1595994504.8100977,864.1299755702019,538.327196372509,0
1595994504.8200893,865.9284718165397,538.327196372509,0
1595994504.830093,867.7291138300895,538.327196372509,0
1595994504.8400934,869.5291979441643,538.327196372509,0
1595994504.850083,871.3273508677482,538.327196372509,0
1595994504.8600872,873.1280787119865,538.327196372509,0
1595994504.8701003,874.9304373393059,538.327196372509,0
1595994504.8800979,876.7300064692497,538.327196372509,0
1595994504.8900857,878.5278160700798,538.327196372509,0
1595994504.9000814,880.3270418772697,538.327196372509,0
1595994504.9100895,882.12849928236,538.327196372509,0
1595994504.920096,883.9296562800407,538.327196372509,0
1595994504.9300973,885.7299120554924,538.327196372509,0
1595994504.9400914,887.5288374552727,538.327196372509,0
1595994504.9500844,889.327591193676,538.327196372509,0
1595994504.9600804,891.1268599162102,538.327196372509,0
1595994504.9700956,892.9296047816276,538.327196372509,0
1595994504.9800966,894.7297747263908,538.327196372509,0
1595994504.9900935,896.529215110302,538.327196372509,0
1595994505.0000987,898.3301575312614,538.327196372509,0
1595994505.0000987,0,538.327196372509,0
1595994505.0100994,180.12732340192792,178.32719637250898,0
1595994505.0201142,181.92998243665693,178.32719637250898,0
1595994505.0301125,183.7296803126335,178.32719637250898,0
1595994505.0401096,185.52916361188886,178.32719637250898,0
1595994505.0501032,187.32800318098066,178.32719637250898,0
1595994505.0601082,189.1289026865959,178.32719637250898,0
1595994505.0701194,190.93091799116132,178.32719637250898,0
1595994505.0801136,192.72988630628583,178.32719637250898,0
1595994505.0901082,194.52889753675458,178.32719637250898,0
1595994505.1001031,196.3279945979118,178.32719637250898,0
1595994505.1101105,198.12932325696943,178.32719637250898,0
1595994505.1201108,199.9293644556999,178.32719637250898,0
1595994505.1300993,201.7273028025627,178.32719637250898,0
1595994505.1401057,203.52845980024335,178.32719637250898,0
1595994505.150103,205.32798601484296,178.32719637250898,0
1595994505.1601052,207.12837053632734,178.32719637250898,0
1595994505.1701195,208.93094374036787,178.32719637250898,0
1595994505.1801002,210.7274658808708,178.32719637250898,0
1595994505.1901171,212.53051115369794,178.32719637250898,0
1595994505.2001042,214.3281920084953,178.32719637250898,0
1595994505.2101126,216.12969232892988,178.32719637250898,0
1595994505.2201161,217.93033434247968,178.32719637250898,0
1595994505.2301154,219.7302038798332,178.32719637250898,0
1595994505.2401123,221.52964426374433,178.32719637250898,0
1595994505.2501082,223.3289129862785,178.32719637250898,0
1595994505.2601202,225.13105703687665,178.32719637250898,0
1595994505.2701058,226.9284803996086,178.32719637250898,0
1595994505.2801137,228.72989488935468,178.32719637250898,0
1595994505.2901192,230.5308802256584,178.32719637250898,0
1595994505.3001168,232.33044935560224,178.32719637250898,0
1595994505.310111,234.12941767072675,178.32719637250898,0
1595994505.3201137,235.9298880228996,178.32719637250898,0
1595994505.3301034,237.7280409464836,178.32719637250898,0
1595994505.3400996,239.527352584362,178.32719637250898,0
1595994505.3501115,241.32949663496015,178.32719637250898,0
1595994505.3601117,243.12953783369062,178.32719637250898,0
1595994505.3701084,244.9289353022575,178.32719637250898,0
1595994505.3800995,246.72734571790693,178.32719637250898,0
1595994505.3901005,248.5275156626701,178.32719637250898,0
1595994505.4001083,250.3289301524162,178.32719637250898,0
1595994505.4101143,252.1300013194084,178.32719637250898,0
1595994505.4201012,253.92763925886152,178.32719637250898,0
1595994505.4301033,255.7280237803459,178.32719637250898,0
1595994505.440104,257.52815080976484,178.32719637250898,0
1595994505.4501064,259.32857824659345,178.32719637250898,0
1595994505.4601076,261.1287911067009,178.32719637250898,0
1595994505.470109,262.92904688215253,178.32719637250898,0
1595994505.4801183,264.73071886396406,178.32719637250898,0
1595994505.4901035,266.5280563960075,178.32719637250898,0
1595994505.5001078,268.32882715559003,178.32719637250898,0
1595994505.5101154,270.1301987299919,178.32719637250898,0
1595994505.5201144,271.93002535200117,178.32719637250898,0
1595994505.5301054,273.72839285230634,178.32719637250898,0
1595994505.540115,275.53015066480634,178.32719637250898,0
1595994505.5501049,277.3283035883903,178.32719637250898,0
1595994505.5601153,279.13019014692304,178.32719637250898,0
1595994505.5701098,280.9292013773918,178.32719637250898,0
1595994505.5801027,282.7279122004509,178.32719637250898,0
1595994505.5901003,284.5274813303947,178.32719637250898,0
1595994505.6001134,286.32983995771406,178.32719637250898,0
1595994505.6101127,288.1297094950676,178.32719637250898,0
1595994505.6200988,289.927218688488,178.32719637250898,0
1595994505.6301088,291.7290194163322,178.32719637250898,0
1595994505.6401079,293.5288460383415,178.32719637250898,0
1595994505.6501138,295.3299172053337,178.32719637250898,0
1595994505.6601193,297.1309025416374,178.32719637250898,0
1595994505.6701045,298.92824007368085,178.32719637250898,0
1595994505.680104,300.7281525263786,178.32719637250898,0
1595994505.6901035,302.52806497907636,178.32719637250898,0
1595994505.7001092,304.3290932307243,178.32719637250898,0
1595994505.7101192,306.13089395856855,178.32719637250898,0
1595994505.7201164,307.9303772578239,178.32719637250898,0
1595994505.7301083,309.72891641950605,178.32719637250898,0
1595994505.740111,311.52942968702314,178.32719637250898,0
1595994505.7500997,313.32736803388593,178.32719637250898,0
1595994505.7601001,315.12745214796064,178.32719637250898,0
1595994505.770107,316.9286949763298,178.32719637250898,0
1595994505.7801,318.7274487147331,178.32719637250898,0
1595994505.7901032,320.5280048975944,178.32719637250898,0
1595994505.8001006,322.32753111219404,178.32719637250898,0
1595994505.8101022,324.12782980298994,178.32719637250898,0
1595994505.8201149,325.9301025996208,178.32719637250898,0
1595994505.8301077,327.7288134226799,178.32719637250898,0
1595994505.84011,329.5292408595085,178.32719637250898,0
1595994505.8484268,331.02625681257246,178.32719637250898,0
1595994505.8484268,351.3078770437717,198.60881660370825,0
1595994505.8501096,351.6107735434055,198.60881660370825,0
1595994505.860112,353.4112009802341,198.60881660370825,0
1595994505.8701155,355.21184299378393,198.60881660370825,0
1595994505.8801062,357.01016757874487,198.60881660370825,0
1595994505.8901134,358.81145332245825,198.60881660370825,0
1595994505.8967206,360,198.60881660370825,1
1595994505.9001029,360.609563330698,198.60881660370825,0
1595994505.9101048,362.40990493683813,198.60881660370825,0
1595994505.9201093,364.2107186117649,198.60881660370825,0
1595994505.930112,366.01118896393774,198.60881660370825,0
1595994505.9400992,367.80891273407934,198.60881660370825,0
1595994505.9460406,368.8783631124973,198.60881660370825,0
1595994505.9460406,614.6635089337492,444.39396242496014,0
1595994505.9500988,615.393971008029,444.39396242496014,0
1595994505.9601033,617.1947846829557,444.39396242496014,0
1595994505.9701176,618.9973578869963,444.39396242496014,0
1595994505.980119,620.7976136624479,444.39396242496014,0
1595994505.990119,622.5976119458342,444.39396242496014,0
1595994506.0001123,624.3964085995817,444.39396242496014,0
1595994506.0101004,626.194261115756,444.39396242496014,0
1595994506.0201082,627.9956756055021,444.39396242496014,0
1595994506.0301135,629.7966180264616,444.39396242496014,0
1595994506.0401022,631.5945992886686,444.39396242496014,0
1595994506.0501096,633.3959279477262,444.39396242496014,0
1595994506.060102,635.1945529400969,444.39396242496014,0
1595994506.0701118,636.9963107525969,444.39396242496014,0
1595994506.0801072,638.7954936444426,444.39396242496014,0
1595994506.0901177,640.5973802029753,444.39396242496014,0
1595994506.1001127,642.3964772641325,444.39396242496014,0
1595994506.1101084,644.1957030713224,444.39396242496014,0
1595994506.1201074,645.9955296933317,444.39396242496014,0
1595994506.130111,647.7961717068815,444.39396242496014,0
1595994506.1401007,649.5943246304655,444.39396242496014,0
1595994506.1501186,651.3975415646696,444.39396242496014,0
1595994506.1601105,653.1960807263517,444.39396242496014,0
1595994506.1701038,654.9948773800993,444.39396242496014,0
1595994506.1801186,656.7975364148283,444.39396242496014,0
1595994506.190104,658.594916862216,444.39396242496014,0
1595994506.2001033,660.3947863995695,444.39396242496014,0
1595994506.2101026,662.194655936923,444.39396242496014,0
1595994506.2201087,663.9957700192595,444.39396242496014,0
1595994506.2300992,665.7940516888762,444.39396242496014,0
1595994506.2401175,667.5973544537687,444.39396242496014,0
1595994506.2501101,669.3960223614836,444.39396242496014,0
1595994506.2601025,671.1946473538542,444.39396242496014,0
1595994506.2701123,672.9964051663542,444.39396242496014,0
1595994506.2801135,674.7966180264616,444.39396242496014,0
1595994506.2900975,676.5937409817839,444.39396242496014,0
1595994506.300098,678.3938250958586,444.39396242496014,0
1595994506.310111,680.1961837231779,444.39396242496014,0
1595994506.3201187,681.9975552975798,444.39396242496014,0
1595994506.330119,683.7975964963102,444.39396242496014,0
1595994506.3401191,685.5976376950407,444.39396242496014,0
1595994506.350104,687.3949323117399,444.39396242496014,0
1595994506.3601007,689.1943297803068,444.39396242496014,0
1595994506.3701172,690.9972892224455,444.39396242496014,0
1595994506.3801138,692.7966866910124,444.39396242496014,0
1595994506.3901184,694.5975003659391,444.39396242496014,0
1595994506.4001024,696.3946233212614,444.39396242496014,0
1595994506.4100976,698.1937632977629,444.39396242496014,0
1595994506.4201157,699.9970231473112,444.39396242496014,0
1595994506.430106,701.7952619015837,444.39396242496014,0
1595994506.4401052,703.5951314389372,444.39396242496014,0
1595994506.4501183,705.3974900662565,444.39396242496014,0
1595994506.4600997,707.1941409527922,444.39396242496014,0
1595994506.4701133,708.9965854108,444.39396242496014,0
1595994506.480116,710.7970557629728,444.39396242496014,0
1595994506.4901109,712.5961528241301,444.39396242496014,0
1595994506.5001073,714.3955073773527,444.39396242496014,0
1595994506.510102,716.1945615231657,444.39396242496014,0
1595994506.5201077,717.9955897748137,444.39396242496014,0
1595994506.5301116,719.7962747037077,444.39396242496014,0
1595994506.540105,721.5951142727995,444.39396242496014,0
1595994506.550108,723.3956275403166,444.39396242496014,0
1595994506.5601113,725.1962266385221,444.39396242496014,0
1595994506.5701003,726.9942508160734,444.39396242496014,0
1595994506.5801165,728.7971673428679,444.39396242496014,0
1595994506.59011,730.5960069119596,444.39396242496014,0
1595994506.6001105,732.3960910260344,444.39396242496014,0
1595994506.610109,734.1958318173552,444.39396242496014,0
1595994506.6201127,735.996473830905,444.39396242496014,0
1595994506.6301181,737.7974591672087,444.39396242496014,0
1595994506.6401117,739.5962987363005,444.39396242496014,0
1595994506.650101,741.394365829196,444.39396242496014,0
1595994506.6600976,743.1937632977629,444.39396242496014,0
1595994506.670101,744.9943623959684,444.39396242496014,0
1595994506.680103,746.7947469174528,444.39396242496014,0
1595994506.6901042,748.5949597775602,444.39396242496014,0
1595994506.7001183,750.3974900662565,444.39396242496014,0
1595994506.7101076,752.195557159152,444.39396242496014,0
1595994506.7201035,753.9948258816862,444.39396242496014,0
1595994506.7301106,755.7961116253996,444.39396242496014,0
1595994506.740118,757.5974402844572,444.39396242496014,0
1595994506.7501078,759.3955932080412,444.39396242496014,0
1595994506.7601037,761.1948619305754,444.39396242496014,0
1595994506.7701025,762.9946456372404,444.39396242496014,0
1595994506.7801151,764.7969184338713,444.39396242496014,0
1595994506.7901096,766.59592966434,444.39396242496014,0
1595994506.8001091,768.3958421170378,444.39396242496014,0
1595994506.8101025,770.1946387707853,444.39396242496014,0
1595994506.82011,771.9960103451872,444.39396242496014,0
1595994506.8301165,773.7971673428679,444.39396242496014,0
1595994506.8401098,775.5959639966154,444.39396242496014,0
1595994506.8501036,777.3948464810514,444.39396242496014,0
1595994506.8601134,779.1966042935514,444.39396242496014,0
1595994506.870111,780.9961734234953,444.39396242496014,0
1595994506.8801064,782.795356315341,444.39396242496014,0
1595994506.8901088,784.5957837521696,444.39396242496014,0
1595994506.9001157,786.3970265805387,444.39396242496014,0
1595994506.910106,788.1952653348112,444.39396242496014,0
1595994506.9201071,789.9954781949186,444.39396242496014,0
1595994506.9300988,791.7939744412565,444.39396242496014,0
1595994506.9401147,793.5968480527067,444.39396242496014,0
1595994506.9501135,795.3966317593718,444.39396242496014,0
1595994506.9601111,797.1962008893156,444.39396242496014,0
1595994506.9701042,798.9949546277189,444.39396242496014,0
1595994506.9801126,800.7964549481535,444.39396242496014,0
1595994506.990105,802.5950799405241,444.39396242496014,0
1595994507.0000978,804.3937907635832,444.39396242496014,0
1595994507.0001223,804.3982110440397,444.39396242496014,0
1595994507.0001223,0,444.39396242496014,0
1595994507.010124,86.19426111575603,84.39396242496014,0
1595994507.020127,87.99481729861736,84.39396242496014,0
1595994507.030123,89.79408602115154,84.39396242496014,0
1595994507.0401354,91.59631590243816,84.39396242496014,0
1595994507.0501304,93.39541296359539,84.39396242496014,0
1595994507.0601413,95.19738535281658,84.39396242496014,0
1595994507.0701318,96.99566702243328,84.39396242496014,0
1595994507.0801404,98.79721025821209,84.39396242496014,0
1595994507.090123,100.59407572146893,84.39396242496014,0
1595994507.1001232,102.3941169201994,84.39396242496014,0
1595994507.1101334,104.19596056338787,84.39396242496014,0
1595994507.1201258,105.99458555575848,84.39396242496014,0
1595994507.1301353,107.79630045291424,84.39396242496014,0
1595994507.140126,109.59462503787518,84.39396242496014,0
1595994507.1501417,111.39745573398113,84.39396242496014,0
1595994507.160133,113.19586614963055,84.39396242496014,0
1595994507.1701236,114.99419073459148,84.39396242496014,0
1595994507.1801357,116.79637770053387,84.39396242496014,0
1595994507.1901336,118.59598974582195,84.39396242496014,0
1595994507.200139,120.39697508212566,84.39396242496014,0
1595994507.2101352,122.19628672000408,84.39396242496014,0
1595994507.2201424,123.99757246371746,84.39396242496014,0
1595994507.2301276,125.79490999576092,84.39396242496014,0
1595994507.240141,127.59731153842449,84.39396242496014,0
1595994507.2501256,129.39456323977947,84.39396242496014,0
1595994507.2601285,131.19507650729656,84.39396242496014,0
1595994507.2701354,132.9963193356657,84.39396242496014,0
1595994507.2801282,134.79503015872478,84.39396242496014,0
1595994507.2901394,136.59704546329021,84.39396242496014,0
1595994507.300132,138.39571337100506,84.39396242496014,0
1595994507.310128,140.19498209353924,84.39396242496014,0
1595994507.320139,141.99695448276043,84.39396242496014,0
1595994507.3301334,143.79596571322918,84.39396242496014,0
1595994507.3401263,145.59467653628826,84.39396242496014,0
1595994507.3501346,147.39617685672283,84.39396242496014,0
1595994507.3601341,149.19608930942059,84.39396242496014,0
1595994507.3701375,150.99668840762615,84.39396242496014,0
1595994507.380122,152.7938971936369,84.39396242496014,0
1595994507.3901372,154.59664205905437,84.39396242496014,0
1595994507.400123,156.3940654217863,84.39396242496014,0
1595994507.410133,158.19586614963055,84.39396242496014,0
1595994507.4201272,159.99483446475506,84.39396242496014,0
1595994507.4301283,161.79504732486248,84.39396242496014,0
1595994507.440136,163.59641889926434,84.39396242496014,0
1595994507.4501348,165.39620260592937,84.39396242496014,0
1595994507.460133,167.19590048190594,84.39396242496014,0
1595994507.470125,168.99443964358807,84.39396242496014,0
1595994507.4801242,170.79430918094158,84.39396242496014,0
1595994507.4901292,172.59520868655682,84.39396242496014,0
1595994507.5001297,174.39529280063152,84.39396242496014,0
1595994507.5101233,176.19413236972332,84.39396242496014,0
1595994507.520131,177.9955468594694,84.39396242496014,0
1595994507.530131,179.79554514285564,84.39396242496014,0
1595994507.5401282,181.59502844211102,84.39396242496014,0
1595994507.5501335,183.3959708630705,84.39396242496014,0
1595994507.5601285,185.19506792422771,84.39396242496014,0
1595994507.570126,186.99463705417156,84.39396242496014,0
1595994507.5801404,188.7972102582121,84.39396242496014,0
1595994507.5901313,190.59557775851727,84.39396242496014,0
1595994507.6001346,192.39617685672283,84.39396242496014,0
1595994507.610135,194.19626097079754,84.39396242496014,0
1595994507.6201427,195.9976325451994,84.39396242496014,0
1595994507.6301293,197.79522756930828,84.39396242496014,0
1595994507.6401315,199.59561209079266,84.39396242496014,0
1595994507.650134,201.3960824429655,84.39396242496014,0
1595994507.6601408,203.1972823559904,84.39396242496014,0
1595994507.6701412,204.99736647006512,84.39396242496014,0
1595994507.6801233,206.79414610263348,84.39396242496014,0
1595994507.6901402,208.59719137546062,84.39396242496014,0
1595994507.7001426,210.39761881228924,84.39396242496014,0
1595994507.7101314,212.19560007449627,84.39396242496014,0
1595994507.7201366,213.99654249545574,84.39396242496014,0
1595994507.7301326,215.79581121798992,84.39396242496014,0
1595994507.7401388,217.59692530032635,84.39396242496014,0
1595994507.7501218,219.39387659427166,84.39396242496014,0
1595994507.7601407,221.19726518985271,84.39396242496014,0
1595994507.7701225,222.99400190707684,84.39396242496014,0
1595994507.780135,224.79623178836346,84.39396242496014,0
1595994507.7901235,226.59417013522625,84.39396242496014,0
1595994507.8001401,228.39717249270916,84.39396242496014,0
1595994507.8101432,230.1977286755705,84.39396242496014,0
1595994507.8201249,231.99442247745037,84.39396242496014,0
1595994507.830139,233.79695276614666,84.39396242496014,0
1595994507.840127,235.59480528232098,84.39396242496014,0
1595994507.8501225,237.39398817416668,84.39396242496014,0
1595994507.8601277,239.19493059512615,84.39396242496014,0
1595994507.8701322,240.9957442700529,84.39396242496014,0
1595994507.8801236,242.79419760104656,84.39396242496014,0
1595994507.8901353,244.59629873630047,84.39396242496014,0
1595994507.9001393,246.39702658053875,84.39396242496014,0
1595994507.910138,248.19676737185955,84.39396242496014,0
1595994507.920141,249.99732355472088,84.39396242496014,0
1595994507.9301271,251.7948327481413,84.39396242496014,0
1595994507.9401343,253.59611849185467,84.39396242496014,0
1595994507.9461467,254.67835764285564,84.39396242496014,0
1595994507.9461467,328.4035072928567,158.11911207496118,0
1595994507.9501295,329.1204081183572,158.11911207496118,0
1595994507.9601333,330.92109304725125,158.11911207496118,0
1595994507.970138,332.72194963752224,158.11911207496118,0
1595994507.9801388,334.5220766669412,158.11911207496118,0
1595994507.9901373,336.321817458262,158.11911207496118,0
1595994508.0001311,338.120699942698,158.11911207496118,0
1595994508.002517,338.5501537924905,158.11911207496118,0
1595994508.002517,353.5650461377472,173.13400442021782,0
1595994508.0101304,354.93546182530815,173.13400442021782,0
1595994508.0201252,356.73451597112114,173.13400442021782,0
1595994508.0301306,358.53550130742485,173.13400442021782,0
1595994508.0382817,360,173.13400442021782,1
1595994508.0401285,360.33511335271294,173.13400442021782,0
1595994508.0501375,362.1367424191802,173.13400442021782,0
1595994508.0601246,363.9344232739776,173.13400442021782,0
1595994508.0701225,365.7340353192657,173.13400442021782,0
1595994508.0801303,367.53544980901177,173.13400442021782,0
1595994508.0901248,369.3344610394805,173.13400442021782,0
1595994508.1001294,371.1352747144073,173.13400442021782,0
1595994508.1101353,372.93634588139946,173.13400442021782,0
1595994508.1201274,374.7349279584258,173.13400442021782,0
1595994508.1301334,376.535999125418,173.13400442021782,0
1595994508.1401322,378.33578283208305,173.13400442021782,0
1595994508.1501381,380.13685399907524,173.13400442021782,0
1595994508.160136,381.9364660443633,173.13400442021782,0
1595994508.1701355,383.7363784970611,173.13400442021782,0
1595994508.1801357,385.53641969579155,173.13400442021782,0
1595994508.1901402,387.3372333707183,173.13400442021782,0
1595994508.2001305,389.13547212499077,173.13400442021782,0
1595994508.2101347,390.9362428845733,173.13400442021782,0
1595994508.2201338,392.73606950658257,173.13400442021782,0
1595994508.2301273,394.53490907567436,173.13400442021782,0
1595994508.2401261,396.3346927823394,173.13400442021782,0
1595994508.2501335,398.136021441397,173.13400442021782,0
1595994508.260129,399.9352043332427,173.13400442021782,0
1595994508.2701294,401.73528844731743,173.13400442021782,0
1595994508.2801385,403.5369175137847,173.13400442021782,0
1595994508.2901251,405.3345125378936,173.13400442021782,0
1595994508.3001275,407.1349399747222,173.13400442021782,0
1595994508.31013,408.9353674115508,173.13400442021782,0
1595994508.320141,410.73738271611626,173.13400442021782,0
1595994508.330139,412.53699476140434,173.13400442021782,0
1595994508.3401287,414.3351476849883,173.13400442021782,0
1595994508.350139,416.1369913281768,173.13400442021782,0
1595994508.360126,417.93467218297417,173.13400442021782,0
1595994508.3701344,419.73617250340874,173.13400442021782,0
1595994508.3801277,421.5349691571563,173.13400442021782,0
1595994508.3901346,423.33621198552544,173.13400442021782,0
1595994508.4001226,425.13406450169975,173.13400442021782,0
1595994508.4101255,426.93457776921684,173.13400442021782,0
1595994508.4201326,428.7358635129302,173.13400442021782,0
1595994508.4301248,430.5344455899566,173.13400442021782,0
1595994508.4401283,432.3350876035064,173.13400442021782,0
1595994508.4501228,434.13409883397514,173.13400442021782,0
1595994508.4601233,435.93418294804985,173.13400442021782,0
1595994508.4701405,437.73727113622124,173.13400442021782,0
1595994508.4801316,439.53568155187065,173.13400442021782,0
1595994508.490124,441.33430654424126,173.13400442021782,0
1595994508.50014,443.13718015569145,173.13400442021782,0
1595994508.5101256,444.9346035184234,173.13400442021782,0
1595994508.5201323,446.7358034314483,173.13400442021782,0
1595994508.5301304,448.5354583920806,173.13400442021782,0
1595994508.5401306,450.3354995908111,173.13400442021782,0
1595994508.5501306,452.1354978741973,173.13400442021782,0
1595994508.5601356,453.93639737981255,173.13400442021782,0
1595994508.570122,455.7339494885772,173.13400442021782,0
1595994508.5801375,457.5367372693389,173.13400442021782,0
1595994508.5901368,459.33660680669243,173.13400442021782,0
1595994508.6001284,461.1351030530303,173.13400442021782,0
1595994508.610128,462.9350155057281,173.13400442021782,0
1595994508.6201375,464.73673040288384,173.13400442021782,0
1595994508.6301224,466.53402501958305,173.13400442021782,0
1595994508.6401417,468.3374994458526,173.13400442021782,0
1595994508.6501215,470.13384992497856,173.13400442021782,0
1595994508.6601255,471.93457776921684,173.13400442021782,0
1595994508.6701403,473.73723680394585,173.13400442021782,0
1595994508.6801255,475.5345743359893,173.13400442021782,0
1595994508.690121,477.333757227835,173.13400442021782,0
1595994508.7001383,479.13688833135063,173.13400442021782,0
1595994508.710125,480.9344833554595,173.13400442021782,0
1595994508.7201254,482.7345674695342,173.13400442021782,0
1595994508.7301352,484.5363252820342,173.13400442021782,0
1595994508.7401257,486.3346069516509,173.13400442021782,0
1595994508.7501347,488.1362360181182,173.13400442021782,0
1595994508.7601407,489.9373071851104,173.13400442021782,0
1595994508.7701278,491.73498803990776,173.13400442021782,0
1595994508.7801294,493.53528673070366,173.13400442021782,0
1595994508.7901232,495.3341692151397,173.13400442021782,0
1595994508.8001297,497.13532621282036,173.13400442021782,0
1595994508.8101401,498.9372127713531,173.13400442021782,0
1595994508.820142,500.7375543774932,173.13400442021782,0
1595994508.8301275,502.5349348248809,173.13400442021782,0
1595994508.8401415,504.3374651135772,173.13400442021782,0
1595994508.8501332,506.1359613599151,173.13400442021782,0
1595994508.8601327,507.93587381261284,173.13400442021782,0
1595994508.870135,509.73630124944145,173.13400442021782,0
1595994508.8801327,511.5358703793853,173.13400442021782,0
1595994508.8901286,513.3351391019195,173.13400442021782,0
1595994508.9001412,515.1374118985503,173.13400442021782,0
1595994508.9101214,516.9338482083648,173.13400442021782,0
1595994508.920122,518.7339323224395,173.13400442021782,0
1595994508.9301372,520.536677187857,173.13400442021782,0
1595994508.9401424,522.3376196088165,173.13400442021782,0
1595994508.9501367,524.136587923941,173.13400442021782,0
1595994508.9601245,525.934397524771,173.13400442021782,0
1595994508.970127,527.7348678769439,173.13400442021782,0
1595994508.9801388,529.5369690121978,173.13400442021782,0
1595994508.9901254,531.3345640363067,173.13400442021782,0
1595994509.0001404,533.1372659863799,173.13400442021782,0
1595994509.0001404,0,173.13400442021782,0
1595994509.01016,174.9375217618316,173.13400442021782,0
1595994509.0201516,176.73601800816948,173.13400442021782,0
1595994509.0301557,178.53674585240776,173.13400442021782,0
1595994509.040142,180.3342979611724,173.13400442021782,0
1595994509.050162,182.13790113347466,173.13400442021782,0
1595994509.0601518,183.93605405705864,173.13400442021782,0
1595994509.0701447,185.73476488011772,173.13400442021782,0
1595994509.0801587,187.537295168814,173.13400442021782,0
1595994509.0901492,189.3355768384307,173.13400442021782,0
1595994509.1001444,191.13471681493218,173.13400442021782,0
1595994509.1101553,192.93668920415337,173.13400442021782,0
1595994509.1201546,194.73655874150688,173.13400442021782,0
1595994509.1301448,196.53479749577934,173.13400442021782,0
1595994509.140144,198.33466703313286,173.13400442021782,0
1595994509.150149,200.1355665387481,173.13400442021782,0
1595994509.1601439,201.93462068456108,173.13400442021782,0
1595994509.1701422,203.73431856053764,173.13400442021782,0
1595994509.1801443,205.53470308202202,173.13400442021782,0
1595994509.190156,207.33680421727593,173.13400442021782,0
1595994509.2001429,209.13444215672905,173.13400442021782,0
1595994509.2101474,210.9352558316558,173.13400442021782,0
1595994509.220142,212.73426706212456,173.13400442021782,0
1595994509.2301614,214.53778440373833,173.13400442021782,0
1595994509.2401462,216.3350361050933,173.13400442021782,0
1595994509.2501462,218.13503438847954,173.13400442021782,0
1595994509.2601552,219.93666345494682,173.13400442021782,0
1595994509.270151,221.73588926213677,173.13400442021782,0
1595994509.2801473,223.53524381535942,173.13400442021782,0
1595994509.2901552,225.33665830510552,173.13400442021782,0
1595994509.300156,227.1368282498687,173.13400442021782,0
1595994509.3101428,228.9344232739776,173.13400442021782,0
1595994509.3201551,230.7366531552642,173.13400442021782,0
1595994509.3301575,232.53708059209282,173.13400442021782,0
1595994509.3401449,234.33480436223442,173.13400442021782,0
1595994509.350156,236.13681966679985,173.13400442021782,0
1595994509.3601427,237.93441469090874,173.13400442021782,0
1595994509.3701606,239.73763162511284,173.13400442021782,0
1595994509.380151,241.53591329472954,173.13400442021782,0
1595994509.3901522,243.33612615483696,173.13400442021782,0
1595994509.4001532,245.13629609960014,173.13400442021782,0
1595994509.4101613,246.93775350469048,173.13400442021782,0
1595994509.4201543,248.7365072430938,173.13400442021782,0
1595994509.4301565,250.53689176457817,173.13400442021782,0
1595994509.440156,252.33680421727593,173.13400442021782,0
1595994509.450148,254.1353862943023,173.13400442021782,0
1595994509.4601464,255.93508417027886,173.13400442021782,0
1595994509.4701607,257.7376573743194,173.13400442021782,0
1595994509.4801595,259.5374410809844,173.13400442021782,0
1595994509.4901464,261.33507902043755,173.13400442021782,0
1595994509.5001478,263.1353347958892,173.13400442021782,0
1595994509.5101404,264.93400270360405,173.13400442021782,0
1595994509.5201502,266.73576051610405,173.13400442021782,0
1595994509.5301602,268.5375612439483,173.13400442021782,0
1595994509.5401514,270.3359716595977,173.13400442021782,0
1595994509.5501518,272.1360557736724,173.13400442021782,0
1595994509.5601592,273.93738443273,173.13400442021782,0
1595994509.570161,275.73772603887016,173.13400442021782,0
1595994509.5801513,277.5359647931426,173.13400442021782,0
1595994509.59014,279.33394605534966,173.13400442021782,0
1595994509.600151,281.13591844457085,173.13400442021782,0
1595994509.6101482,282.9354017438262,173.13400442021782,0
1595994509.620147,284.73518545049126,173.13400442021782,0
1595994509.6301494,286.53561288731987,173.13400442021782,0
1595994509.6401496,288.33565408605034,173.13400442021782,0
1595994509.6501565,290.1368969144195,173.13400442021782,0
1595994509.660143,291.93444902318413,173.13400442021782,0
1595994509.670153,293.73624975102837,173.13400442021782,0
1595994509.6801457,295.53496057408745,173.13400442021782,0
1595994509.6901493,297.33560258763725,173.13400442021782,0
1595994509.7001405,299.13401300328667,173.13400442021782,0
1595994509.7101455,300.9349125089019,173.13400442021782,0
1595994509.7201405,302.73400957005913,173.13400442021782,0
1595994509.7301476,304.5352953137725,173.13400442021782,0
1595994509.7401495,306.33563691991264,173.13400442021782,0
1595994509.7501545,308.1365364255279,173.13400442021782,0
1595994509.7601411,309.93413144963677,173.13400442021782,0
1595994509.7701578,311.7371338071197,173.13400442021782,0
1595994509.7801502,313.5357587994903,173.13400442021782,0
1595994509.7901578,315.33713037389214,173.13400442021782,0
1595994509.800154,317.13644201177055,173.13400442021782,0
1595994509.8101506,318.93583948033745,173.13400442021782,0
1595994509.820149,320.735537356314,173.13400442021782,0
1595994509.8301604,322.5375955762237,173.13400442021782,0
1595994509.8401563,324.33686429875786,173.13400442021782,0
1595994509.8501546,326.1365621747344,173.13400442021782,0
1595994509.8601582,327.9372041882842,173.13400442021782,0
1595994509.8701563,329.73685914891655,173.13400442021782,0
1595994509.880141,331.53411085027153,173.13400442021782,0
1595994509.8901465,333.33509618657524,173.13400442021782,0
1595994509.900143,335.1344507397979,173.13400442021782,0
1595994509.9101439,336.9346206845611,173.13400442021782,0
1595994509.9201467,338.7351339520782,173.13400442021782,0
1595994509.9301498,340.5356901349395,173.13400442021782,0
1595994509.940155,342.336632555899,173.13400442021782,0
1595994509.9501445,344.1347425641387,173.13400442021782,0
1595994509.9601564,345.93688661473686,173.13400442021782,0
1595994509.970149,347.7355545224517,173.13400442021782,0
1595994509.9801602,349.53756982701714,173.13400442021782,0
1595994509.9901428,351.334435290274,173.13400442021782,0
1595994510.00016,353.13752347844536,173.13400442021782,0
1595994510.0101497,354.93567640202934,173.13400442021782,0
1595994510.0201476,356.73528844731743,173.13400442021782,0
1595994510.0301516,358.5360162915557,173.13400442021782,0
1595994510.0383024,360,173.13400442021782,1
1595994510.0401592,360.33738786595757,173.13400442021782,0
1595994510.050146,362.1350258054107,173.13400442021782,0
1595994510.0601504,363.9357965649932,173.13400442021782,0
1595994510.0701466,365.73510820287163,173.13400442021782,0
1595994510.0801456,367.5349348248809,173.13400442021782,0
1595994510.0901527,369.3362205685943,173.13400442021782,0
1595994510.1001189,371.1301248730987,173.13400442021782,0
1595994510.1001189,615.3390374619296,417.34291700904873,0
1595994510.1002257,615.3582635361483,417.34291700904873,0
1595994510.1101413,617.1430697876742,417.34291700904873,0
1595994510.1201575,618.9459863144687,417.34291700904873,0
1595994510.130141,620.7430234391024,417.34291700904873,0
1595994510.1401494,622.544523759537,417.34291700904873,0
1595994510.143993,623.2363620240023,417.34291700904873,0
1595994510.143993,690.9709086072007,485.0774635922471,0
1595994510.1501393,692.0772661816636,485.0774635922471,0
1595994510.160145,693.8782944333116,485.0774635922471,0
1595994510.1701498,695.6791510235826,485.0774635922471,0
1595994510.180146,697.478462661461,485.0774635922471,0
1595994510.1901412,699.2776026379624,485.0774635922471,0
1595994510.20014,701.0773863446275,485.0774635922471,0
1595994510.2101448,702.8782429348985,485.0774635922471,0
1595994510.2201526,704.6796574246446,485.0774635922471,0
1595994510.2301528,706.479698623375,485.0774635922471,0
1595994510.240161,708.2811560284654,485.0774635922471,0
1595994510.25015,710.0791802060166,485.0774635922471,0
1595994510.2601438,711.8780626904527,485.0774635922471,0
1595994510.2701485,713.6789192807237,485.0774635922471,0
1595994510.2801545,715.4799904477159,485.0774635922471,0
1595994510.2901604,717.281061614708,485.0774635922471,0
1595994510.3001554,719.0801586758653,485.0774635922471,0
1595994510.3101456,720.8783974301377,485.0774635922471,0
1595994510.3201494,722.6790823590318,485.0774635922471,0
1595994510.3301525,724.4796385418931,485.0774635922471,0
1595994510.3401475,726.2787356030503,485.0774635922471,0
1595994510.3501425,728.0778326642076,485.0774635922471,0
1595994510.3601437,729.878045524315,485.0774635922471,0
1595994510.370141,731.6775717389146,485.0774635922471,0
1595994510.3801525,733.4796299588243,485.0774635922471,0
1595994510.3901467,735.2785982739488,485.0774635922471,0
1595994510.400152,737.0795406949082,485.0774635922471,0
1595994510.4101398,738.8773502957383,485.0774635922471,0
1595994510.4201572,740.680481399254,485.0774635922471,0
1595994510.4301484,742.4788918149034,485.0774635922471,0
1595994510.440146,744.2784609448472,485.0774635922471,0
1595994510.4501426,746.0778584134141,485.0774635922471,0
1595994510.4601505,747.8792729031602,485.0774635922471,0
1595994510.4701486,749.6789278637925,485.0774635922471,0
1595994510.4801543,751.4799561154405,485.0774635922471,0
1595994510.4901478,753.2787956845323,485.0774635922471,0
1595994510.5001426,755.0778498303453,485.0774635922471,0
1595994510.510155,756.8800797116319,485.0774635922471,0
1595994510.5201588,758.6807646405259,485.0774635922471,0
1595994510.5301573,760.4805054318467,485.0774635922471,0
1595994510.5401578,762.2805895459214,485.0774635922471,0
1595994510.550147,764.0786566388169,485.0774635922471,0
1595994510.5601604,765.8810581814805,485.0774635922471,0
1595994510.5701523,767.6795973431626,485.0774635922471,0
1595994510.5801497,769.4791235577623,485.0774635922471,0
1595994510.590146,771.2784781109849,485.0774635922471,0
1595994510.600141,773.0775751721421,485.0774635922471,0
1595994510.6101534,774.8798050534288,485.0774635922471,0
1595994510.6201513,776.6794170987168,485.0774635922471,0
1595994510.6301503,778.4792437207261,485.0774635922471,0
1595994510.6401486,780.2789415967027,485.0774635922471,0
1595994510.6501434,782.0779957425157,485.0774635922471,0
1595994510.660158,783.8806118619004,485.0774635922471,0
1595994510.670155,785.6800951611558,485.0774635922471,0
1595994510.6801498,787.4791493069688,485.0774635922471,0
1595994510.6901438,789.2780747067491,485.0774635922471,0
1595994510.7001543,791.0799612652818,485.0774635922471,0
1595994510.7101502,792.879229987816,485.0774635922471,0
1595994510.7201436,794.6780266415635,485.0774635922471,0
1595994510.730155,796.4800848614732,485.0774635922471,0
1595994510.7401583,798.2806839596788,485.0774635922471,0
1595994510.7501578,800.0805964123765,485.0774635922471,0
1595994510.7601466,801.8785776745835,485.0774635922471,0
1595994510.770153,803.6797346722642,485.0774635922471,0
1595994510.7801492,805.4790463101426,485.0774635922471,0
1595994510.790144,807.2781004559556,485.0774635922471,0
1595994510.8001451,809.078313316063,485.0774635922471,0
1595994510.8101592,810.8808436047593,485.0774635922471,0
1595994510.8201463,812.6785244595567,485.0774635922471,0
1595994510.830145,814.4782652508775,485.0774635922471,0
1595994510.8401551,816.280108894066,485.0774635922471,0
1595994510.8501391,818.0772318493882,485.0774635922471,0
1595994510.8601503,819.8792471539537,485.0774635922471,0
1595994510.870155,821.6801037442247,485.0774635922471,0
1595994510.8801513,823.4794153821031,485.0774635922471,0
1595994510.890143,825.277911628441,485.0774635922471,0
1595994510.9001398,827.0773520123521,485.0774635922471,0
1595994510.910151,828.8793673169175,485.0774635922471,0
1595994510.920146,830.6784643780748,485.0774635922471,0
1595994510.9301465,832.4785484921495,485.0774635922471,0
1595994510.940141,834.2775597226182,485.0774635922471,0
1595994510.9501503,836.0792317044297,485.0774635922471,0
1595994510.9601603,837.881032432274,485.0774635922471,0
1595994510.9701433,839.6779837262193,485.0774635922471,0
1595994510.9801486,841.4789261471788,485.0774635922471,0
1595994510.990148,843.2788385998765,485.0774635922471,0
1595994511.0001397,845.0773348462144,485.0774635922471,0
1595994511.0001645,845.0817980420152,485.0774635922471,0
1595994511.0001645,0,485.0774635922471,0
1595994511.0101795,126.88016554232036,125.07746359224711,0
1595994511.020176,128.679520095543,125.07746359224711,0
1595994511.030172,130.47883173342143,125.07746359224711,0
1595994511.040167,132.27792879457866,125.07746359224711,0
1595994511.0501761,134.07955786104594,125.07746359224711,0
1595994511.0601792,135.88011404390727,125.07746359224711,0
1595994511.0701852,137.68118521089946,125.07746359224711,0
1595994511.080172,139.47882315035258,125.07746359224711,0
1595994511.0901816,141.28053804750834,125.07746359224711,0
1595994511.10017,143.0784334790269,125.07746359224711,0
1595994511.1101701,144.87847467775737,125.07746359224711,0
1595994511.1201677,146.67804380770121,125.07746359224711,0
1595994511.1301672,148.47795626039897,125.07746359224711,0
1595994511.1401782,150.27992864962016,125.07746359224711,0
1595994511.1501842,152.08099981661235,125.07746359224711,0
1595994511.1601713,153.8786806714097,125.07746359224711,0
1595994511.170171,155.6786360394517,125.07746359224711,0
1595994511.1801674,157.47799059267436,125.07746359224711,0
1595994511.190167,159.2779030453721,125.07746359224711,0
1595994511.2001746,161.07927461977397,125.07746359224711,0
1595994511.2101803,162.88030287142192,125.07746359224711,0
1595994511.2201831,164.680816138939,125.07746359224711,0
1595994511.2301655,166.4776386868516,125.07746359224711,0
1595994511.2401752,168.2793964993516,125.07746359224711,0
1595994511.2501693,170.07832189913188,125.07746359224711,0
1595994511.2601829,171.8807663571397,125.07746359224711,0
1595994511.2701783,173.6799492489854,125.07746359224711,0
1595994511.2801735,175.47908922548686,125.07746359224711,0
1595994511.2901812,177.28046079988871,125.07746359224711,0
1595994511.3001654,179.07762667055522,125.07746359224711,0
1595994511.310165,180.87753912325297,125.07746359224711,0
1595994511.3201768,182.67968317385112,125.07746359224711,0
1595994511.3301685,184.478179420189,125.07746359224711,0
1595994511.3401785,186.27998014803325,125.07746359224711,0
1595994511.350168,188.078090156273,125.07746359224711,0
1595994511.3601794,189.88014837618266,125.07746359224711,0
1595994511.3701682,191.6781296383897,125.07746359224711,0
1595994511.380172,193.47881456728373,125.07746359224711,0
1595994511.3901765,195.2796282422105,125.07746359224711,0
1595994511.4001856,197.08125730867778,125.07746359224711,0
1595994511.4101813,198.88048311586772,125.07746359224711,0
1595994511.420183,200.68078180666362,125.07746359224711,0
1595994511.4301789,202.4800505291978,125.07746359224711,0
1595994511.4401708,204.27858969087993,125.07746359224711,0
1595994511.450179,206.0800900113145,125.07746359224711,0
1595994511.460166,207.87772795076762,125.07746359224711,0
1595994511.4701715,209.67871328707133,125.07746359224711,0
1595994511.4801738,211.47914072389995,125.07746359224711,0
1595994511.4901767,213.27965399141704,125.07746359224711,0
1595994511.500181,215.08042475099955,125.07746359224711,0
1595994511.5101793,216.88012262697612,125.07746359224711,0
1595994511.520177,218.67969175691996,125.07746359224711,0
1595994511.530171,220.47861715670024,125.07746359224711,0
1595994511.5401843,222.2810186993638,125.07746359224711,0
1595994511.55017,224.07844206209575,125.07746359224711,0
1595994511.5601816,225.88054319734965,125.07746359224711,0
1595994511.570178,227.6798977505723,125.07746359224711,0
1595994511.580164,229.47736402864848,125.07746359224711,0
1595994511.5901773,231.27976557131205,125.07746359224711,0
1595994511.6001782,233.07993551607524,125.07746359224711,0
1595994511.6101663,234.87778803224955,125.07746359224711,0
1595994511.6201808,236.68040415163432,125.07746359224711,0
1595994511.6301723,238.47885748262797,125.07746359224711,0
1595994511.6401813,240.28048654909526,125.07746359224711,0
1595994511.65018,242.0802702557603,125.07746359224711,0
1595994511.660181,243.88044020052348,125.07746359224711,0
1595994511.6701822,245.6806530606309,125.07746359224711,0
1595994511.6801817,247.48056551332866,125.07746359224711,0
1595994511.6901677,249.27803179140483,125.07746359224711,0
1595994511.700185,251.08116289492045,125.07746359224711,0
1595994511.7101662,252.87777086611186,125.07746359224711,0
1595994511.7201822,254.68064447756205,125.07746359224711,0
1595994511.7301786,256.4799990307847,125.07746359224711,0
1595994511.7401834,258.2808556210557,125.07746359224711,0
1595994511.7501833,260.08085390444194,125.07746359224711,0
1595994511.760174,261.8791784894029,125.07746359224711,0
1595994511.7701836,263.68089338655864,125.07746359224711,0
1595994511.7801685,265.47818800325786,125.07746359224711,0
1595994511.7901819,267.28058954592143,125.07746359224711,0
1595994511.8001835,269.0808882367173,125.07746359224711,0
1595994511.810164,270.877367461876,125.07746359224711,0
1595994511.82017,272.6784386288682,125.07746359224711,0
1595994511.83017,274.47843691225444,125.07746359224711,0
1595994511.8401833,276.280838454918,125.07746359224711,0
1595994511.850166,278.0777468335191,125.07746359224711,0
1595994511.8601723,279.8788609158555,125.07746359224711,0
1595994511.8701808,281.6804041516343,125.07746359224711,0
1595994511.8801808,283.48040243502055,125.07746359224711,0
1595994511.8901806,285.28035780306254,125.07746359224711,0
1595994511.9001758,287.079497779564,125.07746359224711,0
1595994511.9101772,288.87975355501567,125.07746359224711,0
1595994511.9201725,290.67889353151713,125.07746359224711,0
1595994511.9301672,292.4779476773301,125.07746359224711,0
1595994511.9401677,294.2780317914048,125.07746359224711,0
1595994511.9501827,296.08073374147807,125.07746359224711,0
1595994511.9601843,297.88103243227397,125.07746359224711,0
1595994511.9701786,299.6800007473985,125.07746359224711,0
1595994511.9801702,301.47849699373637,125.07746359224711,0
1595994511.990168,303.27810903902446,125.07746359224711,0
1595994512.0001814,305.08051058168803,125.07746359224711,0
1595994512.010176,306.8795218121568,125.07746359224711,0
1595994512.0201674,308.67797514315043,125.07746359224711,0
1595994512.0301645,310.4774584424058,125.07746359224711,0
1595994512.0401688,312.2782292019883,125.07746359224711,0
1595994512.0501742,314.07921453829204,125.07746359224711,0
1595994512.0601735,315.87908407564555,125.07746359224711,0
1595994512.07017,317.6784386288682,125.07746359224711,0
1595994512.0801692,319.4783081662217,125.07746359224711,0
1595994512.0901694,321.2783493649522,125.07746359224711,0
1595994512.100183,323.08079382296,125.07746359224711,0
1595994512.110164,324.8773588788072,125.07746359224711,0
1595994512.120174,326.6791596066514,125.07746359224711,0
1595994512.1301706,328.4785570752183,125.07746359224711,0
1595994512.1401706,330.27855535860454,125.07746359224711,0
1595994512.1428397,330.7589926373521,125.07746359224711,0
1595994512.1428397,351.2276977912056,145.54616874610065,0
1595994512.150183,352.5494903937447,145.54616874610065,0
1595994512.1601737,354.3478149787056,145.54616874610065,0
1595994512.1701682,356.1468262091744,145.54616874610065,0
1595994512.1801713,357.9473823920357,145.54616874610065,0
1595994512.1901693,359.74703735266803,145.54616874610065,0
1595994512.1915796,360,145.54616874610065,1
1595994512.2001743,361.54793685828326,145.54616874610065,0
1595994512.2101655,363.3463472739327,145.54616874610065,0
1595994512.2201788,365.14874881659625,145.54616874610065,0
1595994512.2301779,366.94857543860553,145.54616874610065,0
1595994512.2401812,368.7491745368111,145.54616874610065,0
1595994512.2417128,369.0248627081978,145.54616874610065,0
1595994512.2417128,614.7074588124593,391.22876485036215,0
1595994512.2501817,616.2318547551473,391.22876485036215,0
1595994512.2601805,618.0316384618123,391.22876485036215,0
1595994512.2701788,619.8313363377889,391.22876485036215,0
1595994512.2801776,621.631120044454,391.22876485036215,0
1595994512.2901833,623.4321482961019,391.22876485036215,0
1595994512.30018,625.2315457646688,391.22876485036215,0
1595994512.3101768,627.0309861485799,391.22876485036215,0
1595994512.3201678,628.8293536488851,391.22876485036215,0
1595994512.3301644,630.628751117452,391.22876485036215,0
1595994512.340169,632.4295647923788,391.22876485036215,0
1595994512.350181,634.2317517583211,391.22876485036215,0
1595994512.360177,636.0310204808553,391.22876485036215,0
1595994512.3701768,637.8309758488973,391.22876485036215,0
1595994512.3801847,639.6323903386434,391.22876485036215,0
1595994512.390183,641.43208821462,391.22876485036215,0
1595994512.4001687,643.2295115773519,391.22876485036215,0
1595994512.4101734,645.0303681676229,391.22876485036215,0
1595994512.420169,646.8295939748128,391.22876485036215,0
1595994512.4301803,648.6316092793783,391.22876485036215,0
1595994512.4401793,650.4314359013875,391.22876485036215,0
1595994512.4501762,652.2308762852987,391.22876485036215,0
1595994512.4601657,654.0289862935384,391.22876485036215,0
1595994512.4701746,655.8305724446615,391.22876485036215,0
1595994512.4801712,657.6299699132284,391.22876485036215,0
1595994512.490171,659.4299252812704,391.22876485036215,0
1595994512.5001771,661.2310393636068,391.22876485036215,0
1595994512.5101736,663.0303939168294,391.22876485036215,0
1595994512.520164,664.8286755864461,391.22876485036215,0
1595994512.5301685,666.6294892613729,391.22876485036215,0
1595994512.5401769,668.4309895818075,391.22876485036215,0
1595994512.5501714,670.2300008122762,391.22876485036215,0
1595994512.5601704,672.0298274342855,391.22876485036215,0
1595994512.570177,673.8310273473104,391.22876485036215,0
1595994512.5801756,675.6307681386312,391.22876485036215,0
1595994512.5901716,677.4300368611654,391.22876485036215,0
1595994512.6001768,679.2309792821248,391.22876485036215,0
1595994512.6101704,681.0298188512166,391.22876485036215,0
1595994512.6201773,682.8310616795858,391.22876485036215,0
1595994512.6301765,684.6309312169393,391.22876485036215,0
1595994512.6401632,686.4285262410482,391.22876485036215,0
1595994512.6501718,688.230069476827,391.22876485036215,0
1595994512.6601796,690.0314839665731,391.22876485036215,0
1595994512.6701708,691.8298943822225,391.22876485036215,0
1595994512.6801796,693.6314805333456,391.22876485036215,0
1595994512.6901648,695.428818065389,391.22876485036215,0
1595994512.700163,697.2284730260213,391.22876485036215,0
1595994512.7101748,699.0306170766195,391.22876485036215,0
1595994512.7201724,700.8301862065633,391.22876485036215,0
1595994512.7301702,702.6297982518514,391.22876485036215,0
1595994512.7401664,704.4291098897298,391.22876485036215,0
1595994512.7501652,706.2288935963949,391.22876485036215,0
1595994512.7601783,708.0312522237142,391.22876485036215,0
1595994512.7701821,709.8319371526082,391.22876485036215,0
1595994512.7801805,711.6316350285848,391.22876485036215,0
1595994512.790167,713.4292300526937,391.22876485036215,0
1595994512.8001707,715.2298720662435,391.22876485036215,0
1595994512.810174,717.0304711644491,391.22876485036215,0
1595994512.8201733,718.8303407018026,391.22876485036215,0
1595994512.8301654,720.628922778829,391.22876485036215,0
1595994512.8401725,722.4302085225423,391.22876485036215,0
1595994512.8501718,724.2300780598958,391.22876485036215,0
1595994512.8601766,726.0309346501668,391.22876485036215,0
1595994512.8701787,727.8313191716512,391.22876485036215,0
1595994512.8801813,729.6317895238241,391.22876485036215,0
1595994512.890168,731.429384547933,391.22876485036215,0
1595994512.9001827,733.232043582662,391.22876485036215,0
1595994512.9101636,735.0286086385091,391.22876485036215,0
1595994512.9201694,736.8296368901571,391.22876485036215,0
1595994512.930184,738.6322530095418,391.22876485036215,0
1595994512.9401627,740.4284318272909,391.22876485036215,0
1595994512.9501662,742.2290738408407,391.22876485036215,0
1595994512.9601822,744.0319474522909,391.22876485036215,0
1595994512.9701645,745.8287700002035,391.22876485036215,0
1595994512.9801779,747.631171542867,391.22876485036215,0
1595994512.990167,749.4291957204183,391.22876485036215,0
1595994513.0001843,751.2323268239339,391.22876485036215,0
1595994513.0001843,0,391.22876485036215,0
1595994513.0101933,33.03039391682944,31.228764850362154,0
1595994513.0201843,34.828761417134615,31.228764850362154,0
1595994513.030187,36.62923176930747,31.228764850362154,0
1595994513.0401914,38.430045444234224,31.228764850362154,0
1595994513.0502026,40.232060748799654,31.228764850362154,0
1595994513.060203,42.03214486287436,31.228764850362154,0
1595994513.0702002,43.83162816212973,31.228764850362154,0
1595994513.0801969,45.63102563069663,31.228764850362154,0
1595994513.0901852,47.42892106221518,31.228764850362154,0
1595994513.1001847,49.228833514912935,31.228764850362154,0
1595994513.1102057,51.032608348592134,31.228764850362154,0
1595994513.1201985,52.83131917165122,31.228764850362154,0
1595994513.1302013,54.631832439168306,31.228764850362154,0
1595994513.1401877,56.429384547932955,31.228764850362154,0
1595994513.1502044,58.232386905415865,31.228764850362154,0
1595994513.1602018,60.031913120015474,31.228764850362154,0
1595994513.1701984,61.83131058858237,31.228764850362154,0
1595994513.1801863,63.62912018941245,31.228764850362154,0
1595994513.1901999,65.43156464742026,31.228764850362154,0
1595994513.2001994,67.23147710011801,31.228764850362154,0
1595994513.210191,69.0299733464559,31.228764850362154,0
1595994513.2201874,70.82932789967856,31.228764850362154,0
1595994513.2301924,72.6302274052938,31.228764850362154,0
1595994513.2401874,74.42932446645102,31.228764850362154,0
1595994513.2501855,76.22897942708335,31.228764850362154,0
1595994513.2601852,78.02893479512534,31.228764850362154,0
1595994513.2702005,79.83167966054282,31.228764850362154,0
1595994513.2802052,81.63253625081381,31.228764850362154,0
1595994513.2901983,83.43128998921713,31.228764850362154,0
1595994513.3001907,85.22991498158774,31.228764850362154,0
1595994513.3102002,87.0316298787435,31.228764850362154,0
1595994513.320194,88.83051236317954,31.228764850362154,0
1595994513.330204,90.63231309102378,31.228764850362154,0
1595994513.3401937,92.43046601460776,31.228764850362154,0
1595994513.3501976,94.2311509435018,31.228764850362154,0
1595994513.360204,96.03230794118247,31.228764850362154,0
1595994513.3702037,97.83226330922446,31.228764850362154,0
1595994513.3802056,99.6326049153646,31.228764850362154,0
1595994513.390201,101.4317878072103,31.228764850362154,0
1595994513.4001963,103.23092778371176,31.228764850362154,0
1595994513.4102037,105.03225644276938,31.228764850362154,0
1595994513.4201899,106.82976563618979,31.228764850362154,0
1595994513.4301968,108.63100846455893,31.228764850362154,0
1595994513.440186,110.42907555745444,31.228764850362154,0
1595994513.4501934,112.23040421651206,31.228764850362154,0
1595994513.460195,114.03070290730795,31.228764850362154,0
1595994513.4701872,115.82928498433432,31.228764850362154,0
1595994513.4801888,117.62958367513022,31.228764850362154,0
1595994513.4902031,119.43215687917075,31.228764850362154,0
1595994513.5002015,121.23185475514731,31.228764850362154,0
1595994513.5101988,123.03138096974692,31.228764850362154,0
1595994513.520185,124.82889016316733,31.228764850362154,0
1595994513.5302038,126.63227875874838,31.228764850362154,0
1595994513.540198,128.4312470738729,31.228764850362154,0
1595994513.5501926,130.23025830434165,31.228764850362154,0
1595994513.5601926,132.03025658772788,31.228764850362154,0
1595994513.5701928,133.83029778645835,31.228764850362154,0
1595994513.5801904,135.6298669164022,31.228764850362154,0
1595994513.5901954,137.43076642201743,31.228764850362154,0
1595994513.6001906,139.2299063985189,31.228764850362154,0
1595994513.6101885,141.02951844380698,31.228764850362154,0
1595994513.6201956,142.83080418752036,31.228764850362154,0
1595994513.6301847,144.62882836507163,31.228764850362154,0
1595994513.6401916,146.43007119344077,31.228764850362154,0
1595994513.6502006,148.23170025990805,31.228764850362154,0
1595994513.660199,150.03139813588461,31.228764850362154,0
1595994513.6702032,151.83216889546713,31.228764850362154,0
1595994513.6801977,153.63118012593588,31.228764850362154,0
1595994513.6901982,155.4312642400106,31.228764850362154,0
1595994513.7001956,157.2307904546102,31.228764850362154,0
1595994513.7101936,159.03044541524253,31.228764850362154,0
1595994513.7201846,160.8288129155477,31.228764850362154,0
1595994513.7301838,162.62868245290122,31.228764850362154,0
1595994513.7401888,164.42958195851645,31.228764850362154,0
1595994513.7502036,166.23224099324545,31.228764850362154,0
1595994513.7601948,168.03065140889487,31.228764850362154,0
1595994513.7701936,169.8304351155599,31.228764850362154,0
1595994513.7802005,171.63167794392905,31.228764850362154,0
1595994513.7901947,173.43064625905356,31.228764850362154,0
1595994513.8002005,175.2316745107015,31.228764850362154,0
1595994513.8101947,177.03064282582602,31.228764850362154,0
1595994513.8201935,178.83042653249106,31.228764850362154,0
1595994513.8302019,180.63192685292563,31.228764850362154,0
1595994513.8401868,182.42922146962485,31.228764850362154,0
1595994513.8501916,184.23007805989585,31.228764850362154,0
1595994513.8602023,186.0320075337728,31.228764850362154,0
1595994513.8701866,187.8291734044393,31.228764850362154,0
1595994513.8801904,189.62985833333335,31.228764850362154,0
1595994513.8901963,191.43092950032553,31.228764850362154,0
1595994513.9002023,193.23200066731772,31.228764850362154,0
1595994513.9102008,195.03174145863852,31.228764850362154,0
1595994513.9202006,196.8316968266805,31.228764850362154,0
1595994513.9301894,198.62967808888754,31.228764850362154,0
1595994513.940189,200.4295905415853,31.228764850362154,0
1595994513.9502006,202.2316916768392,31.228764850362154,0
1595994513.960188,204.0294154469808,31.228764850362154,0
1595994513.9701872,205.82928498433432,31.228764850362154,0
1595994513.980188,207.62941201375327,31.228764850362154,0
1595994513.9901867,209.4291957204183,31.228764850362154,0
1595994514.0001974,211.23112519429526,31.228764850362154,0
1595994514.010204,213.03232510732016,31.228764850362154,0
1595994514.0201912,214.83000596211753,31.228764850362154,0
1595994514.0301862,216.62910302327475,31.228764850362154,0
1595994514.0401947,218.43064625905356,31.228764850362154,0
1595994514.0501924,220.2302153889974,31.228764850362154,0
1595994514.0601916,222.03008492635092,31.228764850362154,0
1595994514.070201,223.83175690816245,31.228764850362154,0
1595994514.0801988,225.63136895345053,31.228764850362154,0
1595994514.090194,227.430508929952,31.228764850362154,0
1595994514.1002,229.23158009694419,31.228764850362154,0
1595994514.1102002,231.03162129567465,31.228764850362154,0
1595994514.1201909,232.8299458806356,31.228764850362154,0
1595994514.1301951,234.6307166402181,31.228764850362154,0
1595994514.1401849,236.4288695638021,31.228764850362154,0
1595994514.1502004,238.2316573445638,31.228764850362154,0
1595994514.1601899,240.02976735280356,31.228764850362154,0
1595994514.1701834,241.82860692189536,31.228764850362154,0
1595994514.1801999,243.63156636403403,31.228764850362154,0
1595994514.190195,245.4307063405355,31.228764850362154,0
1595994514.2001975,247.2311337773641,31.228764850362154,0
1595994514.2101922,249.0301879231771,31.228764850362154,0
1595994514.2201967,250.83100159810385,31.228764850362154,0
1595994514.2301936,252.630441982015,31.228764850362154,0
1595994514.240188,254.4294102971395,31.228764850362154,0
1595994514.2418168,254.72260792897544,31.228764850362154,0
1595994514.2418168,328.41678237869263,104.92293930007935,0
1595994514.2501938,329.9246559138489,104.92293930007935,0
1595994514.2602038,331.7264566416931,104.92293930007935,0
1595994514.2701974,333.5252962107849,104.92293930007935,0
1595994514.280204,335.3264961238098,104.92293930007935,0
1595994514.2901928,337.12447738601685,104.92293930007935,0
1595994514.296932,338.3375225062561,104.92293930007935,0
1595994514.296932,353.50125675187684,120.08667354570008,0
1595994514.3001974,354.08902530656434,120.08667354570008,0
1595994514.3102036,355.89013938890076,120.08667354570008,0
1595994514.3201885,357.6874340056,120.08667354570008,0
1595994514.3301852,359.4868314741669,120.08667354570008,0
1595994514.3330493,360,120.08667354570008,1
1595994514.3401833,361.2864864347992,120.08667354570008,0
1595994514.350205,363.0903900145111,120.08667354570008,0
1595994514.360189,364.8875129698334,120.08667354570008,0
1595994514.3701854,366.68686752305604,120.08667354570008,0
1595994514.380203,368.4900415419159,120.08667354570008,0
1595994514.39019,370.287679481369,120.08667354570008,0
1595994514.4001858,372.0869482039032,120.08667354570008,0
1595994514.4101918,373.8880193708954,120.08667354570008,0
1595994514.420185,375.68681602464295,120.08667354570008,0
1595994514.4301877,377.4872863768158,120.08667354570008,0
1595994514.4402032,379.2900741575775,120.08667354570008,0
1595994514.4501984,381.089214134079,120.08667354570008,0
1595994514.4601994,382.88938407884217,120.08667354570008,0
1595994514.470192,384.688051986557,120.08667354570008,0
1595994514.480202,386.48985271440125,120.08667354570008,0
1595994514.4902005,388.28959350572205,120.08667354570008,0
1595994514.500183,390.0864589689789,120.08667354570008,0
1595994514.5101979,391.8891180037079,120.08667354570008,0
1595994514.520191,393.6878717421112,120.08667354570008,0
1595994514.530189,395.48752670274354,120.08667354570008,0
1595994514.540187,397.2871387480316,120.08667354570008,0
1595994514.5501924,399.08812408433533,120.08667354570008,0
1595994514.5602012,400.8897102354584,120.08667354570008,0
1595994514.5701995,402.68940811143494,120.08667354570008,0
1595994514.5801961,404.48880558000184,120.08667354570008,0
1595994514.5901883,406.2873876570282,120.08667354570008,0
1595994514.600194,408.08841590867615,120.08667354570008,0
1595994514.6101937,409.88837127671815,120.08667354570008,0
1595994514.620204,411.6902149199066,120.08667354570008,0
1595994514.630194,413.48841075883485,120.08667354570008,0
1595994514.6402025,415.28995399461365,120.08667354570008,0
1595994514.6502016,417.08978061662293,120.08667354570008,0
1595994514.6601837,418.8865602491913,120.08667354570008,0
1595994514.6701934,420.6883180616913,120.08667354570008,0
1595994514.6801941,422.48844509111024,120.08667354570008,0
1595994514.6901975,424.2890441893158,120.08667354570008,0
1595994514.7001994,426.08938579545594,120.08667354570008,0
1595994514.7101843,427.88668041215516,120.08667354570008,0
1595994514.7202008,429.68963985429383,120.08667354570008,0
1595994514.7301924,431.4881361006317,120.08667354570008,0
1595994514.740191,433.2878768919525,120.08667354570008,0
1595994514.7501965,435.08886222825623,120.08667354570008,0
1595994514.7602,436.88950424180604,120.08667354570008,0
1595994514.7702026,438.6899745939789,120.08667354570008,0
1595994514.7801979,440.48911457048035,120.08667354570008,0
1595994514.7901964,442.28885536180115,120.08667354570008,0
1595994514.8001945,444.0885103224335,120.08667354570008,0
1595994514.8101888,445.887478637558,120.08667354570008,0
1595994514.8201852,447.68683319078065,120.08667354570008,0
1595994514.830197,449.4889772413788,120.08667354570008,0
1595994514.8401842,451.28665809617615,120.08667354570008,0
1595994514.8501997,453.0894458769379,120.08667354570008,0
1595994514.860188,454.8873413084564,120.08667354570008,0
1595994514.870188,456.68733959184266,120.08667354570008,0
1595994514.8801892,458.4875524519501,120.08667354570008,0
1595994514.8901849,460.28677825914,120.08667354570008,0
1595994514.9002047,462.09033851609803,120.08667354570008,0
1595994514.9101908,463.88784770951844,120.08667354570008,0
1595994514.920193,465.6882322310028,120.08667354570008,0
1595994514.9301898,467.48767261491395,120.08667354570008,0
1595994514.9401894,469.2875850676117,120.08667354570008,0
1595994514.9501915,471.0879695890961,120.08667354570008,0
1595994514.9601908,472.8878391264496,120.08667354570008,0
1595994514.9701836,474.6865499495087,120.08667354570008,0
1595994514.9801838,476.48659114823914,120.08667354570008,0
1595994514.990194,478.2884347914276,120.08667354570008,0
1595994515.0001855,480.08688812242127,120.08667354570008,0
1595994515.0001855,0,120.08667354570008,0
1595994515.010205,121.89019088731385,120.08667354570008,0
1595994515.0201976,123.6888587950287,120.08667354570008,0
1595994515.0302067,125.49048786149598,120.08667354570008,0
1595994515.040193,127.28803997026063,120.08667354570008,0
1595994515.0502005,129.08936862931824,120.08667354570008,0
1595994515.0601938,130.8881652830658,120.08667354570008,0
1595994515.0702019,132.68962268815613,120.08667354570008,0
1595994515.080194,134.4882047651825,120.08667354570008,0
1595994515.090204,136.29000549302674,120.08667354570008,0
1595994515.1001987,138.08905963883973,120.08667354570008,0
1595994515.1101863,139.88682632432557,120.08667354570008,0
1595994515.120189,141.68729667649842,120.08667354570008,0
1595994515.130189,143.48729495988465,120.08667354570008,0
1595994515.1402054,145.29025440202332,120.08667354570008,0
1595994515.1502006,147.0893943785248,120.08667354570008,0
1595994515.160196,148.8885772703705,120.08667354570008,0
1595994515.1701975,150.68883304582215,120.08667354570008,0
1595994515.1801865,152.48685722337342,120.08667354570008,0
1595994515.1901977,154.28887252793885,120.08667354570008,0
1595994515.200205,156.09020118699647,120.08667354570008,0
1595994515.2101905,157.88758163438416,120.08667354570008,0
1595994515.2201898,159.68745117173768,120.08667354570008,0
1595994515.230195,161.48839359269715,120.08667354570008,0
1595994515.2401917,163.28779106126404,120.08667354570008,0
1595994515.2502017,165.08959178910828,120.08667354570008,0
1595994515.260194,166.8882167814789,120.08667354570008,0
1595994515.2702034,168.6898887632904,120.08667354570008,0
1595994515.2802052,170.49023036943055,120.08667354570008,0
1595994515.2902062,172.29040031419373,120.08667354570008,0
1595994515.3001997,174.08923988328553,120.08667354570008,0
1595994515.3101997,175.88923816667176,120.08667354570008,0
1595994515.3201861,177.6867902754364,120.08667354570008,0
1595994515.3302064,179.4904363630829,120.08667354570008,0
1595994515.3401923,181.28790264115906,120.08667354570008,0
1595994515.3501892,183.0873430250702,120.08667354570008,0
1595994515.3602033,184.8898733137665,120.08667354570008,0
1595994515.3701987,186.6890562056122,120.08667354570008,0
1595994515.3801997,188.48922615037537,120.08667354570008,0
1595994515.390195,190.28836612687684,120.08667354570008,0
1595994515.4001873,192.08699111924744,120.08667354570008,0
1595994515.4102027,193.88977890000916,120.08667354570008,0
1595994515.4201958,195.68853263841248,120.08667354570008,0
1595994515.4301956,197.48848800645447,120.08667354570008,0
1595994515.4402022,199.28968791947938,120.08667354570008,0
1595994515.450191,201.0876691816864,120.08667354570008,0
1595994515.46019,202.88749580369569,120.08667354570008,0
1595994515.470195,204.68839530931092,120.08667354570008,0
1595994515.4801857,206.48671989427186,120.08667354570008,0
1595994515.4901943,208.28826313005067,120.08667354570008,0
1595994515.5001965,210.08864765153504,120.08667354570008,0
1595994515.510192,211.88783054338074,120.08667354570008,0
1595994515.5201933,213.6880863188324,120.08667354570008,0
1595994515.5302057,215.49031620011903,120.08667354570008,0
1595994515.540204,217.2900140760956,120.08667354570008,0
1595994515.550193,219.08803825364686,120.08667354570008,0
1595994515.560189,220.88730697618104,120.08667354570008,0
1595994515.5701914,222.68773441300965,120.08667354570008,0
1595994515.580205,224.49017887101746,120.08667354570008,0
1595994515.5901852,226.28661518083192,120.08667354570008,0
1595994515.6001954,228.0884588240204,120.08667354570008,0
1595994515.6101875,229.88704090104676,120.08667354570008,0
1595994515.6202016,231.68957118974305,120.08667354570008,0
1595994515.6301897,233.48742370591737,120.08667354570008,0
1595994515.6401927,235.2879798887787,120.08667354570008,0
1595994515.6501987,237.08905105577088,120.08667354570008,0
1595994515.660196,238.8885772703705,120.08667354570008,0
1595994515.6701922,240.6878889082489,120.08667354570008,0
1595994515.6801999,242.48926048265076,120.08667354570008,0
1595994515.6901963,244.28861503587342,120.08667354570008,0
1595994515.7001994,246.08917121873475,120.08667354570008,0
1595994515.7102048,247.89015655503846,120.08667354570008,0
1595994515.7201974,249.6888244627533,120.08667354570008,0
1595994515.7302058,251.49032478318787,120.08667354570008,0
1595994515.7402043,253.29006557450867,120.08667354570008,0
1595994515.750206,255.09036426530457,120.08667354570008,0
1595994515.7602067,256.8904912947235,120.08667354570008,0
1595994515.770186,258.686755943161,120.08667354570008,0
1595994515.7801895,260.4873979567108,120.08667354570008,0
1595994515.7901852,262.28662376390076,120.08667354570008,0
1595994515.800197,264.08872489915467,120.08667354570008,0
1595994515.810202,265.8896244047699,120.08667354570008,0
1595994515.8201897,267.6874340056,120.08667354570008,0
1595994515.8301938,269.48816184983826,120.08667354570008,0
1595994515.840199,271.28910427079774,120.08667354570008,0
1595994515.8501909,273.08764343247987,120.08667354570008,0
1595994515.8601995,274.8891866682587,120.08667354570008,0
1595994515.8702004,276.68935661302186,120.08667354570008,0
1595994515.8801923,278.487895774704,120.08667354570008,0
1595994515.890188,280.2871215818939,120.08667354570008,0
1595994515.900198,282.08892230973817,120.08667354570008,0
1595994515.9102008,283.88943557725526,120.08667354570008,0
1595994515.9201887,285.68724517808533,120.08667354570008,0
1595994515.930197,287.4887454985199,120.08667354570008,0
1595994515.9401915,289.28775672898865,120.08667354570008,0
1595994515.9501903,291.0875404356537,120.08667354570008,0
1595994515.9601958,292.8885257719574,120.08667354570008,0
1595994515.970192,294.6878374098358,120.08667354570008,0
1595994515.980191,296.4876640318451,120.08667354570008,0
1595994515.990204,298.29002265916444,120.08667354570008,0
1595994516.0001867,300.08688812242127,120.08667354570008,0
1595994516.0101857,301.88671474443055,120.08667354570008,0
1595994516.0201845,303.6864984510956,120.08667354570008,0
1595994516.0301943,305.4882562635956,120.08667354570008,0
1595994516.0401978,307.2888982771454,120.08667354570008,0
1595994516.0501904,309.08756618486024,120.08667354570008,0
1595994516.060193,310.8880365370331,120.08667354570008,0
1595994516.0701869,312.6869190214691,120.08667354570008,0
1595994516.080186,314.4867456434784,120.08667354570008,0
1595994516.090191,316.28764514909363,120.08667354570008,0
1595994516.1002035,318.0899179457245,120.08667354570008,0
1595994516.1102028,319.889787483078,120.08667354570008,0
1595994516.1201994,321.6891849516449,120.08667354570008,0
1595994516.130192,323.48785285935975,120.08667354570008,0
1595994516.1401894,325.28737907395936,120.08667354570008,0
1595994516.1501994,327.0891798018036,120.08667354570008,0
1595994516.160189,328.88728981004334,120.08667354570008,0
1595994516.170197,330.6887472151337,120.08667354570008,0
1595994516.1802058,332.4903333662567,120.08667354570008,0
1595994516.1901886,334.2872417448578,120.08667354570008,0
1595994516.200199,336.08908538804627,120.08667354570008,0
1595994516.2102048,337.89015655503846,120.08667354570008,0
1595994516.220192,339.6878374098358,120.08667354570008,0
1595994516.2302003,341.4893377302704,120.08667354570008,0
1595994516.2402034,343.2898939131317,120.08667354570008,0
1595994516.2502024,345.089720535141,120.08667354570008,0
1595994516.2601864,346.88684349046326,120.08667354570008,0
1595994516.2701876,348.6870563505707,120.08667354570008,0
1595994516.2802002,350.48932914720154,120.08667354570008,0
1595994516.2901928,352.2879970549164,120.08667354570008,0
1595994516.3001966,354.08868198381043,120.08667354570008,0
1595994516.3102028,355.88979606614686,120.08667354570008,0
1595994516.3201954,357.6884639738617,120.08667354570008,0
1595994516.3301866,359.4868743895111,120.08667354570008,0
1595994516.333039,360,120.08667354570008,1
1595994516.3402064,361.2904346464691,120.08667354570008,0
1595994516.350204,363.09000377641297,120.08667354570008,0
1595994516.3601992,364.88914375291444,120.08667354570008,0
1595994516.370189,366.6872966764984,120.08667354570008,0
1595994516.3801918,368.4878099440155,120.08667354570008,0
1595994516.3902051,370.2902114866791,120.08667354570008,0
1595994516.3957987,371.2970483778534,120.08667354570008,0
1595994516.3957987,615.3891145133559,364.17873968120267,0
1595994516.4001882,616.1792289161269,364.17873968120267,0
1595994516.4101963,617.9806863212173,364.17873968120267,0
1595994516.420189,619.7793542289321,364.17873968120267,0
1595994516.4302008,621.5814982795303,364.17873968120267,0
1595994516.4384,623.0573569678847,364.17873968120267,0
1595994516.4384,690.9172070903654,432.03858980368335,0
1595994516.440203,691.2417329234954,432.03858980368335,0
1595994516.45019,693.0394137782928,432.03858980368335,0
1595994516.460188,694.8390258235809,432.03858980368335,0
1595994516.4702032,696.6417706889983,432.03858980368335,0
1595994516.480188,698.4390223903533,432.03858980368335,0
1595994516.4901912,700.2396214885589,432.03858980368335,0
1595994516.5001934,702.0400060100433,432.03858980368335,0
1595994516.5101974,703.8407338542816,432.03858980368335,0
1595994516.5201943,705.6401742381927,432.03858980368335,0
1595994516.5301933,707.440000860202,432.03858980368335,0
1595994516.5401902,709.2394412441131,432.03858980368335,0
1595994516.5501862,711.0387099666473,432.03858980368335,0
1595994516.5601945,712.8402102870818,432.03858980368335,0
1595994516.570199,714.6410239620086,432.03858980368335,0
1595994516.5801852,716.438533155429,432.03858980368335,0
1595994516.5902011,718.2414067668792,432.03858980368335,0
1595994516.6001992,720.0410617275115,432.03858980368335,0
1595994516.6101925,721.8398583812591,432.03858980368335,0
1595994516.6201966,723.6405862254974,432.03858980368335,0
1595994516.6302009,725.4413569850799,432.03858980368335,0
1595994516.6401846,727.2384370250579,432.03858980368335,0
1595994516.6501875,729.038950292575,432.03858980368335,0
1595994516.6601954,730.8403647823211,432.03858980368335,0
1595994516.6701896,732.6393330974456,432.03858980368335,0
1595994516.680203,734.4417346401092,432.03858980368335,0
1595994516.6901877,736.2389863414642,432.03858980368335,0
1595994516.7002017,738.0415166301605,432.03858980368335,0
1595994516.7101989,739.8409999294158,432.03858980368335,0
1595994516.7202024,741.6416419429656,432.03858980368335,0
1595994516.7301915,743.4396661205169,432.03858980368335,0
1595994516.7401888,745.2391923351165,432.03858980368335,0
1595994516.7502005,747.0412934703704,432.03858980368335,0
1595994516.7601838,748.83828767966,432.03858980368335,0
1595994516.7701902,750.6394446773406,432.03858980368335,0
1595994516.7801838,752.4382842464324,432.03858980368335,0
1595994516.7901876,754.2389691753265,432.03858980368335,0
1595994516.800195,756.0402978343841,432.03858980368335,0
1595994516.810188,757.8390515727874,432.03858980368335,0
1595994516.8202028,759.6417106075164,432.03858980368335,0
1595994516.8301983,761.4408934993621,432.03858980368335,0
1595994516.8401878,763.2390035076019,432.03858980368335,0
1595994516.8501856,765.03861555289,432.03858980368335,0
1595994516.860192,766.8397725505706,432.03858980368335,0
1595994516.8701856,768.6386121196624,432.03858980368335,0
1595994516.8802044,770.4420007152435,432.03858980368335,0
1595994516.8901916,772.2396815700408,432.03858980368335,0
1595994516.900192,774.0397656841155,432.03858980368335,0
1595994516.9101856,775.8386052532073,432.03858980368335,0
1595994516.9201956,777.6404059810516,432.03858980368335,0
1595994516.930205,779.4421208782073,432.03858980368335,0
1595994516.9401908,781.2395442409393,432.03858980368335,0
1595994516.9501991,783.0410445613738,432.03858980368335,0
1595994516.9601836,784.8382533473846,432.03858980368335,0
1595994516.970184,786.6383374614593,432.03858980368335,0
1595994516.9801903,788.4394515437957,432.03858980368335,0
1595994516.9901974,790.2407372875091,432.03858980368335,0
1595994517.000189,792.039233533847,432.03858980368335,0
1595994517.000189,0,432.03858980368335,0
1595994517.010209,73.8421929759856,72.03858980368335,0
1595994517.0202024,75.64098962973316,72.03858980368335,0
1595994517.0302048,77.44141706656177,72.03858980368335,0
1595994517.0310316,77.59024748038013,72.03858980368335,0
1595994517.0310316,275.27707424411403,269.72541656741726,0
1595994517.0402086,276.9289287591897,269.72541656741726,0
1595994517.0501957,278.7266096139871,269.72541656741726,0
1595994517.0601943,280.5263504053079,269.72541656741726,0
1595994517.0702002,282.32742157230007,269.72541656741726,0
1595994517.0801907,284.12570324191677,269.72541656741726,0
1595994517.0902004,285.92746105441677,269.72541656741726,0
1595994517.1002038,287.72806015262233,269.72541656741726,0
1595994517.110209,289.5290025735818,269.72541656741726,0
1595994517.1202097,291.32912960300075,269.72541656741726,0
1595994517.1301973,293.1268962884866,269.72541656741726,0
1595994517.1402028,294.9278816247903,269.72541656741726,0
1595994517.1501973,296.72689285525905,269.72541656741726,0
1595994517.1602092,298.5290369058572,269.72541656741726,0
1595994517.1702054,300.3283485437356,269.72541656741726,0
1595994517.1801918,302.12590065250026,269.72541656741726,0
1595994517.190209,303.92898884067165,269.72541656741726,0
1595994517.20021,305.7292017007791,269.72541656741726,0
1595994517.2102003,307.52744045505153,269.72541656741726,0
1595994517.2201982,309.3270525003396,269.72541656741726,0
1595994517.2301905,311.1256774927102,269.72541656741726,0
1595994517.2402046,312.9282077814065,269.72541656741726,0
1595994517.2501926,314.72606029758083,269.72541656741726,0
1595994517.2602,316.52738895663845,269.72541656741726,0
1595994517.2702074,318.32871761569606,269.72541656741726,0
1595994517.280201,320.12755718478786,269.72541656741726,0
1595994517.290208,321.92884292850124,269.72541656741726,0
1595994517.3001957,323.7266096139871,269.72541656741726,0
1595994517.3102021,325.52776661166774,269.72541656741726,0
1595994517.320207,327.328666117283,269.72541656741726,0
1595994517.3302007,329.1275056863748,269.72541656741726,0
1595994517.3401935,330.92621650943386,269.72541656741726,0
1595994517.3502088,332.72896137485134,269.72541656741726,0
1595994517.360207,334.5286592508279,269.72541656741726,0
1595994517.370202,336.3277563119851,269.72541656741726,0
1595994517.380196,338.1266817117654,269.72541656741726,0
1595994517.3901894,339.92547836551296,269.72541656741726,0
1595994517.4001958,341.7266353631936,269.72541656741726,0
1595994517.410202,343.52774944553005,269.72541656741726,0
1595994517.4201958,345.3266319299661,269.72541656741726,0
1595994517.4301896,347.1255144144021,269.72541656741726,0
1595994517.4401937,348.9262422586404,269.72541656741726,0
1595994517.4501922,350.7259830499612,269.72541656741726,0
1595994517.4574087,352.0249446893655,269.72541656741726,0
1595994517.4574087,357.60748340680965,275.3079552848614,0
1595994517.4601896,358.10804798200496,275.3079552848614,0
1595994517.4701972,359.9094195564068,275.3079552848614,0
1595994517.4707038,360,275.3079552848614,1
1595994517.4802089,361.7115206916607,275.3079552848614,0
1595994517.4901972,363.5094161231793,275.3079552848614,0
1595994517.500192,365.30847026899227,275.3079552848614,0
1595994517.5101962,367.1092410285748,275.3079552848614,0
1595994517.520203,368.9104838569439,275.3079552848614,0
1595994517.5302095,370.7116408546246,275.3079552848614,0
1595994517.5402002,372.5099654395855,275.3079552848614,0
1595994517.5502095,374.31163742139705,275.3079552848614,0
1595994517.5602021,376.1103053291119,275.3079552848614,0
1595994517.570191,377.9082865913189,275.3079552848614,0
1595994517.5801902,379.70815612867244,275.3079552848614,0
1595994517.5902,381.50991394117244,275.3079552848614,0
1595994517.6002004,383.30999805524715,275.3079552848614,0
1595994517.610198,385.109567185191,275.3079552848614,0
1595994517.6202102,386.9117541511334,275.3079552848614,0
1595994517.630204,388.7106366355694,275.3079552848614,0
1595994517.6401925,390.5085749824322,275.3079552848614,0
