Type = Mirollor Strogatz (-ish),Function = Mirollor Strogatz,Refract = 0.1,Epsilon = 0.1,B = 5,Start_phase = 180
Timestamp,Phase,Offset,Ping?
1595821290.0000234,180,0,0
1595821290.010032,181.8005132675171,1.0,0
1595821290.020041,183.60214233398438,1.0,0
1595821290.0300364,185.40132522583008,1.0,0
1595821290.0400352,187.20110893249512,1.0,0
1595821290.0500376,189.00153636932373,1.0,0
1595821290.0600405,190.80204963684082,1.0,0
1595821290.0700355,192.60114669799805,1.0,0
1595821290.0800347,194.40101623535156,1.0,0
1595821290.0900328,196.2006711959839,1.0,0
1595821290.1000342,198.00092697143555,1.0,0
1595821290.1100428,199.80247020721436,1.0,0
1595821290.120042,201.60233974456787,1.0,0
1595821290.1300366,203.40135097503662,1.0,0
1595821290.1400392,205.20182132720947,1.0,0
1595821290.1500432,207.00254917144775,1.0,0
1595821290.1600456,208.80297660827637,1.0,0
1595821290.1700337,210.60082912445068,1.0,0
1595821290.1800418,212.40228652954102,1.0,0
1595821290.1900373,214.20146942138672,1.0,0
1595821290.2000332,216.0007381439209,1.0,0
1595821290.2100394,217.80185222625732,1.0,0
1595821290.2200377,219.6015501022339,1.0,0
1595821290.2300367,221.40137672424316,1.0,0
1595821290.240031,223.20034503936768,1.0,0
1595821290.2500405,225.00205993652344,1.0,0
1595821290.2600317,226.80047035217285,1.0,0
1595821290.2700338,228.60085487365723,1.0,0
1595821290.2800438,230.40265560150146,1.0,0
1595821290.2900422,232.20235347747803,1.0,0
1595821290.3000414,234.00222301483154,1.0,0
1595821290.3100405,235.80204963684082,1.0,0
1595821290.320037,237.60140419006348,1.0,0
1595821290.330039,239.40178871154785,1.0,0
1595821290.3400443,241.20273113250732,1.0,0
1595821290.3500328,243.00066947937012,1.0,0
1595821290.3600414,244.80221271514893,1.0,0
1595821290.3700345,246.60096645355225,1.0,0
1595821290.3800437,248.40263843536377,1.0,0
1595821290.3900366,250.20134925842285,1.0,0
1595821290.4000297,252.00010299682617,1.0,0
1595821290.4100475,253.80331993103027,1.0,0
1595821290.4200435,255.60258865356445,1.0,0
1595821290.4300466,257.4031448364258,1.0,0
1595821290.4400382,259.2016410827637,1.0,0
1595821290.4500413,261.002197265625,1.0,0
1595821290.4600408,262.80210971832275,1.0,0
1595821290.4700418,264.60227966308594,1.0,0
1595821290.480044,266.4026641845703,1.0,0
1595821290.4900296,268.20008754730225,1.0,0
1595821290.500041,270.0021457672119,1.0,0
1595821290.5100343,271.8009424209595,1.0,0
1595821290.5200317,273.6004686355591,1.0,0
1595821290.5300333,275.400767326355,1.0,0
1595821290.5400386,277.20170974731445,1.0,0
1595821290.5500467,279.0031671524048,1.0,0
1595821290.56004,280.80196380615234,1.0,0
1595821290.570029,282.5999879837036,1.0,0
1595821290.5800347,284.40101623535156,1.0,0
1595821290.5900445,286.20277404785156,1.0,0
1595821290.6000395,288.0018711090088,1.0,0
1595821290.610044,289.80268478393555,1.0,0
1595821290.62004,291.6019535064697,1.0,0
1595821290.6300368,293.40139389038086,1.0,0
1595821290.6400409,295.20212173461914,1.0,0
1595821290.6500309,297.00031757354736,1.0,0
1595821290.6600347,298.8010025024414,1.0,0
1595821290.6700304,300.60022830963135,1.0,0
1595821290.6800385,302.4016857147217,1.0,0
1595821290.690031,304.2003536224365,1.0,0
1595821290.7000403,306.00202560424805,1.0,0
1595821290.710036,307.801251411438,1.0,0
1595821290.720039,309.6017646789551,1.0,0
1595821290.730032,311.4005184173584,1.0,0
1595821290.7400434,313.20257663726807,1.0,0
1595821290.7500374,315.00150203704834,1.0,0
1595821290.7600412,316.8021869659424,1.0,0
1595821290.7700286,318.599910736084,1.0,0
1595821290.7800288,320.39995193481445,1.0,0
1595821290.7900398,322.20192432403564,1.0,0
1595821290.8000364,324.00132179260254,1.0,0
1595821290.8100336,325.8008050918579,1.0,0
1595821290.820045,327.6028633117676,1.0,0
1595821290.8300295,329.4000720977783,1.0,0
1595821290.840041,331.202130317688,1.0,0
1595821290.8500395,333.0018711090088,1.0,0
1595821290.860029,334.79998111724854,1.0,0
1595821290.8700318,336.6004943847656,1.0,0
1595821290.8800356,338.40117931365967,1.0,0
1595821290.8900456,340.2029800415039,1.0,0
1595821290.900046,342.0030641555786,1.0,0
1595821290.9100401,343.8019895553589,1.0,0
1595821290.9200282,345.5998420715332,1.0,0
1595821290.9300337,347.4008274078369,1.0,0
1595821290.9400437,349.20262813568115,1.0,0
1595821290.9500403,351.00202560424805,1.0,0
1595821290.9600344,352.8009510040283,1.0,0
1595821290.9700346,354.6009922027588,1.0,0
1595821290.9800282,356.3998317718506,1.0,0
1595821290.9900458,358.20300579071045,1.0,0
1595821291.0000288,359.99995708465576,1.0,0
1595821291.0000525,360,1.0,1
1595821291.0000525,0,0,0
1595821291.0100646,1.8021869659423828,0,0
1595821291.0200806,3.605060577392578,0,0
1595821291.0300677,5.402741432189941,0,0
1595821291.0400624,7.20179557800293,0,0
1595821291.0500724,9.003596305847168,0,0
1595821291.060068,10.802779197692871,0,0
1595821291.07006,12.601361274719238,0,0
1595821291.0800662,14.402475357055664,0,0
1595821291.0900629,16.20187282562256,0,0
1595821291.100067,18.00260066986084,0,0
1595821291.1100793,19.80483055114746,0,0
1595821291.1200597,21.601309776306152,0,0
1595821291.1300778,23.404569625854492,0,0
1595821291.1400642,25.20212173461914,0,0
1595821291.1500692,27.003021240234375,0,0
1595821291.160059,28.80117416381836,0,0
1595821291.1700683,30.602846145629883,0,0
1595821291.1800745,32.40396022796631,0,0
1595821291.1900601,34.20138359069824,0,0
1595821291.2000678,36.0027551651001,0,0
1595821291.2100677,37.80275344848633,0,0
1595821291.220074,39.603867530822754,0,0
1595821291.230069,41.40296459197998,0,0
1595821291.2400734,43.20377826690674,0,0
1595821291.2500682,45.00283241271973,0,0
1595821291.2600598,46.80132865905762,0,0
1595821291.270071,48.60334396362305,0,0
1595821291.280065,50.40226936340332,0,0
1595821291.2900698,52.203125953674316,0,0
1595821291.3000662,54.00248050689697,0,0
1595821291.3100727,55.80363750457764,0,0
1595821291.3200607,57.60149002075195,0,0
1595821291.3300724,59.40359115600586,0,0
1595821291.3400657,61.20238780975342,0,0
1595821291.3412936,61.423401832580566,0,0
1595821291.3412936,102.854321563228,0.23017177628137464,0
1595821291.35006,104.43227585552536,0.23017177628137464,0
1595821291.3600595,106.23218830822312,0.23017177628137464,0
1595821291.3700647,108.03313072918259,0.23017177628137464,0
1595821291.3800647,109.83312901256882,0.23017177628137464,0
1595821291.390073,111.63462933300339,0.23017177628137464,0
1595821291.4000664,113.43342598675095,0.23017177628137464,0
1595821291.4100585,115.23200806377731,0.23017177628137464,0
1595821291.420063,117.03282173870407,0.23017177628137464,0
1595821291.4300604,118.83234795330368,0.23017177628137464,0
1595821291.4400558,120.63153084514938,0.23017177628137464,0
1595821291.4500608,122.43243035076462,0.23017177628137464,0
1595821291.4600596,124.23221405742966,0.23017177628137464,0
1595821291.4700646,126.03311356304489,0.23017177628137464,0
1595821291.4800627,127.83276852367722,0.23017177628137464,0
1595821291.4900625,129.63272389171922,0.23017177628137464,0
1595821291.500072,131.43443878887498,0.23017177628137464,0
1595821291.5100732,133.2346516489824,0.23017177628137464,0
1595821291.5200624,135.03271874187791,0.23017177628137464,0
1595821291.5300682,136.83374699352586,0.23017177628137464,0
1595821291.5400655,138.63327320812547,0.23017177628137464,0
1595821291.550069,140.43391522167528,0.23017177628137464,0
1595821291.5600655,142.23326977489793,0.23017177628137464,0
1595821291.5700567,144.03168019054735,0.23017177628137464,0
1595821291.5800557,145.83150681255663,0.23017177628137464,0
1595821291.5900695,147.63399418590868,0.23017177628137464,0
1595821291.600061,149.43244751690233,0.23017177628137464,0
1595821291.610063,151.2328320383867,0.23017177628137464,0
1595821291.6200545,153.03128536938036,0.23017177628137464,0
1595821291.6300704,154.83415898083055,0.23017177628137464,0
1595821291.6400678,156.63368519543016,0.23017177628137464,0
1595821291.650057,158.43175228832567,0.23017177628137464,0
1595821291.6600714,160.2343254923662,0.23017177628137464,0
1595821291.670061,162.03247841595018,0.23017177628137464,0
1595821291.6800697,163.834021651729,0.23017177628137464,0
1595821291.6900542,165.63123043773973,0.23017177628137464,0
1595821291.7000642,167.43303116558397,0.23017177628137464,0
1595821291.7100582,169.23195656536424,0.23017177628137464,0
1595821291.7200656,171.03328522442186,0.23017177628137464,0
1595821291.730056,172.83156689403856,0.23017177628137464,0
1595821291.7400534,174.63109310863817,0.23017177628137464,0
1595821291.750055,176.43139179943407,0.23017177628137464,0
1595821291.7600658,178.23332127331102,0.23017177628137464,0
1595821291.7700636,180.0329333185991,0.23017177628137464,0
1595821291.7800632,181.83284577129686,0.23017177628137464,0
1595821291.7900581,183.6319428324541,0.23017177628137464,0
1595821291.8000574,185.4318123698076,0.23017177628137464,0
1595821291.8100536,187.23112400768602,0.23017177628137464,0
1595821291.8200614,189.0325384974321,0.23017177628137464,0
1595821291.8300605,190.8323651194414,0.23017177628137464,0
1595821291.8400578,192.631891334041,0.23017177628137464,0
1595821291.8500602,194.4323187708696,0.23017177628137464,0
1595821291.8600714,196.23433407543504,0.23017177628137464,0
1595821291.870053,198.03102787731493,0.23017177628137464,0
1595821291.8800702,199.8341160654863,0.23017177628137464,0
1595821291.8900638,201.6329556345781,0.23017177628137464,0
1595821291.9000585,203.4320097803911,0.23017177628137464,0
1595821291.9100552,205.231407248958,0.23017177628137464,0
1595821291.9200697,207.03402336834276,0.23017177628137464,0
1595821291.9300644,208.83307751415575,0.23017177628137464,0
1595821291.9400554,210.63144501446092,0.23017177628137464,0
1595821291.9500544,212.4312716364702,0.23017177628137464,0
1595821291.9600658,214.23332985637987,0.23017177628137464,0
1595821291.970067,216.0335427164873,0.23017177628137464,0
1595821291.980067,217.83354099987352,0.23017177628137464,0
1595821291.9900703,219.6341400980791,0.23017177628137464,0
1595821292.000055,221.43139179943407,0.23017177628137464,0
1595821292.0100706,223.23417958019579,0.23017177628137464,0
1595821292.020069,225.03387745617235,0.23017177628137464,0
1595821292.0300694,226.83396157024706,0.23017177628137464,0
1595821292.0400517,228.63078411815965,0.23017177628137464,0
1595821292.0500596,230.43219860790575,0.23017177628137464,0
1595821292.0600607,232.23241146801317,0.23017177628137464,0
1595821292.0700598,234.03223809002245,0.23017177628137464,0
1595821292.0800653,235.83322342632616,0.23017177628137464,0
1595821292.0900517,237.6307755350908,0.23017177628137464,0
1595821292.100071,239.43424996136034,0.23017177628137464,0
1595821292.1100593,241.2321453928789,0.23017177628137464,0
1595821292.1200576,243.03184326885545,0.23017177628137464,0
1595821292.1300595,244.8321848749956,0.23017177628137464,0
1595821292.1400642,246.6330414652666,0.23017177628137464,0
1595821292.1500647,248.4331255793413,0.23017177628137464,0
1595821292.1600678,250.23368176220262,0.23017177628137464,0
1595821292.170065,252.033165061458,0.23017177628137464,0
1595821292.1800518,253.83080300091112,0.23017177628137464,0
1595821292.1900697,255.63401993511522,0.23017177628137464,0
1595821292.2000663,257.4334174036821,0.23017177628137464,0
1595821292.210059,259.23208531139693,0.23017177628137464,0
1595821292.2200534,261.0310965418657,0.23017177628137464,0
1595821292.230065,262.8331976771196,0.23017177628137464,0
1595821292.240065,264.6331959605058,0.23017177628137464,0
1595821292.2500691,266.4339238047441,0.23017177628137464,0
1595821292.2600658,268.233321273311,0.23017177628137464,0
1595821292.2700534,270.03108795879683,0.23017177628137464,0
1595821292.2800658,271.83331784008345,0.23017177628137464,0
1595821292.2900572,273.6317711710771,0.23017177628137464,0
1595821292.3000593,275.4321556925615,0.23017177628137464,0
1595821292.3100522,277.23086651562056,0.23017177628137464,0
1595821292.3200614,279.0325384974321,0.23017177628137464,0
1595821292.3300548,280.83133515117964,0.23017177628137464,0
1595821292.3400695,282.63399418590865,0.23017177628137464,0
1595821292.3500571,284.4317608713945,0.23017177628137464,0
1595821292.3600588,286.2320595621904,0.23017177628137464,0
1595821292.3700624,288.0327015757402,0.23017177628137464,0
1595821292.3800707,289.83420189617476,0.23017177628137464,0
1595821292.3900638,291.6329556345781,0.23017177628137464,0
1595821292.4000561,293.4315806269487,0.23017177628137464,0
1595821292.4100661,295.2333813547929,0.23017177628137464,0
1595821292.420051,297.03067597149214,0.23017177628137464,0
1595821292.4300597,298.83221920727095,0.23017177628137464,0
1595821292.440067,300.63354786632857,0.23017177628137464,0
1595821292.4500628,302.4327736735185,0.23017177628137464,0
1595821292.4600608,304.23242863415084,0.23017177628137464,0
1595821292.4700677,306.03367146252,0.23017177628137464,0
1595821292.480051,307.8306656718095,0.23017177628137464,0
1595821292.4900625,309.6327238917192,0.23017177628137464,0
1595821292.5000682,311.43375214336714,0.23017177628137464,0
1595821292.5100703,313.2341366648515,0.23017177628137464,0
1595821292.5200632,315.0328474879106,0.23017177628137464,0
1595821292.5300593,316.832159125789,0.23017177628137464,0
1595821292.5400562,318.63159950970015,0.23017177628137464,0
1595821292.5500526,320.4309540629228,0.23017177628137464,0
1595821292.560058,322.2319393992265,0.23017177628137464,0
1595821292.570059,324.0321093439897,0.23017177628137464,0
1595821292.5800533,325.8310776591142,0.23017177628137464,0
1595821292.5900667,327.6334792017778,0.23017177628137464,0
1595821292.600055,329.43137463329634,0.23017177628137464,0
1595821292.6100526,331.2309437632402,0.23017177628137464,0
1595821292.6200662,333.033388221248,0.23017177628137464,0
1595821292.6300697,334.8340302347978,0.23017177628137464,0
1595821292.6400673,336.63359936474166,0.23017177628137464,0
1595821292.6500642,338.4330397486528,0.23017177628137464,0
1595821292.660057,340.23175057171187,0.23017177628137464,0
1595821292.670064,342.032993400081,0.23017177628137464,0
1595821292.6800523,343.83088883159957,0.23017177628137464,0
1595821292.6900685,345.633805358394,0.23017177628137464,0
1595821292.7000527,347.4309712290605,0.23017177628137464,0
1595821292.7100544,349.2312699198564,0.23017177628137464,0
1595821292.7200654,351.0332423090776,0.23017177628137464,0
1595821292.7300637,352.83294018505416,0.23017177628137464,0
1595821292.740056,354.63156517742476,0.23017177628137464,0
1595821292.7500627,356.43276509044966,0.23017177628137464,0
1595821292.7600698,358.23405083416304,0.23017177628137464,0
1595821292.7698998,360,0.23017177628137464,1
1595821292.7698998,0,0,0
1595821292.779922,1.8039894104003906,0,0
1595821292.7899156,3.6028289794921875,0,0
1595821292.7999103,5.401883125305176,0,0
1595821292.809907,7.20128059387207,0,0
1595821292.819917,9.003081321716309,0,0
1595821292.82991,10.801835060119629,0,0
1595821292.8399112,12.60204792022705,0,0
1595821292.8499177,14.403204917907715,0,0
1595821292.8599207,16.203761100769043,0,0
1595821292.8699088,18.00161361694336,0,0
1595821292.8799078,19.801440238952637,0,0
1595821292.8899055,21.601009368896484,0,0
1595821292.8999,23.400020599365234,0,0
1595821292.9099152,25.202765464782715,0,0
1595821292.9199164,27.002978324890137,0,0
1595821292.9299052,28.800959587097168,0,0
1595821292.9399152,30.602760314941406,0,0
1595821292.9499168,32.403059005737305,0,0
1595821292.9599104,34.2018985748291,0,0
1595821292.9699173,36.00314140319824,0,0
1595821292.9799209,37.80378341674805,0,0
1595821292.9899018,39.600348472595215,0,0
1595821292.9999077,41.4014196395874,0,0
1595821293.0099115,43.202104568481445,0,0
1595821293.0199118,45.002145767211914,0,0
1595821293.029911,46.80201530456543,0,0
1595821293.039909,48.601627349853516,0,0
1595821293.0499115,50.40209770202637,0,0
1595821293.059907,52.20128059387207,0,0
1595821293.069913,54.00235176086426,0,0
1595821293.0799086,55.8015775680542,0,0
1595821293.0899112,57.60204792022705,0,0
1595821293.0999103,59.40187454223633,0,0
1595821293.1099055,61.20101451873779,0,0
1595821293.1199076,63.00139904022217,0,0
1595821293.129902,64.80036735534668,0,0
1595821293.1399047,66.60088062286377,0,0
1595821293.149909,68.40165138244629,0,0
1595821293.1599064,70.2011775970459,0,0
1595821293.1699152,72.00276374816895,0,0
1595821293.1799169,73.80306243896484,0,0
1595821293.189904,75.6007432937622,0,0
1595821293.1999006,77.4001407623291,0,0
1595821293.2099168,79.20305728912354,0,0
1595821293.2199168,81.00305557250977,0,0
1595821293.2299116,82.80210971832275,0,0
1595821293.2399147,84.60266590118408,0,0
1595821293.2499151,86.40275001525879,0,0
1595821293.2599175,88.2031774520874,0,0
1595821293.2699072,90.00133037567139,0,0
1595821293.2799032,91.80059909820557,0,0
1595821293.2899065,93.60119819641113,0,0
1595821293.2999194,95.40351390838623,0,0
1595821293.309906,97.20110893249512,0,0
1595821293.3199043,99.00080680847168,0,0
1595821293.3299093,100.80170631408691,0,0
1595821293.3399062,102.60114669799805,0,0
1595821293.349906,104.40110206604004,0,0
1595821293.3599174,106.2031602859497,0,0
1595821293.3699117,108.00212860107422,0,0
1595821293.3799171,109.80311393737793,0,0
1595821293.3899055,111.60100936889648,0,0
1595821293.3999107,113.40195178985596,0,0
1595821293.4099016,115.20031929016113,0,0
1595821293.4199102,117.00186252593994,0,0
1595821293.4299066,118.8012170791626,0,0
1595821293.4399128,120.60233116149902,0,0
1595821293.4499063,122.40117073059082,0,0
1595821293.4599066,124.20121192932129,0,0
1595821293.4699142,126.00258350372314,0,0
1595821293.479909,127.80163764953613,0,0
1595821293.4899096,129.60176467895508,0,0
1595821293.4999087,131.40159130096436,0,0
1595821293.5099082,133.2015037536621,0,0
1595821293.5199049,135.000901222229,0,0
1595821293.5299125,136.80227279663086,0,0
1595821293.5399086,138.60158443450928,0,0
1595821293.5499146,140.40265560150146,0,0
1595821293.559911,142.20201015472412,0,0
1595821293.56991,144.0018367767334,0,0
1595821293.5799086,145.8015775680542,0,0
1595821293.5899134,147.6024341583252,0,0
1595821293.5999162,149.40294742584229,0,0
1595821293.6099062,151.2011432647705,0,0
1595821293.619901,153.0001974105835,0,0
1595821293.6299186,154.80337142944336,0,0
1595821293.6399078,156.60143852233887,0,0
1595821293.6499026,158.40049266815186,0,0
1595821293.6599028,160.20053386688232,0,0
1595821293.6698995,161.99993133544922,0,0
1595821293.6799016,163.8003158569336,0,0
1595821293.6898997,165.59997081756592,0,0
1595821293.699903,167.40056991577148,0,0
1595821293.7099006,169.20013904571533,0,0
1595821293.7199025,171.00048065185547,0,0
1595821293.7299097,172.80176639556885,0,0
1595821293.7399075,174.60137844085693,0,0
1595821293.7499049,176.40090465545654,0,0
1595821293.7599123,178.20223331451416,0,0
1595821293.7699122,180.0022315979004,0,0
1595821293.7799177,181.8032169342041,0,0
1595821293.7899027,183.60051155090332,0,0
1595821293.7999094,185.40171146392822,0,0
1595821293.809914,187.20256805419922,0,0
1595821293.819905,189.0009355545044,0,0
1595821293.8299096,190.80174922943115,0,0
1595821293.8399081,192.60149002075195,0,0
1595821293.8499005,194.40011501312256,0,0
1595821293.8599167,196.203031539917,0,0
1595821293.8699107,198.00195693969727,0,0
1595821293.8799067,199.80122566223145,0,0
1595821293.8899095,201.60173892974854,0,0
1595821293.899904,203.40075016021729,0,0
1595821293.909906,205.20109176635742,0,0
1595821293.9199076,207.00139045715332,0,0
1595821293.9299152,208.80276203155518,0,0
1595821293.9399025,210.60048580169678,0,0
1595821293.9499056,212.4010419845581,0,0
1595821293.9599028,214.20052528381348,0,0
1595821293.969909,216.0016393661499,0,0
1595821293.979907,217.80129432678223,0,0
1595821293.9899166,219.603009223938,0,0
1595821293.999903,221.40056133270264,0,0
1595821294.0099149,223.20270538330078,0,0
1595821294.019909,225.00163078308105,0,0
1595821294.0299134,226.8024444580078,0,0
1595821294.0399125,228.6022710800171,0,0
1595821294.0499153,230.40278434753418,0,0
1595821294.059917,232.20308303833008,0,0
1595821294.069913,234.00235176086426,0,0
1595821294.0799177,235.80320835113525,0,0
1595821294.089906,237.6011037826538,0,0
1595821294.0999115,239.40208911895752,0,0
1595821294.109902,241.20037078857422,0,0
1595821294.119916,243.0029010772705,0,0
1595821294.1299155,244.80281352996826,0,0
1595821294.1399136,246.6024684906006,0,0
1595821294.1499119,248.40216636657715,0,0
1595821294.1599143,250.20259380340576,0,0
1595821294.1698985,251.99975967407227,0,0
1595821294.179907,253.80130290985107,0,0
1595821294.189906,255.6010866165161,0,0
1595821294.1999118,257.4021577835083,0,0
1595821294.209916,259.2029285430908,0,0
1595821294.2199004,261.0000944137573,0,0
1595821294.2299047,262.80086517333984,0,0
1595821294.239914,264.60253715515137,0,0
1595821294.249906,266.40111923217773,0,0
1595821294.2599037,268.2006883621216,0,0
1595821294.2699149,270.002703666687,0,0
1595821294.2799108,271.8019723892212,0,0
1595821294.2898986,273.59978199005127,0,0
1595821294.299916,275.4029130935669,0,0
1595821294.309917,277.2030830383301,0,0
1595821294.3199122,279.00222301483154,0,0
1595821294.3299036,280.8006763458252,0,0
1595821294.3399017,282.6003313064575,0,0
1595821294.3499134,284.4024324417114,0,0
1595821294.359913,286.2023878097534,0,0
1595821294.369903,288.00058364868164,0,0
1595821294.3799012,289.80023860931396,0,0
1595821294.3899136,291.6024684906006,0,0
1595821294.399914,293.4025526046753,0,0
1595821294.4099152,295.2027654647827,0,0
1595821294.4199004,297.0001029968262,0,0
1595821294.429916,298.8028907775879,0,0
1595821294.439912,300.6022024154663,0,0
1595821294.4499075,302.401385307312,0,0
1595821294.459902,304.20039653778076,0,0
1595821294.469906,306.00112438201904,0,0
1595821294.4799097,307.80176639556885,0,0
1595821294.4899142,309.6025800704956,0,0
1595821294.4999113,311.402063369751,0,0
1595821294.5099034,313.20064544677734,0,0
1595821294.5199032,315.00060081481934,0,0
1595821294.5299122,316.8022298812866,0,0
1595821294.5399122,318.60222816467285,0,0
1595821294.5499015,320.40029525756836,0,0
1595821294.5599103,322.2018814086914,0,0
1595821294.5699103,324.00187969207764,0,0
1595821294.579915,325.80273628234863,0,0
1595821294.5899022,327.600417137146,0,0
1595821294.5999107,329.4019603729248,0,0
1595821294.6099074,331.2013578414917,0,0
1595821294.619914,333.0025577545166,0,0
1595821294.6299098,334.80178356170654,0,0
1595821294.6399086,336.6015672683716,0,0
1595821294.6499171,338.4031105041504,0,0
1595821294.6599135,340.20246505737305,0,0
1595821294.6699154,342.0028066635132,0,0
1595821294.6799047,343.8008737564087,0,0
1595821294.6899154,345.60280323028564,0,0
1595821294.699908,347.4014711380005,0,0
1595821294.7099094,349.20172691345215,0,0
1595821294.7198997,350.9999656677246,0,0
1595821294.7298992,352.79987812042236,0,0
1595821294.7399023,354.6004343032837,0,0
1595821294.7499127,356.4023208618164,0,0
1595821294.7599168,358.2030487060547,0,0
1595821294.7699018,360,0,1
1595821294.7699018,0,0,0
1595821294.7799203,1.8033456802368164,0,0
1595821294.7899063,3.6008119583129883,0,0
1595821294.7999027,5.4001665115356445,0,0
1595821294.8099027,7.200164794921875,0,0
1595821294.8199096,9.001407623291016,0,0
1595821294.829907,10.800933837890625,0,0
1595821294.8399196,12.603206634521484,0,0
1595821294.8499124,14.401917457580566,0,0
1595821294.8599167,16.202688217163086,0,0
1595821294.8699167,18.002686500549316,0,0
1595821294.8799067,19.80088233947754,0,0
1595821294.8899202,21.60332679748535,0,0
1595821294.8999143,23.402252197265625,0,0
1595821294.9099197,25.203237533569336,0,0
1595821294.9199023,27.000102996826172,0,0
1595821294.9299026,28.80014419555664,0,0
1595821294.939914,30.60220241546631,0,0
1595821294.9499059,32.40074157714844,0,0
1595821294.9599113,34.20172691345215,0,0
1595821294.9699116,36.00176811218262,0,0
1595821294.9799035,37.800307273864746,0,0
1595821294.9899123,39.60189342498779,0,0
1595821294.999906,41.40077590942383,0,0
1595821295.0099134,43.202104568481445,0,0
1595821295.019904,45.000386238098145,0,0
1595821295.0299168,46.80270195007324,0,0
1595821295.0399125,48.601927757263184,0,0
1595821295.0499082,50.401153564453125,0,0
1595821295.0599031,52.20025062561035,0,0
1595821295.0699048,54.00054931640625,0,0
1595821295.079917,55.80273628234863,0,0
1595821295.0899107,57.60161876678467,0,0
1595821295.0999153,59.402432441711426,0,0
1595821295.1099126,61.201958656311035,0,0
1595821295.119903,63.000240325927734,0,0
1595821295.1299093,64.80135440826416,0,0
1595821295.1399043,66.60045146942139,0,0
1595821295.149912,68.40186595916748,0,0
1595821295.159909,70.20130634307861,0,0
1595821295.1699028,72.00018882751465,0,0
1595821295.179905,73.80057334899902,0,0
1595821295.1899142,75.60224533081055,0,0
1595821295.1999056,77.4006986618042,0,0
1595821295.2099187,79.20305728912354,0,0
1595821295.2199051,81.00060939788818,0,0
1595821295.2299075,82.8010368347168,0,0
1595821295.2399194,84.60318088531494,0,0
1595821295.249915,86.40236377716064,0,0
1595821295.2599022,88.20008754730225,0,0
1595821295.2699058,90.00072956085205,0,0
1595821295.2799141,91.80222988128662,0,0
1595821295.2899113,93.60171318054199,0,0
1595821295.2999125,95.40192604064941,0,0
1595821295.3099174,97.20282554626465,0,0
1595821295.3199143,99.00226593017578,0,0
1595821295.329906,100.80076217651367,0,0
1595821295.339919,102.60312080383301,0,0
1595821295.3499117,104.40178871154785,0,0
1595821295.3599072,106.20097160339355,0,0
1595821295.3699062,108.00079822540283,0,0
1595821295.3799183,109.80298519134521,0,0
1595821295.3899174,111.60281181335449,0,0
1595821295.3999126,113.40195178985596,0,0
1595821295.4099083,115.2011775970459,0,0
1595821295.4199038,117.0003604888916,0,0
1595821295.4299078,118.80108833312988,0,0
1595821295.4399173,120.60280323028564,0,0
1595821295.4499145,122.40228652954102,0,0
1595821295.4599013,124.19992446899414,0,0
1595821295.4699082,126.00116729736328,0,0
1595821295.4799063,127.8008222579956,0,0
1595821295.4899178,129.60288047790527,0,0
1595821295.49992,131.40326499938965,0,0
1595821295.509911,133.20167541503906,0,0
1595821295.5199056,135.0006866455078,0,0
1595821295.5299125,136.80192947387695,0,0
1595821295.539902,138.6000394821167,0,0
1595821295.5499141,140.40222644805908,0,0
1595821295.5599117,142.20179557800293,0,0
1595821295.5699131,144.0020513534546,0,0
1595821295.579905,145.80059051513672,0,0
1595821295.5899024,147.60011672973633,0,0
1595821295.5999043,149.40045833587646,0,0
1595821295.6099079,151.20110034942627,0,0
1595821295.6199052,153.00062656402588,0,0
1595821295.6299121,154.80186939239502,0,0
1595821295.6399088,156.6012668609619,0,0
1595821295.6499097,158.4014368057251,0,0
1595821295.6599138,160.20216464996338,0,0
1595821295.6699047,162.00053215026855,0,0
1595821295.6799185,163.8030195236206,0,0
1595821295.689906,165.6007432937622,0,0
1595821295.6999197,167.40323066711426,0,0
1595821295.709901,169.1998815536499,0,0
1595821295.7199194,171.00318431854248,0,0
1595821295.7299037,172.80035018920898,0,0
1595821295.7399015,174.59996223449707,0,0
1595821295.749916,176.40257835388184,0,0
1595821295.7599144,178.2022762298584,0,0
1595821295.7699053,180.00064373016357,0,0
1595821295.7799037,181.80034160614014,0,0
1595821295.789906,183.60076904296875,0,0
1595821295.7999122,185.40188312530518,0,0
1595821295.8099048,187.20055103302002,0,0
1595821295.8199043,189.00046348571777,0,0
1595821295.829907,190.80093383789062,0,0
1595821295.8399086,192.60123252868652,0,0
1595821295.8499103,194.40153121948242,0,0
1595821295.8599105,196.2015724182129,0,0
1595821295.8699112,198.00169944763184,0,0
1595821295.8799124,199.80191230773926,0,0
1595821295.88991,201.6014814376831,0,0
1595821295.8999143,203.40225219726562,0,0
1595821295.909905,205.20057678222656,0,0
1595821295.9199092,207.00134754180908,0,0
1595821295.9299092,208.8013458251953,0,0
1595821295.9399126,210.60194492340088,0,0
1595821295.9499047,212.40052700042725,0,0
1595821295.9599197,214.2032289505005,0,0
1595821295.9699154,216.00245475769043,0,0
1595821295.9799182,217.80296802520752,0,0
1595821295.989914,219.60219383239746,0,0
1595821295.9999092,221.40133380889893,0,0
1595821296.0099063,223.2008171081543,0,0
1595821296.0199177,225.00287532806396,0,0
1595821296.0299077,226.8010711669922,0,0
1595821296.0399082,228.6011552810669,0,0
1595821296.0499158,230.40252685546875,0,0
1595821296.0599165,232.2026538848877,0,0
1595821296.0699048,234.00054931640625,0,0
1595821296.079908,235.80110549926758,0,0
1595821296.0899181,237.60294914245605,0,0
1595821296.099909,239.40131664276123,0,0
1595821296.1099055,241.2006711959839,0,0
1595821296.1199138,243.00217151641846,0,0
1595821296.1299186,244.80302810668945,0,0
1595821296.1399171,246.60276889801025,0,0
1595821296.1499197,248.4032392501831,0,0
1595821296.1599188,250.20306587219238,0,0
1595821296.169915,252.0023775100708,0,0
1595821296.179913,253.80203247070312,0,0
1595821296.1899142,255.60224533081055,0,0
1595821296.1999073,257.40099906921387,0,0
1595821296.2099094,259.20138359069824,0,0
1595821296.2199109,261.0016393661499,0,0
1595821296.229908,262.8011226654053,0,0
1595821296.2399173,264.6027946472168,0,0
1595821296.2499115,266.4017629623413,0,0
1595821296.2599041,268.20043087005615,0,0
1595821296.2699115,270.00175952911377,0,0
1595821296.279913,271.80201530456543,0,0
1595821296.2899117,273.60179901123047,0,0
1595821296.2999191,275.4031276702881,0,0
1595821296.3099139,277.2021818161011,0,0
1595821296.3199065,279.0008497238159,0,0
1595821296.3299162,280.8026075363159,0,0
1595821296.3399107,282.60161876678467,0,0
1595821296.3499165,284.4026470184326,0,0
1595821296.3599057,286.2007141113281,0,0
1595821296.369902,288.00002574920654,0,0
1595821296.3799047,289.80053901672363,0,0
1595821296.389905,291.6005802154541,0,0
1595821296.3999097,293.4014368057251,0,0
1595821296.409917,295.2027654647827,0,0
1595821296.4199164,297.00263500213623,0,0
1595821296.4299192,298.8031482696533,0,0
1595821296.4399092,300.60134410858154,0,0
1595821296.4499176,302.4028444290161,0,0
1595821296.4599125,304.20194149017334,0,0
1595821296.4699068,306.00090980529785,0,0
1595821296.47991,307.8014659881592,0,0
1595821296.4899116,309.6017646789551,0,0
1595821296.4999146,311.4023208618164,0,0
1595821296.5099094,313.2013750076294,0,0
1595821296.5199053,315.0006437301636,0,0
1595821296.5299125,316.80192947387695,0,0
1595821296.5399153,318.60244274139404,0,0
1595821296.5499084,320.40119647979736,0,0
1595821296.559909,322.2013235092163,0,0
1595821296.5699146,324.00230884552,0,0
1595821296.5799112,325.8017063140869,0,0
1595821296.589919,327.603120803833,0,0
1595821296.5999014,329.3999433517456,0,0
1595821296.6099095,331.20140075683594,0,0
1595821296.6199148,333.0023431777954,0,0
1595821296.6299124,334.80191230773926,0,0
1595821296.639912,336.601824760437,0,0
1595821296.649912,338.4018659591675,0,0
1595821296.6599085,340.20122051239014,0,0
1595821296.669902,342.00006008148193,0,0
1595821296.6799035,343.8003158569336,0,0
1595821296.6899135,345.60211658477783,0,0
1595821296.6999102,347.4015140533447,0,0
1595821296.709912,349.20185565948486,0,0
1595821296.7199144,351.0022830963135,0,0
1595821296.729901,352.79987812042236,0,0
1595821296.7399182,354.60296630859375,0,0
1595821296.7499115,356.4017629623413,0,0
1595821296.7599065,358.20086002349854,0,0
1595821296.7699041,360,0,1
1595821296.7699041,0,0,0
1595821296.7799125,1.8015003204345703,0,0
1595821296.7899125,3.601498603820801,0,0
1595821296.7999125,5.401496887207031,0,0
1595821296.8099167,7.202267646789551,0,0
1595821296.8199115,9.001321792602539,0,0
1595821296.829916,10.802135467529297,0,0
1595821296.839922,12.603206634521484,0,0
1595821296.8499172,14.40234661102295,0,0
1595821296.8599193,16.202731132507324,0,0
1595821296.8699107,18.001184463500977,0,0
1595821296.8799217,19.803156852722168,0,0
1595821296.8899171,21.60233974456787,0,0
1595821296.89991,23.401050567626953,0,0
1595821296.909906,25.200319290161133,0,0
1595821296.919921,27.003021240234375,0,0
1595821296.9299164,28.802204132080078,0,0
1595821296.939912,30.60142993927002,0,0
1595821296.9499166,32.40224361419678,0,0
1595821296.9599092,34.20091152191162,0,0
1595821296.9699047,36.000094413757324,0,0
1595821296.97992,37.802839279174805,0,0
1595821296.989918,39.60249423980713,0,0
1595821296.9999087,41.400818824768066,0,0
1595821297.0099192,43.20270538330078,0,0
1595821297.0199156,45.00205993652344,0,0
1595821297.029909,46.800856590270996,0,0
1595821297.0399165,48.60222816467285,0,0
1595821297.0499158,50.40209770202637,0,0
1595821297.0599058,52.20029354095459,0,0
1595821297.069907,54.00050640106201,0,0
1595821297.079922,55.803208351135254,0,0
1595821297.0899038,57.599945068359375,0,0
1595821297.0999181,59.4025182723999,0,0
1595821297.1099112,61.20127201080322,0,0
1595821297.1199095,63.000969886779785,0,0
1595821297.1299212,64.80307102203369,0,0
1595821297.1399045,66.60006523132324,0,0
1595821297.149909,68.40087890625,0,0
1595821297.159915,70.20195007324219,0,0
1595821297.169912,72.00143337249756,0,0
1595821297.17991,73.80104541778564,0,0
1595821297.1899178,75.60245990753174,0,0
1595821297.1999204,77.40293025970459,0,0
1595821297.2099102,79.20108318328857,0,0
1595821297.21991,81.00103855133057,0,0
1595821297.229904,82.79996395111084,0,0
1595821297.2399096,84.60099220275879,0,0
1595821297.2499094,86.40094757080078,0,0
1595821297.2599065,88.20043087005615,0,0
1595821297.2699087,90.00081539154053,0,0
1595821297.2799172,91.80235862731934,0,0
1595821297.28992,93.60287189483643,0,0
1595821297.2999222,95.4032564163208,0,0
1595821297.3099117,97.20136642456055,0,0
1595821297.3199096,99.00097846984863,0,0
1595821297.3299103,100.80110549926758,0,0
1595821297.3399174,102.60239124298096,0,0
1595821297.349916,104.40213203430176,0,0
1595821297.3599195,106.20277404785156,0,0
1595821297.3699203,108.00290107727051,0,0
1595821297.3799202,109.80289936065674,0,0
1595821297.3899198,111.60281181335449,0,0
1595821297.3999054,113.40023517608643,0,0
1595821297.4099169,115.2022933959961,0,0
1595821297.4199069,117.00048923492432,0,0
1595821297.4299095,118.80095958709717,0,0
1595821297.439919,120.60267448425293,0,0
1595821297.4499197,122.40280151367188,0,0
1595821297.4599147,124.2018985748291,0,0
1595821297.4699173,126.00236892700195,0,0
1595821297.4799166,127.80223846435547,0,0
1595821297.4899142,129.60180759429932,0,0
1595821297.49991,131.4010763168335,0,0
1595821297.5099192,133.20270538330078,0,0
1595821297.519911,135.0012445449829,0,0
1595821297.529914,136.8017578125,0,0
1595821297.5399106,138.6011552810669,0,0
1595821297.5499177,140.40244102478027,0,0
1595821297.559916,142.20213890075684,0,0
1595821297.5699172,144.00235176086426,0,0
1595821297.5799189,145.80265045166016,0,0
1595821297.5899136,147.60170459747314,0,0
1595821297.599911,149.40123081207275,0,0
1595821297.6099145,151.20187282562256,0,0
1595821297.619922,153.00320148468018,0,0
1595821297.6299171,154.80234146118164,0,0
1595821297.6399138,156.60173892974854,0,0
1595821297.649907,158.4005355834961,0,0
1595821297.659905,160.20014762878418,0,0
1595821297.6699145,162.00186252593994,0,0
1595821297.6799216,163.80314826965332,0,0
1595821297.6899095,165.6009578704834,0,0
1595821297.6999125,167.40151405334473,0,0
1595821297.7099063,169.20039653778076,0,0
1595821297.7199101,171.0010814666748,0,0
1595821297.7299042,172.80000686645508,0,0
1595821297.739908,174.60069179534912,0,0
1595821297.749908,176.40069007873535,0,0
1595821297.7599053,178.20021629333496,0,0
1595821297.76991,180.00107288360596,0,0
1595821297.7799182,181.8025302886963,0,0
1595821297.7899156,183.6020565032959,0,0
1595821297.7999048,185.4001235961914,0,0
1595821297.8099117,187.20136642456055,0,0
1595821297.8199165,189.00222301483154,0,0
1595821297.8299077,190.80063343048096,0,0
1595821297.8399167,192.60226249694824,0,0
1595821297.8499115,194.40131664276123,0,0
1595821297.8599117,196.2013578414917,0,0
1595821297.8699079,198.00066947937012,0,0
1595821297.879921,199.80302810668945,0,0
1595821297.8899188,201.60264015197754,0,0
1595821297.899912,203.4014368057251,0,0
1595821297.90992,205.2028512954712,0,0
1595821297.919914,207.00177669525146,0,0
1595821297.9299133,208.80164623260498,0,0
1595821297.939908,210.60070037841797,0,0
1595821297.9499102,212.40108489990234,0,0
1595821297.959917,214.20232772827148,0,0
1595821297.9699159,216.00211143493652,0,0
1595821297.9799125,217.80150890350342,0,0
1595821297.989907,219.60052013397217,0,0
1595821297.999921,221.40305042266846,0,0
1595821298.0099084,223.20077419281006,0,0
1595821298.0199087,225.00081539154053,0,0
1595821298.0299134,226.80167198181152,0,0
1595821298.0399153,228.60201358795166,0,0
1595821298.0499182,230.40252685546875,0,0
1595821298.0599074,232.20059394836426,0,0
1595821298.0699112,234.0012788772583,0,0
1595821298.0799177,235.80243587493896,0,0
1595821298.0899036,237.59990215301514,0,0
1595821298.0999215,239.40311908721924,0,0
1595821298.1099074,241.2005853652954,0,0
1595821298.1199195,243.0027723312378,0,0
1595821298.1299124,244.80148315429688,0,0
1595821298.139904,246.59997940063477,0,0
1595821298.1499143,248.40182304382324,0,0
1595821298.1599143,250.20182132720947,0,0
1595821298.1699214,252.00310707092285,0,0
1595821298.1799045,253.80005836486816,0,0
1595821298.1899056,255.6002712249756,0,0
1595821298.1999068,257.400484085083,0,0
1595821298.2099183,259.2025423049927,0,0
1595821298.2199194,261.0027551651001,0,0
1595821298.2299194,262.8027534484863,0,0
1595821298.2399044,264.60004806518555,0,0
1595821298.249906,266.40034675598145,0,0
1595821298.2599082,268.2007312774658,0,0
1595821298.2699096,270.0009870529175,0,0
1595821298.2799156,271.80205821990967,0,0
1595821298.2899194,273.6027431488037,0,0
1595821298.2999163,275.40218353271484,0,0
1595821298.3099122,277.201452255249,0,0
1595821298.3199134,279.00166511535645,0,0
1595821298.3299127,280.80153465270996,0,0
1595821298.339908,282.6006746292114,0,0
1595821298.349917,284.4023036956787,0,0
1595821298.3599105,286.2011432647705,0,0
1595821298.3699062,288.00036907196045,0,0
1595821298.379911,289.80122566223145,0,0
1595821298.389904,291.59997940063477,0,0
1595821298.3999205,293.40293884277344,0,0
1595821298.4099162,295.2021646499634,0,0
1595821298.41992,297.0028495788574,0,0
1595821298.4299188,298.80263328552246,0,0
1595821298.4399052,300.6001853942871,0,0
1595821298.4499202,302.40288734436035,0,0
1595821298.4599094,304.20095443725586,0,0
1595821298.46992,306.0028409957886,0,0
1595821298.479913,307.8015947341919,0,0
1595821298.489921,309.6030521392822,0,0
1595821298.4999213,311.4030933380127,0,0
1595821298.5099154,313.20201873779297,0,0
1595821298.5199094,315.00094413757324,0,0
1595821298.5299091,316.80089950561523,0,0
1595821298.5399077,318.60064029693604,0,0
1595821298.5499098,320.4010248184204,0,0
1595821298.5599055,322.20025062561035,0,0
1595821298.5699086,324.0008068084717,0,0
1595821298.579921,325.8030366897583,0,0
1595821298.589918,327.60247707366943,0,0
1595821298.5999198,329.40281867980957,0,0
1595821298.6099033,331.19985580444336,0,0
1595821298.6199026,332.9997253417969,0,0
1595821298.6299143,334.8018264770508,0,0
1595821298.639917,336.60229682922363,0,0
1595821298.6499038,338.39993476867676,0,0
1595821298.6599066,340.20044803619385,0,0
1595821298.6699204,342.0029354095459,0,0
1595821298.6799085,343.8007879257202,0,0
1595821298.6899073,345.60057163238525,0,0
1595821298.6999078,347.40065574645996,0,0
1595821298.709914,349.2017698287964,0,0
1595821298.719911,351.00125312805176,0,0
1595821298.7299025,352.7997064590454,0,0
1595821298.739906,354.6003484725952,0,0
1595821298.7499053,356.40021800994873,0,0
1595821298.7599204,358.202919960022,0,0
1595821298.769914,360,0,1
1595821298.769914,0,0,0
1595821298.7799315,1.8031740188598633,0,0
1595821298.7899199,3.601069450378418,0,0
1595821298.7999156,5.400295257568359,0,0
1595821298.8099215,7.201366424560547,0,0
1595821298.8199322,9.0032958984375,0,0
1595821298.8299215,10.801362991333008,0,0
1595821298.8399217,12.601404190063477,0,0
1595821298.8499284,14.402604103088379,0,0
1595821298.859928,16.202516555786133,0,0
1595821298.8699167,18.000497817993164,0,0
1595821298.8799243,19.80186939239502,0,0
1595821298.8899207,21.601223945617676,0,0
1595821298.899914,23.400020599365234,0,0
1595821298.9099169,25.200533866882324,0,0
1595821298.9199297,27.002849578857422,0,0
1595821298.9299195,28.801002502441406,0,0
1595821298.9399273,30.6024169921875,0,0
1595821298.9499195,32.40099906921387,0,0
1595821298.9599278,34.20249938964844,0,0
1595821298.9699311,36.003098487854004,0,0
1595821298.9799192,37.80095100402832,0,0
1595821298.9899316,39.60318088531494,0,0
1595821298.9999146,41.400132179260254,0,0
1595821299.00992,43.20107460021973,0,0
1595821299.019918,45.00072956085205,0,0
1595821299.029921,46.80128574371338,0,0
1595821299.0399246,48.601927757263184,0,0
1595821299.0499241,50.40184020996094,0,0
1595821299.0599258,52.202138900756836,0,0
1595821299.0699189,54.000892639160156,0,0
1595821299.0799155,55.80029010772705,0,0
1595821299.0899236,57.60174751281738,0,0
1595821299.0999193,59.400973320007324,0,0
1595821299.1099193,61.200971603393555,0,0
1595821299.1199322,63.00328731536865,0,0
1595821299.1299171,64.80058193206787,0,0
1595821299.1399202,66.6011381149292,0,0
1595821299.1499324,68.40332508087158,0,0
1595821299.1599274,70.20242214202881,0,0
1595821299.169927,72.00233459472656,0,0
1595821299.179925,73.80198955535889,0,0
1595821299.189926,75.60215950012207,0,0
1595821299.1999161,77.40039825439453,0,0
1595821299.2099197,79.20104026794434,0,0
1595821299.219914,81.00000858306885,0,0
1595821299.2299306,82.80301094055176,0,0
1595821299.2399237,84.60176467895508,0,0
1595821299.249922,86.40146255493164,0,0
1595821299.2599173,88.2006025314331,0,0
1595821299.2699203,90.00115871429443,0,0
1595821299.279921,91.80128574371338,0,0
1595821299.2899194,93.60098361968994,0,0
1595821299.2999265,95.40226936340332,0,0
1595821299.309932,97.20325469970703,0,0
1595821299.3199215,99.00136470794678,0,0
1595821299.3299134,100.7999038696289,0,0
1595821299.3399239,102.60179042816162,0,0
1595821299.3499205,104.40118789672852,0,0
1595821299.3599162,106.20041370391846,0,0
1595821299.3699226,108.00157070159912,0,0
1595821299.3799183,109.80079650878906,0,0
1595821299.3899155,111.60027980804443,0,0
1595821299.39992,113.40109348297119,0,0
1595821299.409922,115.20143508911133,0,0
1595821299.4199238,117.00177669525146,0,0
1595821299.4299242,118.80186080932617,0,0
1595821299.4399173,120.60061454772949,0,0
1595821299.4499211,122.40129947662354,0,0
1595821299.4599187,124.20086860656738,0,0
1595821299.469925,126.00198268890381,0,0
1595821299.4799244,127.80189514160156,0,0
1595821299.489932,129.60326671600342,0,0
1595821299.4999278,131.40249252319336,0,0
1595821299.5099256,133.20210456848145,0,0
1595821299.5199234,135.00171661376953,0,0
1595821299.5299132,136.79986953735352,0,0
1595821299.5399153,138.6002540588379,0,0
1595821299.549917,140.4005527496338,0,0
1595821299.5599244,142.2018814086914,0,0
1595821299.5699172,144.0005922317505,0,0
1595821299.57992,145.80110549926758,0,0
1595821299.5899303,147.60294914245605,0,0
1595821299.599929,149.4027328491211,0,0
1595821299.6099145,151.2001132965088,0,0
1595821299.619928,153.00251483917236,0,0
1595821299.6299245,154.80191230773926,0,0
1595821299.6399188,156.60088062286377,0,0
1595821299.649927,158.4023380279541,0,0
1595821299.6599169,160.20053386688232,0,0
1595821299.6699233,162.001690864563,0,0
1595821299.6799133,163.7998867034912,0,0
1595821299.6899135,165.59992790222168,0,0
1595821299.6999202,167.40112781524658,0,0
1595821299.7099142,169.20005321502686,0,0
1595821299.7199268,171.00232601165771,0,0
1595821299.72992,172.80107975006104,0,0
1595821299.7399309,174.60305213928223,0,0
1595821299.7499223,176.40150547027588,0,0
1595821299.7599306,178.20300579071045,0,0
1595821299.7699318,180.00321865081787,0,0
1595821299.779917,181.80055618286133,0,0
1595821299.7899163,183.60042572021484,0,0
1595821299.799917,185.4005527496338,0,0
1595821299.809924,187.20179557800293,0,0
1595821299.8199186,189.00084972381592,0,0
1595821299.8299246,190.8019208908081,0,0
1595821299.8399193,192.6009750366211,0,0
1595821299.8499317,194.40320491790771,0,0
1595821299.859927,196.20234489440918,0,0
1595821299.8699236,198.00174236297607,0,0
1595821299.8799248,199.8019552230835,0,0
1595821299.8899295,201.6028118133545,0,0
1595821299.8999195,203.40100765228271,0,0
1595821299.9099133,205.19989013671875,0,0
1595821299.9199197,207.0010471343994,0,0
1595821299.929931,208.80306243896484,0,0
1595821299.9399312,210.6031036376953,0,0
1595821299.9499233,212.40168571472168,0,0
1595821299.9599228,214.20159816741943,0,0
1595821299.9699156,216.00030899047852,0,0
1595821299.979928,217.80253887176514,0,0
1595821299.9899163,219.6004343032837,0,0
1595821299.9999247,221.40193462371826,0,0
1595821300.0099163,223.20043087005615,0,0
1595821300.019926,225.00218868255615,0,0
1595821300.0299265,226.80227279663086,0,0
1595821300.039926,228.6021852493286,0,0
1595821300.0499225,230.40153980255127,0,0
1595821300.0599182,232.2007656097412,0,0
1595821300.0699131,233.99986267089844,0,0
1595821300.0799165,235.800461769104,0,0
1595821300.0899274,237.6024341583252,0,0
1595821300.0999167,239.4005012512207,0,0
1595821300.1099176,241.2006711959839,0,0
1595821300.1199296,243.00281524658203,0,0
1595821300.1299276,244.80247020721436,0,0
1595821300.139914,246.600022315979,0,0
1595821300.1499257,248.4021234512329,0,0
1595821300.159916,250.20036220550537,0,0
1595821300.169928,252.00254917144775,0,0
1595821300.1799145,253.8001012802124,0,0
1595821300.189923,255.6016445159912,0,0
1595821300.19992,257.40108489990234,0,0
1595821300.2099285,259.20262813568115,0,0
1595821300.2199275,261.00245475769043,0,0
1595821300.2299228,262.8015947341919,0,0
1595821300.2399282,264.6025800704956,0,0
1595821300.249923,266.4016342163086,0,0
1595821300.2599201,268.20111751556396,0,0
1595821300.2699213,270.0013303756714,0,0
1595821300.2799273,271.8024015426636,0,0
1595821300.2899258,273.6021423339844,0,0
1595821300.2999158,275.4003381729126,0,0
1595821300.3099258,277.20213890075684,0,0
1595821300.3199193,279.00097846984863,0,0
1595821300.3299232,280.8016633987427,0,0
1595821300.3399134,282.59990215301514,0,0
1595821300.349916,284.400372505188,0,0
1595821300.359925,286.2020015716553,0,0
1595821300.3699133,287.9998970031738,0,0
1595821300.3799386,289.8044443130493,0,0
1595821300.3899193,291.60096645355225,0,0
1595821300.3999326,293.4033679962158,0,0
1595821300.409914,295.20001888275146,0,0
1595821300.419921,297.0012617111206,0,0
1595821300.4299304,298.80297660827637,0,0
1595821300.4399185,300.6008291244507,0,0
1595821300.4499216,302.401385307312,0,0
1595821300.4599245,304.2018985748291,0,0
1595821300.46993,306.0028839111328,0,0
1595821300.4799232,307.80168056488037,0,0
1595821300.4899247,309.60193634033203,0,0
1595821300.4999251,311.40202045440674,0,0
1595821300.509924,313.2018041610718,0,0
1595821300.5199304,315.00296115875244,0,0
1595821300.5299315,316.80317401885986,0,0
1595821300.5399263,318.60222816467285,0,0
1595821300.549922,320.4014539718628,0,0
1595821300.5599122,322.19969272613525,0,0
1595821300.5699315,324.0031671524048,0,0
1595821300.5799391,325.80453872680664,0,0
1595821300.5899138,327.5999879837036,0,0
1595821300.5999215,329.40135955810547,0,0
1595821300.6099305,331.20298862457275,0,0
1595821300.619928,333.00251483917236,0,0
1595821300.629925,334.80199813842773,0,0
1595821300.6399238,336.6017818450928,0,0
1595821300.6499207,338.4012222290039,0,0
1595821300.6599183,340.20079135894775,0,0
1595821300.6699233,342.001690864563,0,0
1595821300.6799302,343.80293369293213,0,0
1595821300.689927,345.60237407684326,0,0
1595821300.699939,347.4045181274414,0,0
1595821300.709931,349.20305728912354,0,0
1595821300.7199283,351.00258350372314,0,0
1595821300.7299168,352.80052185058594,0,0
1595821300.7399158,354.6003484725952,0,0
1595821300.7499206,356.4012050628662,0,0
1595821300.7599294,358.20279121398926,0,0
1595821300.7699273,360,0,1
1595821300.7699273,0,0,0
1595821300.7799478,1.8036890029907227,0,0
1595821300.7899451,3.603215217590332,0,0
1595821300.799941,5.402483940124512,0,0
1595821300.8099427,7.20278263092041,0,0
1595821300.819937,9.001750946044922,0,0
1595821300.8299406,10.802392959594727,0,0
1595821300.8399436,12.602949142456055,0,0
1595821300.8499415,14.40256118774414,0,0
1595821300.8599432,16.20285987854004,0,0
1595821300.869944,18.003029823303223,0,0
1595821300.8799326,19.800968170166016,0,0
1595821300.8899317,21.600794792175293,0,0
1595821300.8999426,23.402767181396484,0,0
1595821300.9099452,25.203237533569336,0,0
1595821300.9199357,27.001519203186035,0,0
1595821300.929943,28.802847862243652,0,0
1595821300.9399364,30.60164451599121,0,0
1595821300.949932,32.40087032318115,0,0
1595821300.9599376,34.20185565948486,0,0
1595821300.9699342,36.00125312805176,0,0
1595821300.9799442,37.803053855895996,0,0
1595821300.9899344,39.60129261016846,0,0
1595821300.999937,41.40176296234131,0,0
1595821301.0099277,43.200087547302246,0,0
1595821301.0199382,45.00197410583496,0,0
1595821301.0299287,46.80025577545166,0,0
1595821301.0399313,48.60072612762451,0,0
1595821301.0499287,50.40025234222412,0,0
1595821301.059944,52.2029972076416,0,0
1595821301.069942,54.002652168273926,0,0
1595821301.0799403,55.80235004425049,0,0
1595821301.0899408,57.602434158325195,0,0
1595821301.09993,59.4005012512207,0,0
1595821301.1099436,61.202945709228516,0,0
1595821301.119945,63.003201484680176,0,0
1595821301.1299455,64.80328559875488,0,0
1595821301.1399417,66.6025972366333,0,0
1595821301.1499367,68.40169429779053,0,0
1595821301.1599376,70.20186424255371,0,0
1595821301.1699388,72.00207710266113,0,0
1595821301.179929,73.8003158569336,0,0
1595821301.189927,75.59997081756592,0,0
1595821301.199935,77.40138530731201,0,0
1595821301.2099442,79.20305728912354,0,0
1595821301.21994,81.00228309631348,0,0
1595821301.229929,82.80030727386475,0,0
1595821301.239933,84.60103511810303,0,0
1595821301.2499435,86.40292167663574,0,0
1595821301.2599304,88.20055961608887,0,0
1595821301.2699358,90.00154495239258,0,0
1595821301.2799413,91.80253028869629,0,0
1595821301.2899456,93.60330104827881,0,0
1595821301.2999334,95.40111064910889,0,0
1595821301.3099375,97.20183849334717,0,0
1595821301.3199422,99.00269508361816,0,0
1595821301.3299274,100.80003261566162,0,0
1595821301.3399353,102.60144710540771,0,0
1595821301.3499415,104.40256118774414,0,0
1595821301.3599315,106.20075702667236,0,0
1595821301.3699365,108.0016565322876,0,0
1595821301.3799393,109.80216979980469,0,0
1595821301.3899434,111.60289764404297,0,0
1595821301.3999422,113.40268135070801,0,0
1595821301.409942,115.20263671875,0,0
1595821301.4199429,117.00280666351318,0,0
1595821301.4299433,118.80289077758789,0,0
1595821301.4399385,120.60203075408936,0,0
1595821301.4499395,122.40220069885254,0,0
1595821301.459938,124.20194149017334,0,0
1595821301.469929,126.00030899047852,0,0
1595821301.479945,127.80318260192871,0,0
1595821301.489933,129.60103511810303,0,0
1595821301.4999335,131.40111923217773,0,0
1595821301.5099318,133.2008171081543,0,0
1595821301.5199366,135.0016736984253,0,0
1595821301.5299432,136.8028736114502,0,0
1595821301.5399463,138.60342979431152,0,0
1595821301.5499325,140.40093898773193,0,0
1595821301.5599427,142.2027826309204,0,0
1595821301.5699303,144.00054931640625,0,0
1595821301.5799441,145.8030366897583,0,0
1595821301.5899446,147.603120803833,0,0
1595821301.599945,149.40320491790771,0,0
1595821301.6099277,151.20007038116455,0,0
1595821301.6199367,153.00169944763184,0,0
1595821301.629927,154.7999382019043,0,0
1595821301.63994,156.60229682922363,0,0
1595821301.6499386,158.40203762054443,0,0
1595821301.6599293,160.20036220550537,0,0
1595821301.669936,162.00156211853027,0,0
1595821301.6799269,163.79992961883545,0,0
1595821301.6899333,165.6010866165161,0,0
1595821301.6999354,167.4014711380005,0,0
1595821301.7099388,169.20207023620605,0,0
1595821301.7199297,171.00043773651123,0,0
1595821301.7299387,172.80206680297852,0,0
1595821301.7399442,174.60305213928223,0,0
1595821301.7499404,176.40236377716064,0,0
1595821301.7599359,178.20154666900635,0,0
1595821301.7699432,180.00287532806396,0,0
1595821301.7799368,181.80171489715576,0,0
1595821301.7899354,183.60145568847656,0,0
1595821301.7999327,185.40098190307617,0,0
1595821301.809931,187.20067977905273,0,0
1595821301.8199303,189.00054931640625,0,0
1595821301.8299353,190.80144882202148,0,0
1595821301.8399427,192.6027774810791,0,0
1595821301.8499362,194.4016170501709,0,0
1595821301.8599322,196.20088577270508,0,0
1595821301.8699424,198.00272941589355,0,0
1595821301.879933,199.8010540008545,0,0
1595821301.8899453,201.60324096679688,0,0
1595821301.899943,203.40285301208496,0,0
1595821301.9099405,205.20237922668457,0,0
1595821301.919939,207.00212001800537,0,0
1595821301.9299414,208.80254745483398,0,0
1595821301.9399295,210.6003999710083,0,0
1595821301.9499366,212.40168571472168,0,0
1595821301.959932,214.20086860656738,0,0
1595821301.9699328,216.00099563598633,0,0
1595821301.97994,217.8022813796997,0,0
1595821301.9899275,219.60004806518555,0,0
1595821301.9999294,221.40038967132568,0,0
1595821302.0099435,223.20291996002197,0,0
1595821302.0199268,224.99991416931152,0,0
1595821302.0299335,226.80111408233643,0,0
1595821302.039943,228.6028289794922,0,0
1595821302.049944,230.40299892425537,0,0
1595821302.0599368,232.20170974731445,0,0
1595821302.0699422,234.00269508361816,0,0
1595821302.0799353,235.80144882202148,0,0
1595821302.0899413,237.60251998901367,0,0
1595821302.0999303,239.40054416656494,0,0
1595821302.1099434,241.20290279388428,0,0
1595821302.1199303,243.0005407333374,0,0
1595821302.1299317,244.80079650878906,0,0
1595821302.1399286,246.6002368927002,0,0
1595821302.149926,248.3997631072998,0,0
1595821302.1599422,250.20267963409424,0,0
1595821302.169937,252.00173377990723,0,0
1595821302.1799312,253.80070209503174,0,0
1595821302.1899445,255.6031036376953,0,0
1595821302.1999347,257.4013423919678,0,0
1595821302.2099323,259.2009115219116,0,0
1595821302.219942,261.0026693344116,0,0
1595821302.2299395,262.80219554901123,0,0
1595821302.2399406,264.60240840911865,0,0
1595821302.2499402,266.4023208618164,0,0
1595821302.2599406,268.2024049758911,0,0
1595821302.2699342,270.0012445449829,0,0
1595821302.2799337,271.80115699768066,0,0
1595821302.2899292,273.60033988952637,0,0
1595821302.2999387,275.40205478668213,0,0
1595821302.30993,277.2005081176758,0,0
1595821302.3199282,279.0001630783081,0,0
1595821302.3299432,280.80286502838135,0,0
1595821302.33994,282.6023054122925,0,0
1595821302.349937,284.4017457962036,0,0
1595821302.3599358,286.20152950286865,0,0
1595821302.369944,288.0030298233032,0,0
1595821302.3799415,289.80255603790283,0,0
1595821302.389938,291.6019535064697,0,0
1595821302.399945,293.40319633483887,0,0
1595821302.4099262,295.1998043060303,0,0
1595821302.4199355,297.0014762878418,0,0
1595821302.4299393,298.80216121673584,0,0
1595821302.4399295,300.6003999710083,0,0
1595821302.4499345,302.40129947662354,0,0
1595821302.4599316,304.2007827758789,0,0
1595821302.469935,306.0013818740845,0,0
1595821302.4799268,307.7999210357666,0,0
1595821302.4899442,309.6030521392822,0,0
1595821302.4999309,311.4006471633911,0,0
1595821302.5099268,313.1999158859253,0,0
1595821302.5199378,315.0018882751465,0,0
1595821302.529934,316.8011999130249,0,0
1595821302.5399277,318.60008239746094,0,0
1595821302.5499353,320.4014539718628,0,0
1595821302.5599372,322.20179557800293,0,0
1595821302.5699282,324.0001630783081,0,0
1595821302.5799327,325.80097675323486,0,0
1595821302.5899417,327.60260581970215,0,0
1595821302.599944,329.40303325653076,0,0
1595821302.6099288,331.20028495788574,0,0
1595821302.6199303,333.0005407333374,0,0
1595821302.6299388,334.8020839691162,0,0
1595821302.639936,336.6015672683716,0,0
1595821302.6499345,338.4013080596924,0,0
1595821302.6599386,340.20203590393066,0,0
1595821302.669935,342.0013904571533,0,0
1595821302.679932,343.8008737564087,0,0
1595821302.6899369,345.6017303466797,0,0
1595821302.69993,347.400484085083,0,0
1595821302.7099264,349.19983863830566,0,0
1595821302.7199423,351.00271224975586,0,0
1595821302.7299287,352.8002643585205,0,0
1595821302.739931,354.6006917953491,0,0
1595821302.74993,356.40047550201416,0,0
1595821302.7599282,358.2001733779907,0,0
1595821302.7699351,360,0,1
1595821302.7699351,0,0,0
1595821302.7799513,1.8029165267944336,0,0
1595821302.7899358,3.600125312805176,0,0
1595821302.799947,5.4021406173706055,0,0
1595821302.8099475,7.2022247314453125,0,0
1595821302.819952,9.00303840637207,0,0
1595821302.8299491,10.802521705627441,0,0
1595821302.8399496,12.602605819702148,0,0
1595821302.8499444,14.401659965515137,0,0
1595821302.8599427,16.2013578414917,0,0
1595821302.869954,18.003416061401367,0,0
1595821302.8799496,19.80259895324707,0,0
1595821302.8899374,21.60040855407715,0,0
1595821302.8999383,23.400578498840332,0,0
1595821302.9099371,25.20036220550537,0,0
1595821302.919948,27.002334594726562,0,0
1595821302.9299521,28.803062438964844,0,0
1595821302.939937,30.600357055664062,0,0
1595821302.9499362,32.40018367767334,0,0
1595821302.959944,34.201598167419434,0,0
1595821302.969953,36.00322723388672,0,0
1595821302.9799438,37.801551818847656,0,0
1595821302.9899466,39.602065086364746,0,0
1595821302.9999366,41.40026092529297,0,0
1595821303.0099459,43.20193290710449,0,0
1595821303.019945,45.00175952911377,0,0
1595821303.0299392,46.80072784423828,0,0
1595821303.0399406,48.60098361968994,0,0
1595821303.0499423,50.40128231048584,0,0
1595821303.0599437,52.2015380859375,0,0
1595821303.0699499,54.002652168273926,0,0
1595821303.0799437,55.80153465270996,0,0
1595821303.089939,57.600717544555664,0,0
1595821303.099947,59.40213203430176,0,0
1595821303.1099422,61.20127201080322,0,0
1595821303.1199431,63.001441955566406,0,0
1595821303.1299388,64.80066776275635,0,0
1595821303.1399355,66.60006523132324,0,0
1595821303.149948,68.40229511260986,0,0
1595821303.1599383,70.20057678222656,0,0
1595821303.169935,71.99997425079346,0,0
1595821303.1799529,73.80319118499756,0,0
1595821303.1899486,75.6024169921875,0,0
1595821303.1999347,77.39992618560791,0,0
1595821303.209936,79.20013904571533,0,0
1595821303.219946,81.00193977355957,0,0
1595821303.2299402,82.80090808868408,0,0
1595821303.2399368,84.60030555725098,0,0
1595821303.2499511,86.4028787612915,0,0
1595821303.2599475,88.20223331451416,0,0
1595821303.2699385,90.00060081481934,0,0
1595821303.2799406,91.80098533630371,0,0
1595821303.2899454,93.6018419265747,0,0
1595821303.2999454,95.40184020996094,0,0
1595821303.3099403,97.20093727111816,0,0
1595821303.3199456,99.00187969207764,0,0
1595821303.3299491,100.80252170562744,0,0
1595821303.3399394,102.6007604598999,0,0
1595821303.349943,104.4014024734497,0,0
1595821303.3599372,106.20037078857422,0,0
1595821303.3699465,108.00204277038574,0,0
1595821303.3799448,109.8017406463623,0,0
1595821303.3899474,111.60221099853516,0,0
1595821303.3999383,113.40057849884033,0,0
1595821303.4099429,115.20139217376709,0,0
1595821303.4199347,116.99993133544922,0,0
1595821303.4299521,118.80306243896484,0,0
1595821303.4399402,120.60091495513916,0,0
1595821303.449936,122.4001407623291,0,0
1595821303.4599369,124.20031070709229,0,0
1595821303.4699528,126.00318431854248,0,0
1595821303.479937,127.80035018920898,0,0
1595821303.4899428,129.60137844085693,0,0
1595821303.4999382,131.40056133270264,0,0
1595821303.5099494,133.20257663726807,0,0
1595821303.5199506,135.0027894973755,0,0
1595821303.5299377,136.80047035217285,0,0
1595821303.5399504,138.6027431488037,0,0
1595821303.5499399,140.40085315704346,0,0
1595821303.5599344,142.1998643875122,0,0
1595821303.5699513,144.00290966033936,0,0
1595821303.5799375,145.80041885375977,0,0
1595821303.5899522,147.60307788848877,0,0
1595821303.599953,149.40320491790771,0,0
1595821303.6099458,151.2019157409668,0,0
1595821303.6199493,153.0025577545166,0,0
1595821303.6299393,154.80075359344482,0,0
1595821303.639942,156.60122394561768,0,0
1595821303.64995,158.402681350708,0,0
1595821303.6599362,160.20019054412842,0,0
1595821303.6699443,162.00164794921875,0,0
1595821303.6799395,163.80078792572021,0,0
1595821303.6899378,165.60048580169678,0,0
1595821303.6999428,167.401385307312,0,0
1595821303.7099469,169.2021131515503,0,0
1595821303.7199488,171.00245475769043,0,0
1595821303.7299461,172.80198097229004,0,0
1595821303.7399414,174.6011209487915,0,0
1595821303.7499435,176.40150547027588,0,0
1595821303.7599406,178.20098876953125,0,0
1595821303.769948,180.00231742858887,0,0
1595821303.779946,181.8019723892212,0,0
1595821303.7899384,183.6005973815918,0,0
1595821303.7999434,185.40149688720703,0,0
1595821303.8099375,187.2004222869873,0,0
1595821303.8199458,189.00192260742188,0,0
1595821303.8299341,190.79981803894043,0,0
1595821303.839945,192.60179042816162,0,0
1595821303.8499398,194.4008445739746,0,0
1595821303.859953,196.20320320129395,0,0
1595821303.8699405,198.00096988677979,0,0
1595821303.8799462,199.80199813842773,0,0
1595821303.8899443,201.60165309906006,0,0
1595821303.8999453,203.40182304382324,0,0
1595821303.9099412,205.20109176635742,0,0
1595821303.9199493,207.00254917144775,0,0
1595821303.9299479,208.80228996276855,0,0
1595821303.939949,210.60250282287598,0,0
1595821303.9499438,212.40155696868896,0,0
1595821303.9599361,214.20018196105957,0,0
1595821303.969947,216.00215435028076,0,0
1595821303.9799476,217.80223846435547,0,0
1595821303.9899404,219.60094928741455,0,0
1595821303.9999492,221.4025354385376,0,0
1595821304.0099416,223.2011604309082,0,0
1595821304.0199447,225.00171661376953,0,0
1595821304.0299397,226.80081367492676,0,0
1595821304.0399497,228.602614402771,0,0
1595821304.0499475,230.40222644805908,0,0
1595821304.059953,232.2032117843628,0,0
1595821304.069936,234.0001630783081,0,0
1595821304.0799396,235.8008050918579,0,0
1595821304.0899515,237.60294914245605,0,0
1595821304.0999494,239.40256118774414,0,0
1595821304.1099458,241.2019157409668,0,0
1595821304.119939,243.00071239471436,0,0
1595821304.1299436,244.8015260696411,0,0
1595821304.1399431,246.60143852233887,0,0
1595821304.1499448,248.40173721313477,0,0
1595821304.159952,250.20302295684814,0,0
1595821304.1699476,252.0022487640381,0,0
1595821304.1799426,253.8013458251953,0,0
1595821304.1899407,255.60100078582764,0,0
1595821304.1999342,257.39984035491943,0,0
1595821304.2099469,259.2021131515503,0,0
1595821304.219946,261.00193977355957,0,0
1595821304.229938,262.80052185058594,0,0
1595821304.2399516,264.60296630859375,0,0
1595821304.2499397,266.40081882476807,0,0
1595821304.2599404,268.200945854187,0,0
1595821304.2699456,270.0018882751465,0,0
1595821304.2799346,271.79991245269775,0,0
1595821304.2899365,273.6002540588379,0,0
1595821304.2999494,275.402569770813,0,0
1595821304.3099399,277.2008514404297,0,0
1595821304.319951,279.0028667449951,0,0
1595821304.329938,280.80050468444824,0,0
1595821304.3399458,282.60191917419434,0,0
1595821304.3499525,284.40311908721924,0,0
1595821304.359945,286.2017869949341,0,0
1595821304.3699496,288.00260066986084,0,0
1595821304.3799436,289.8015260696411,0,0
1595821304.3899362,291.60019397735596,0,0
1595821304.3999429,293.40139389038086,0,0
1595821304.4099517,295.2029800415039,0,0
1595821304.4199393,297.00074672698975,0,0
1595821304.4299362,298.8001871109009,0,0
1595821304.4399369,300.6003141403198,0,0
1595821304.449942,302.4012565612793,0,0
1595821304.4599345,304.1998815536499,0,0
1595821304.469948,306.0023260116577,0,0
1595821304.4799435,307.8015089035034,0,0
1595821304.489951,309.60283756256104,0,0
1595821304.4999495,311.40257835388184,0,0
1595821304.509936,313.2001733779907,0,0
1595821304.5199347,314.9999141693115,0,0
1595821304.5299451,316.80180072784424,0,0
1595821304.53994,318.60089778900146,0,0
1595821304.54994,320.4008960723877,0,0
1595821304.5599518,322.2029972076416,0,0
1595821304.5699465,324.0020513534546,0,0
1595821304.5799475,325.8022212982178,0,0
1595821304.5899417,327.6011896133423,0,0
1595821304.5999346,329.39990043640137,0,0
1595821304.6099508,331.2028169631958,0,0
1595821304.6199517,333.002986907959,0,0
1595821304.6299374,334.8004102706909,0,0
1595821304.639941,336.6010522842407,0,0
1595821304.6499407,338.4010076522827,0,0
1595821304.6599348,340.199933052063,0,0
1595821304.6699395,342.000789642334,0,0
1595821304.6799474,343.8022041320801,0,0
1595821304.68994,345.6008720397949,0,0
1595821304.6999483,347.4023723602295,0,0
1595821304.7099435,349.20151233673096,0,0
1595821304.7199461,351.0019826889038,0,0
1595821304.729946,352.8019380569458,0,0
1595821304.739952,354.6030521392822,0,0
1595821304.74994,356.4008617401123,0,0
1595821304.7599354,358.200044631958,0,0
1595821304.7699516,360,0,1
1595821304.7699516,0,0,0
1595821304.7799606,1.8016290664672852,0,0
1595821304.7899592,3.601369857788086,0,0
1595821304.7999609,5.401668548583984,0,0
1595821304.8099535,7.200336456298828,0,0
1595821304.8199658,9.00256633758545,0,0
1595821304.829954,10.800418853759766,0,0
1595821304.8399525,12.600159645080566,0,0
1595821304.849959,14.40131664276123,0,0
1595821304.8599608,16.201658248901367,0,0
1595821304.8699634,18.00212860107422,0,0
1595821304.8799675,19.8028564453125,0,0
1595821304.8899577,21.60109519958496,0,0
1595821304.8999605,23.40160846710205,0,0
1595821304.9099627,25.201992988586426,0,0
1595821304.9199553,27.00066089630127,0,0
1595821304.9299576,28.801088333129883,0,0
1595821304.939952,30.600056648254395,0,0
1595821304.9499636,32.4021577835083,0,0
1595821304.959952,34.200096130371094,0,0
1595821304.969956,36.00078105926514,0,0
1595821304.9799538,37.80039310455322,0,0
1595821304.9899673,39.602837562561035,0,0
1595821304.9999564,41.400861740112305,0,0
