Type = Mirollor Strogatz (-ish),Function = Peskin,Refract =0,Epsilon =0.3,Gamma =8,Start_phase =2
Timestamp,Phase,Offset,Ping?
1596160029,2,0,0
1596160029.01,3.797552108764649,0.011111111111111112,0
1596160029.02,5.595447540283203,0.011111111111111112,0
1596160029.03,7.398449897766113,0.011111111111111112,0
1596160029.04,9.195572853088379,0.011111111111111112,0
1596160029.05,10.99557113647461,0.011111111111111112,0
1596160029.06,12.796041488647461,0.011111111111111112,0
1596160029.07,14.596297264099121,0.011111111111111112,0
1596160029.08,16.396038055419922,0.011111111111111112,0
1596160029.09,18.19831085205078,0.011111111111111112,0
1596160029.1,19.997279167175293,0.011111111111111112,0
1596160029.11,21.797019958496094,0.011111111111111112,0
1596160029.12,23.598348617553707,0.011111111111111112,0
1596160029.1299999,25.39602947235107,0.011111111111111112,0
1596160029.1399999,27.196499824523922,0.011111111111111112,0
1596160029.1499999,28.997914314270016,0.011111111111111112,0
1596160029.1599998,30.79735469818115,0.011111111111111112,0
1596160029.1699998,32.595550537109375,0.011111111111111112,0
1596160029.1799998,34.398295402526855,0.011111111111111112,0
1596160029.1899998,36.19636249542236,0.011111111111111112,0
1596160029.1999998,37.99687576293945,0.011111111111111112,0
1596160029.2099998,39.796101570129395,0.011111111111111112,0
1596160029.2199998,41.597816467285156,0.011111111111111112,0
1596160029.2299998,43.39747142791748,0.011111111111111112,0
1596160029.2399998,45.198585510253906,0.011111111111111112,0
1596160029.2499998,46.99832630157471,0.011111111111111112,0
1596160029.2599998,48.79832458496094,0.011111111111111112,0
1596160029.2699997,50.59810829162598,0.011111111111111112,0
1596160029.2799997,52.39810657501221,0.011111111111111112,0
1596160029.2899997,54.197675704956055,0.011111111111111112,0
1596160029.2999997,55.998661041259766,0.011111111111111112,0
1596160029.3099997,57.797929763793945,0.011111111111111112,0
1596160029.3199997,59.596426010131836,0.011111111111111112,0
1596160029.3299997,61.395952224731445,0.011111111111111112,0
1596160029.3399997,63.197195053100586,0.011111111111111112,0
1596160029.3499997,64.99663543701172,0.011111111111111112,0
1596160029.3599997,66.79744911193848,0.011111111111111112,0
1596160029.3699996,68.59671783447266,0.011111111111111112,0
1596160029.3799996,70.39813232421875,0.011111111111111112,0
1596160029.3899996,72.19744396209717,0.011111111111111112,0
1596160029.3999996,73.9977855682373,0.011111111111111112,0
1596160029.4099996,75.79593849182129,0.011111111111111112,0
1596160029.4199996,77.59872627258301,0.011111111111111112,0
1596160029.4299996,79.39636421203613,0.011111111111111112,0
1596160029.4399996,81.19700622558594,0.011111111111111112,0
1596160029.4499996,82.99691867828369,0.011111111111111112,0
1596160029.4599996,84.79670238494873,0.011111111111111112,0
1596160029.4699996,86.59558486938477,0.011111111111111112,0
1596160029.4799995,88.39562606811523,0.011111111111111112,0
1596160029.4899995,90.19562435150146,0.011111111111111112,0
1596160029.4999995,91.99738216400146,0.011111111111111112,0
1596160029.5099995,93.79643630981445,0.011111111111111112,0
1596160029.5199995,95.59583377838135,0.011111111111111112,0
1596160029.5299995,97.3968620300293,0.011111111111111112,0
1596160029.5399995,99.1963882446289,0.011111111111111112,0
1596160029.5499995,100.99818897247314,0.011111111111111112,0
1596160029.5599995,102.79535484313965,0.011111111111111112,0
1596160029.5699995,104.59608268737793,0.011111111111111112,0
1596160029.5799994,106.3964672088623,0.011111111111111112,0
1596160029.5899994,108.19749546051025,0.011111111111111112,0
1596160029.5999994,109.99736499786377,0.011111111111111112,0
1596160029.6099994,111.79852199554443,0.011111111111111112,0
1596160029.6199994,113.59585952758789,0.011111111111111112,0
1596160029.6299994,115.39620113372803,0.011111111111111112,0
1596160029.6399994,117.19654273986816,0.011111111111111112,0
1596160029.6499994,118.99619770050049,0.011111111111111112,0
1596160029.6599994,120.79645347595215,0.011111111111111112,0
1596160029.6699994,122.59675216674805,0.011111111111111112,0
1596160029.6799994,124.39709377288818,0.011111111111111112,0
1596160029.6899993,126.19799327850342,0.011111111111111112,0
1596160029.6999993,127.99631786346436,0.011111111111111112,0
1596160029.7099993,129.79640197753906,0.011111111111111112,0
1596160029.7199993,131.5967435836792,0.011111111111111112,0
1596160029.7299993,133.3971710205078,0.011111111111111112,0
1596160029.7399993,135.1956672668457,0.011111111111111112,0
1596160029.7499993,136.99789714813232,0.011111111111111112,0
1596160029.7599993,138.79622173309326,0.011111111111111112,0
1596160029.7699993,140.59759330749512,0.011111111111111112,0
1596160029.7799993,142.39733409881592,0.011111111111111112,0
1596160029.7899992,144.1968173980713,0.011111111111111112,0
1596160029.7999992,145.99728775024414,0.011111111111111112,0
1596160029.8099992,147.79595565795898,0.011111111111111112,0
1596160029.8199992,149.5967264175415,0.011111111111111112,0
1596160029.8299992,151.39569473266602,0.011111111111111112,0
1596160029.8399992,153.19573593139648,0.011111111111111112,0
1596160029.8499992,154.99749374389648,0.011111111111111112,0
1596160029.8599992,156.79787826538086,0.011111111111111112,0
1596160029.8699992,158.598219871521,0.011111111111111112,0
1596160029.8799992,160.39693069458008,0.011111111111111112,0
1596160029.8899992,162.19757270812988,0.011111111111111112,0
1596160029.8999991,163.99782848358154,0.011111111111111112,0
1596160029.9099991,165.79714012145996,0.011111111111111112,0
1596160029.9199991,167.59610843658447,0.011111111111111112,0
1596160029.929999,169.39602088928223,0.011111111111111112,0
1596160029.939999,171.19580459594727,0.011111111111111112,0
1596160029.949999,172.9970474243164,0.011111111111111112,0
1596160029.959999,174.79545783996582,0.011111111111111112,0
1596160029.969999,176.59777355194092,0.011111111111111112,0
1596160029.979999,178.39661312103271,0.011111111111111112,0
1596160029.989999,180.19751262664795,0.011111111111111112,0
1596160029.999999,181.99794006347656,0.011111111111111112,0
1596160030.009999,183.79699420928955,0.011111111111111112,0
1596160030.019999,185.59707832336426,0.011111111111111112,0
1596160030.029999,187.3970766067505,0.011111111111111112,0
1596160030.039999,189.19746112823486,0.011111111111111112,0
1596160030.049999,190.99698734283447,0.011111111111111112,0
1596160030.059999,192.7962989807129,0.011111111111111112,0
1596160030.069999,194.59767055511475,0.011111111111111112,0
1596160030.079999,196.39728260040283,0.011111111111111112,0
1596160030.089999,198.19779586791992,0.011111111111111112,0
1596160030.099999,199.99856662750244,0.011111111111111112,0
1596160030.109999,201.79629039764404,0.011111111111111112,0
1596160030.119999,203.59637451171875,0.011111111111111112,0
1596160030.129999,205.398175239563,0.011111111111111112,0
1596160030.139999,207.1963710784912,0.011111111111111112,0
1596160030.149999,208.99701309204102,0.011111111111111112,0
1596160030.159999,210.79726886749268,0.011111111111111112,0
1596160030.169999,212.59834003448486,0.011111111111111112,0
1596160030.1799989,214.3957633972168,0.011111111111111112,0
1596160030.1899989,216.19855117797852,0.011111111111111112,0
1596160030.1999989,217.99854946136475,0.011111111111111112,0
1596160030.2099988,219.79833316802979,0.011111111111111112,0
1596160030.2199988,221.59712982177734,0.011111111111111112,0
1596160030.2299988,223.39541149139404,0.011111111111111112,0
1596160030.2399988,225.19686889648438,0.011111111111111112,0
1596160030.2499988,226.99716758728027,0.011111111111111112,0
1596160030.2599988,228.7984962463379,0.011111111111111112,0
1596160030.2699988,230.59815120697021,0.011111111111111112,0
1596160030.2799988,232.39793491363525,0.011111111111111112,0
1596160030.2899988,234.1977186203003,0.011111111111111112,0
1596160030.2999988,235.99548530578613,0.011111111111111112,0
1596160030.3099988,237.79792976379395,0.011111111111111112,0
1596160030.3199987,239.5967264175415,0.011111111111111112,0
1596160030.3299987,241.39573764801025,0.011111111111111112,0
1596160030.3399987,243.19650840759277,0.011111111111111112,0
1596160030.3499987,244.9985237121582,0.011111111111111112,0
1596160030.3599987,246.7956895828247,0.011111111111111112,0
1596160030.3699987,248.5967607498169,0.011111111111111112,0
1596160030.3799987,250.39688777923584,0.011111111111111112,0
1596160030.3899987,252.19611358642578,0.011111111111111112,0
1596160030.3999987,253.9983434677124,0.011111111111111112,0
1596160030.4099987,255.79520893096924,0.011111111111111112,0
1596160030.4199986,257.5985116958618,0.011111111111111112,0
1596160030.4299986,259.3952054977417,0.011111111111111112,0
1596160030.4399986,261.19756412506104,0.011111111111111112,0
1596160030.4499986,262.9959316253662,0.011111111111111112,0
1596160030.4599986,264.7954149246216,0.011111111111111112,0
1596160030.4699986,266.5982027053833,0.011111111111111112,0
1596160030.4799986,268.39845848083496,0.011111111111111112,0
1596160030.4899986,270.1969118118286,0.011111111111111112,0
1596160030.4999986,271.9956226348877,0.011111111111111112,0
1596160030.5099986,273.7986249923706,0.011111111111111112,0
1596160030.5199986,275.5968208312988,0.011111111111111112,0
1596160030.5299985,277.39780616760254,0.011111111111111112,0
1596160030.5399985,279.19844818115234,0.011111111111111112,0
1596160030.5499985,280.9958715438843,0.011111111111111112,0
1596160030.5599985,282.7968997955322,0.011111111111111112,0
1596160030.5699985,284.59681224823,0.011111111111111112,0
1596160030.5799985,286.3971538543701,0.011111111111111112,0
1596160030.5899985,288.19590759277344,0.011111111111111112,0
1596160030.5999985,289.9951763153076,0.011111111111111112,0
1596160030.6099985,291.7963333129883,0.011111111111111112,0
1596160030.6199985,293.59804821014404,0.011111111111111112,0
1596160030.6299984,295.3973169326782,0.011111111111111112,0
1596160030.6399984,297.1958131790161,0.011111111111111112,0
1596160030.6499984,298.9965410232544,0.011111111111111112,0
1596160030.6599984,300.79791259765625,0.011111111111111112,0
1596160030.6699984,302.59696674346924,0.011111111111111112,0
1596160030.6799984,304.39808082580566,0.011111111111111112,0
1596160030.6899984,306.1966199874878,0.011111111111111112,0
1596160030.6999984,307.9959316253662,0.011111111111111112,0
1596160030.7039561,308.7075538635254,0.011111111111111112,0
1596160030.7039561,308.7075538635254,0.011111111111111112,0
1596160030.7099984,309.79829025268555,0.011111111111111112,0
1596160030.7199984,311.59532737731934,0.011111111111111112,0
1596160030.7299984,313.39618396759033,0.011111111111111112,0
1596160030.7399983,315.19708347320557,0.011111111111111112,0
1596160030.7428284,315.70455741882324,0.011111111111111112,0
1596160030.7428284,315.70455741882324,0.011111111111111112,0
1596160030.7499983,316.9970817565918,0.011111111111111112,0
1596160030.7599983,318.79519176483154,0.011111111111111112,0
1596160030.7699983,320.5951900482178,0.011111111111111112,0
1596160030.7799983,322.3978490829468,0.011111111111111112,0
1596160030.7899983,324.19600200653076,0.011111111111111112,0
1596160030.7999983,325.9956998825073,0.011111111111111112,0
1596160030.8099983,327.79758644104004,0.011111111111111112,0
1596160030.8199983,329.59814262390137,0.011111111111111112,0
1596160030.8299983,331.3952226638794,0.011111111111111112,0
1596160030.8399982,333.1977529525757,0.011111111111111112,0
1596160030.8499982,334.99766540527344,0.011111111111111112,0
1596160030.8599982,336.7959041595459,0.011111111111111112,0
1596160030.8699982,338.59525871276855,0.011111111111111112,0
1596160030.8799982,340.3984327316284,0.011111111111111112,0
1596160030.8899982,342.19830226898193,0.011111111111111112,0
1596160030.8999982,343.99559688568115,0.011111111111111112,0
1596160030.9099982,345.7958526611328,0.011111111111111112,0
1596160030.9199982,347.5970525741577,0.011111111111111112,0
1596160030.9299982,349.39550590515137,0.011111111111111112,0
1596160030.9399981,351.1979503631592,0.011111111111111112,0
1596160030.9499981,352.9981632232666,0.011111111111111112,0
1596160030.9599981,354.79730319976807,0.011111111111111112,0
1596160030.9699981,356.5951986312866,0.011111111111111112,0
1596160030.979998,358.3977289199829,0.011111111111111112,0
1596160030.9889176,360,0.011111111111111112,1
1596160030.9889176,0,0,0
1596160030.9989176,1.8015861511230469,0,0
1596160031.0089176,3.603086471557617,0,0
1596160031.0189176,5.401797294616699,0,0
1596160031.0289176,7.200808525085449,0,0
1596160031.0389175,9.002265930175781,0,0
1596160031.0489175,10.801277160644531,0,0
1596160031.0589175,12.602434158325195,0,0
1596160031.0689175,14.402260780334473,0,0
1596160031.0789175,16.203203201293945,0,0
1596160031.0889175,18.002901077270508,0,0
1596160031.0989175,19.80032444000244,0,0
1596160031.1089175,21.602554321289062,0,0
1596160031.1189175,23.400964736938477,0,0
1596160031.1289175,25.202293395996094,0,0
1596160031.1389174,27.001004219055176,0,0
1596160031.1489174,28.802976608276367,0,0
1596160031.1589174,30.601258277893066,0,0
1596160031.1689174,32.40293025970459,0,0
1596160031.1789174,34.20271396636963,0,0
1596160031.1889174,36.003355979919434,0,0
1596160031.1989174,37.80288219451904,0,0
1596160031.2089174,39.60103511810303,0,0
1596160031.2189174,41.40000343322754,0,0
1596160031.2289174,43.2017183303833,0,0
1596160031.2389174,45.00244617462158,0,0
1596160031.2489173,46.80253028869629,0,0
1596160031.2589173,48.602614402770996,0,0
1596160031.2689173,50.40081024169922,0,0
1596160031.2789173,52.202181816101074,0,0
1596160031.2889173,54.002394676208496,0,0
1596160031.2989173,55.800204277038574,0,0
1596160031.3089173,57.60324954986572,0,0
1596160031.3189173,59.40037250518799,0,0
1596160031.3289173,61.20101451873779,0,0
1596160031.3389173,63.00152778625488,0,0
1596160031.3489172,64.80156898498535,0,0
1596160031.3589172,66.60088062286377,0,0
1596160031.3689172,68.40281009674072,0,0
1596160031.3789172,70.20040512084961,0,0
1596160031.3889172,72.00302124023438,0,0
1596160031.3989172,73.8017749786377,0,0
1596160031.4089172,75.60245990753174,0,0
1596160031.4189172,77.4010419845581,0,0
1596160031.4289172,79.2030143737793,0,0
1596160031.4389172,81.0001802444458,0,0
1596160031.4489172,82.80133724212646,0,0
1596160031.4589171,84.6031379699707,0,0
1596160031.4689171,86.40189170837402,0,0
1596160031.4789171,88.20304870605469,0,0
1596160031.488917,90.00326156616211,0,0
1596160031.498917,91.8032169342041,0,0
1596160031.508917,93.6003828048706,0,0
1596160031.518917,95.39999485015869,0,0
1596160031.528917,97.20158100128174,0,0
1596160031.538917,99.00265216827393,0,0
1596160031.548917,100.8010196685791,0,0
1596160031.558917,102.6018762588501,0,0
1596160031.568917,104.40226078033447,0,0
1596160031.578917,106.20037078857422,0,0
1596160031.588917,108.00096988677979,0,0
1596160031.598917,109.80238437652588,0,0
1596160031.608917,111.60289764404297,0,0
1596160031.618917,113.40216636657715,0,0
1596160031.628917,115.20134925842285,0,0
1596160031.638917,117.00083255767822,0,0
1596160031.648917,118.80190372467041,0,0
1596160031.658917,120.60108661651611,0,0
1596160031.668917,122.40044116973877,0,0
1596160031.678917,124.20262813568115,0,0
1596160031.688917,126.00176811218262,0,0
1596160031.698917,127.80069351196289,0,0
1596160031.708917,129.60270881652832,0,0
1596160031.718917,131.4030933380127,0,0
1596160031.728917,133.20163249969482,0,0
1596160031.7389169,135.00188827514648,0,0
1596160031.7489169,136.80072784423828,0,0
1596160031.7589169,138.6013698577881,0,0
1596160031.7689168,140.40317058563232,0,0
1596160031.7789168,142.20295429229736,0,0
1596160031.7889168,144.00097846984863,0,0
1596160031.7989168,145.80295085906982,0,0
1596160031.8089168,147.60067462921143,0,0
1596160031.8189168,149.40067291259766,0,0
1596160031.8289168,151.20118618011475,0,0
1596160031.8389168,153.0016565322876,0,0
1596160031.8489168,154.80041027069092,0,0
1596160031.8589168,156.600022315979,0,0
1596160031.8689167,158.399977684021,0,0
1596160031.8789167,160.20293712615967,0,0
1596160031.8889167,162.0029354095459,0,0
1596160031.8989167,163.80014419555664,0,0
1596160031.9089167,165.60181617736816,0,0
1596160031.9189167,167.4028444290161,0,0
1596160031.9289167,169.2011260986328,0,0
1596160031.9389167,171.00271224975586,0,0
1596160031.9489167,172.80073642730713,0,0
1596160031.9589167,174.6004343032837,0,0
1596160031.9689167,176.40099048614502,0,0
1596160031.9789166,178.2020616531372,0,0
1596160031.9889166,180.00163078308105,0,0
1596160031.9989166,181.8002986907959,0,0
1596160032.0089166,183.60076904296875,0,0
1596160032.0189166,185.4006814956665,0,0
1596160032.0289166,187.20282554626465,0,0
1596160032.0389166,189.00076389312744,0,0
1596160032.0489166,190.80071926116943,0,0
1596160032.0589166,192.60230541229248,0,0
1596160032.0689166,194.40226078033447,0,0
1596160032.0789165,196.20294570922852,0,0
1596160032.0889165,198.0032444000244,0,0
1596160032.0989165,199.80144023895264,0,0
1596160032.1089165,201.60032272338867,0,0
1596160032.1189165,203.4016513824463,0,0
1596160032.1289165,205.20126342773438,0,0
1596160032.1389165,206.9998025894165,0,0
1596160032.1489165,208.80216121673584,0,0
1596160032.1589165,210.60190200805664,0,0
1596160032.1689165,212.4027156829834,0,0
1596160032.1789165,214.20108318328857,0,0
1596160032.1889164,216.00202560424805,0,0
1596160032.1989164,217.80163764953613,0,0
1596160032.2089164,219.60064888000488,0,0
1596160032.2189164,221.40236377716064,0,0
1596160032.2289164,223.20266246795654,0,0
1596160032.2389164,225.00171661376953,0,0
1596160032.2489164,226.80128574371338,0,0
1596160032.2589164,228.60124111175537,0,0
1596160032.2689164,230.40016651153564,0,0
1596160032.2741854,231.34820938110352,0,0
1596160032.2741854,231.34820938110352,0.0,0
1596160032.2789164,232.20213890075684,0.0,0
1596160032.2889163,234.00265216827393,0.0,0
1596160032.2989163,235.8001184463501,0.0,0
1596160032.3089163,237.6002025604248,0.0,0
1596160032.3189163,239.40178871154785,0.0,0
1596160032.3289163,241.2026023864746,0.0,0
1596160032.3389163,243.0008840560913,0.0,0
1596160032.3489163,244.80101108551025,0.0,0
1596160032.3589163,246.6003656387329,0.0,0
1596160032.3689163,248.40126514434814,0.0,0
1596160032.3789163,250.20113468170166,0.0,0
1596160032.3889163,252.0016050338745,0.0,0
1596160032.3989162,253.8026762008667,0.0,0
1596160032.4089162,255.60228824615479,0.0,0
1596160032.4189162,257.4003553390503,0.0,0
1596160032.4289162,259.2031002044678,0.0,0
1596160032.4389162,261.0000944137573,0.0,0
1596160032.4489162,262.80232429504395,0.0,0
1596160032.4589162,264.6013355255127,0.0,0
1596160032.4689162,266.40270709991455,0.0,0
1596160032.4789162,268.2010316848755,0.0,0
1596160032.4889162,270.00141620635986,0.0,0
1596160032.4989161,271.80115699768066,0.0,0
1596160032.5089161,273.6002540588379,0.0,0
1596160032.5189161,275.4005527496338,0.0,0
1596160032.5289161,277.2019672393799,0.0,0
1596160032.538916,279.00153636932373,0.0,0
1596160032.548916,280.8023500442505,0.0,0
1596160032.558916,282.6009750366211,0.0,0
1596160032.568916,284.40303325653076,0.0,0
1596160032.578916,286.203031539917,0.0,0
1596160032.588916,288.0015707015991,0.0,0
1596160032.5918016,288.5191297531128,0.0,0
1596160032.5918016,288.5191297531128,0.0,0
1596160032.598916,289.80088233947754,0.0,0
1596160032.608916,291.6012239456177,0.0,0
1596160032.618916,293.40014934539795,0.0,0
1596160032.628916,295.2012634277344,0.0,0
1596160032.638916,297.00207710266113,0.0,0
1596160032.648916,298.80048751831055,0.0,0
1596160032.658916,300.60014247894287,0.0,0
1596160032.668916,302.40074157714844,0.0,0
1596160032.678916,304.2025852203369,0.0,0
1596160032.688916,306.0028409957886,0.0,0
1596160032.698916,307.8010368347168,0.0,0
1596160032.708916,309.6021509170532,0.0,0
1596160032.718916,311.4021921157837,0.0,0
1596160032.728916,313.2001304626465,0.0,0
1596160032.738916,315.00072956085205,0.0,0
1596160032.748916,316.8005561828613,0.0,0
1596160032.758916,318.5996961593628,0.0,0
1596160032.768916,320.399866104126,0.0,0
1596160032.778916,322.2027397155762,0.0,0
1596160032.7889159,323.99999141693115,0.0,0
1596160032.7989159,325.80119132995605,0.0,0
1596160032.8089159,327.60161876678467,0.0,0
1596160032.8189158,329.40213203430176,0.0,0
1596160032.8289158,331.2019157409668,0.0,0
1596160032.8389158,333.001914024353,0.0,0
1596160032.8489158,334.8013114929199,0.0,0
1596160032.8589158,336.60075187683105,0.0,0
1596160032.8689158,338.4007930755615,0.0,0
1596160032.8789158,340.20212173461914,0.0,0
1596160032.8889158,342.002592086792,0.0,0
1596160032.8989158,343.79967212677,0.0,0
1596160032.9089158,345.60112953186035,0.0,0
1596160032.9189157,347.40155696868896,0.0,0
1596160032.9289157,349.2020273208618,0.0,0
1596160032.9389157,351.00258350372314,0.0,0
1596160032.9489157,352.80232429504395,0.0,0
1596160032.9589157,354.60107803344727,0.0,0
1596160032.9689157,356.4001750946045,0.0,0
1596160032.9789157,358.2027053833008,0.0,0
1596160032.988932,360,0.0,1
1596160032.988932,0,0,0
1596160032.998932,1.8000411987304688,0,0
1596160033.0089319,3.600468635559082,0,0
1596160033.0189319,5.40226936340332,0,0
1596160033.0289319,7.202610969543457,0,0
1596160033.0389318,9.00080680847168,0,0
1596160033.0489318,10.801963806152344,0,0
1596160033.0589318,12.600030899047852,0,0
1596160033.0689318,14.402260780334473,0,0
1596160033.0789318,16.2033748626709,0,0
1596160033.0889318,18.000798225402832,0,0
1596160033.0989318,19.801526069641113,0,0
1596160033.1089318,21.60336971282959,0,0
1596160033.1189318,23.402423858642578,0,0
1596160033.1289318,25.201220512390137,0,0
1596160033.1389318,27.002463340759277,0,0
1596160033.1489317,28.80319118499756,0,0
1596160033.1589317,30.600786209106445,0,0
1596160033.1689317,32.40314483642578,0,0
1596160033.1789317,34.20322895050049,0,0
1596160033.1889317,36.002068519592285,0,0
1596160033.1989317,37.80292510986328,0,0
1596160033.2089317,39.60099220275879,0,0
1596160033.2189317,41.40300750732422,0,0
1596160033.2289317,43.20219039916992,0,0
1596160033.2389317,45.00098705291748,0,0
1596160033.2489316,46.80051326751709,0,0
1596160033.2589316,48.60098361968994,0,0
1596160033.2689316,50.40020942687988,0,0
1596160033.2789316,52.20308303833008,0,0
1596160033.2889316,54.00286674499512,0,0
1596160033.2989316,55.800161361694336,0,0
1596160033.3089316,57.60209083557129,0,0
1596160033.3189316,59.400930404663086,0,0
1596160033.3289316,61.20200157165527,0,0
1596160033.3389316,63.001956939697266,0,0
1596160033.3489316,64.80041027069092,0,0
1596160033.3589315,66.60332679748535,0,0
1596160033.3689315,68.40246677398682,0,0
1596160033.3789315,70.2011775970459,0,0
1596160033.3889315,72.00332164764404,0,0
1596160033.3989315,73.80181789398193,0,0
1596160033.4089315,75.60108661651611,0,0
1596160033.4189315,77.4025011062622,0,0
1596160033.4289315,79.20138359069824,0,0
1596160033.4389315,81.00159645080566,0,0
1596160033.4489315,82.80202388763428,0,0
1596160033.4589314,84.60129261016846,0,0
1596160033.4689314,86.40206336975098,0,0
1596160033.4789314,88.20094585418701,0,0
1596160033.4889314,90.00137329101562,0,0
1596160033.4989314,91.79991245269775,0,0
1596160033.5089314,93.60235691070557,0,0
1596160033.5189314,95.40244102478027,0,0
1596160033.5289314,97.20278263092041,0,0
1596160033.5389314,99.00256633758545,0,0
1596160033.5489314,100.80333709716797,0,0
1596160033.5589314,102.60260581970215,0,0
1596160033.5689313,104.40221786499023,0,0
1596160033.5789313,106.20264530181885,0,0
1596160033.5889313,108.00152778625488,0,0
1596160033.5989313,109.80088233947754,0,0
1596160033.6089313,111.60096645355225,0,0
1596160033.6189313,113.40238094329834,0,0
1596160033.6289313,115.20130634307861,0,0
1596160033.6389313,117.00117588043213,0,0
1596160033.6489313,118.80173206329346,0,0
1596160033.6589313,120.60263156890869,0,0
1596160033.6689312,122.40164279937744,0,0
1596160033.6789312,124.20164108276367,0,0
1596160033.6889312,126.00155353546143,0,0
1596160033.6989312,127.8015947341919,0,0
1596160033.7089312,129.59996223449707,0,0
1596160033.7189312,131.40159130096436,0,0
1596160033.7289312,133.20034503936768,0,0
1596160033.7389312,135.00184535980225,0,0
1596160033.7489312,136.8005132675171,0,0
1596160033.7589312,138.60235691070557,0,0
1596160033.7689312,140.40308475494385,0,0
1596160033.7789311,142.20183849334717,0,0
1596160033.7889311,144.00170803070068,0,0
1596160033.7989311,145.7999038696289,0,0
1596160033.808931,147.600417137146,0,0
1596160033.818931,149.40101623535156,0,0
1596160033.828931,151.20071411132812,0,0
1596160033.838931,153.0029010772705,0,0
1596160033.848931,154.80238437652588,0,0
1596160033.858931,156.6013526916504,0,0
1596160033.868931,158.40281009674072,0,0
1596160033.878931,160.20246505737305,0,0
1596160033.888931,162.0032787322998,0,0
1596160033.898931,163.80306243896484,0,0
1596160033.908931,165.60198783874512,0,0
1596160033.918931,167.4018144607544,0,0
1596160033.928931,169.20271396636963,0,0
1596160033.938931,171.00215435028076,0,0
1596160033.948931,172.8006935119629,0,0
1596160033.958931,174.6029233932495,0,0
1596160033.968931,176.40150547027588,0,0
1596160033.978931,178.20167541503906,0,0
1596160033.988931,180.00038623809814,0,0
1596160033.998931,181.800856590271,0,0
1596160034.008931,183.60312938690186,0,0
1596160034.018931,185.40085315704346,0,0
1596160034.028931,187.19982147216797,0,0
1596160034.038931,189.000506401062,0,0
1596160034.048931,190.8008909225464,0,0
1596160034.0589309,192.6020050048828,0,0
1596160034.0689309,194.40165996551514,0,0
1596160034.0789309,196.2026023864746,0,0
1596160034.0889308,197.9999828338623,0,0
1596160034.0989308,199.80075359344482,0,0
1596160034.1089308,201.60311222076416,0,0
1596160034.1189308,203.40006351470947,0,0
1596160034.1289308,205.20190715789795,0,0
1596160034.1389308,207.0021629333496,0,0
1596160034.1489308,208.8014316558838,0,0
1596160034.1589308,210.60288906097412,0,0
1596160034.1689308,212.4003553390503,0,0
1596160034.1789308,214.20237064361572,0,0
1596160034.1889307,216.00065231323242,0,0
1596160034.1989307,217.80065059661865,0,0
1596160034.2089307,219.60069179534912,0,0
1596160034.2189307,221.4027500152588,0,0
1596160034.2289307,223.20231914520264,0,0
1596160034.2389307,224.99991416931152,0,0
1596160034.2489307,226.80124282836914,0,0
1596160034.2589307,228.60244274139404,0,0
1596160034.2689307,230.40308475494385,0,0
1596160034.2744234,231.38846397399902,0,0
1596160034.2744234,231.38846397399902,0.0,0
1596160034.2789307,232.19982147216797,0.0,0
1596160034.2889307,234.00256633758545,0.0,0
1596160034.2989306,235.80277919769287,0.0,0
1596160034.3089306,237.60037422180176,0.0,0
1596160034.3189306,239.40165996551514,0.0,0
1596160034.3289306,241.202130317688,0.0,0
1596160034.3389306,243.0010986328125,0.0,0
1596160034.3489306,244.80066776275635,0.0,0
1596160034.3589306,246.60156726837158,0.0,0
1596160034.3689306,248.40105056762695,0.0,0
1596160034.3789306,250.2004909515381,0.0,0
1596160034.3889306,252.00250625610352,0.0,0
1596160034.3989305,253.8006591796875,0.0,0
1596160034.4089305,255.6015157699585,0.0,0
1596160034.4189305,257.4011707305908,0.0,0
1596160034.4289305,259.20129776000977,0.0,0
1596160034.4389305,261.00090980529785,0.0,0
1596160034.4489305,262.80077934265137,0.0,0
1596160034.4589305,264.6030521392822,0.0,0
1596160034.4689305,266.40146255493164,0.0,0
1596160034.4789305,268.20176124572754,0.0,0
1596160034.4889305,270.00163078308105,0.0,0
1596160034.4989305,271.80227279663086,0.0,0
1596160034.5089304,273.6004686355591,0.0,0
1596160034.5189304,275.4002523422241,0.0,0
1596160034.5289304,277.20012187957764,0.0,0
1596160034.5389304,279.00303840637207,0.0,0
1596160034.5489304,280.80162048339844,0.0,0
1596160034.5589304,282.60037422180176,0.0,0
1596160034.5689304,284.40020084381104,0.0,0
1596160034.5789304,286.20084285736084,0.0,0
1596160034.5889304,288.0024290084839,0.0,0
1596160034.5932875,288.78400325775146,0.0,0
1596160034.5932875,288.78400325775146,0.0,0
1596160034.5989304,289.7999382019043,0.0,0
1596160034.6089303,291.60242557525635,0.0,0
1596160034.6189303,293.4005355834961,0.0,0
1596160034.6289303,295.2011775970459,0.0,0
1596160034.6389303,297.00254917144775,0.0,0
1596160034.6489303,298.8026762008667,0.0,0
1596160034.6589303,300.60147285461426,0.0,0
1596160034.6689303,302.4002265930176,0.0,0
1596160034.6789303,304.2028856277466,0.0,0
1596160034.6889303,306.00133895874023,0.0,0
1596160034.6989303,307.80279636383057,0.0,0
1596160034.7089303,309.60150718688965,0.0,0
1596160034.7189302,311.40146255493164,0.0,0
1596160034.7289302,313.20176124572754,0.0,0
1596160034.7389302,315.00107288360596,0.0,0
1596160034.7489302,316.7998266220093,0.0,0
1596160034.7589302,318.60089778900146,0.0,0
1596160034.7689302,320.4014539718628,0.0,0
1596160034.7789302,322.20059394836426,0.0,0
1596160034.7889302,324.00132179260254,0.0,0
1596160034.7989302,325.80162048339844,0.0,0
1596160034.8089302,327.601318359375,0.0,0
1596160034.8189301,329.4018745422363,0.0,0
1596160034.8289301,331.2005853652954,0.0,0
1596160034.8389301,332.9999828338623,0.0,0
1596160034.8489301,334.79989528656006,0.0,0
1596160034.85893,336.6014814376831,0.0,0
1596160034.86893,338.40229511260986,0.0,0
1596160034.87893,340.1998043060303,0.0,0
1596160034.88893,342.000789642334,0.0,0
1596160034.89893,343.8013029098511,0.0,0
1596160034.90893,345.60147285461426,0.0,0
1596160034.91893,347.4017286300659,0.0,0
1596160034.92893,349.202241897583,0.0,0
1596160034.93893,350.9997081756592,0.0,0
1596160034.94893,352.80288219451904,0.0,0
1596160034.95893,354.6015930175781,0.0,0
1596160034.96893,356.3998317718506,0.0,0
1596160034.97893,358.2004737854004,0.0,0
1596160034.9889405,360,0.0,1
1596160034.9889405,0,0,0
1596160034.9989405,1.8032598495483398,0,0
1596160035.0089405,3.60076904296875,0,0
1596160035.0189404,5.402398109436035,0,0
1596160035.0289404,7.2011518478393555,0,0
1596160035.0389404,9.001836776733398,0,0
1596160035.0489404,10.802993774414062,0,0
1596160035.0589404,12.601189613342285,0,0
1596160035.0689404,14.401144981384277,0,0
1596160035.0789404,16.202774047851562,0,0
1596160035.0889404,18.00084114074707,0,0
1596160035.0989404,19.800024032592773,0,0
1596160035.1089404,21.601481437683105,0,0
1596160035.1189404,23.40160846710205,0,0
1596160035.1289403,25.201306343078613,0,0
1596160035.1389403,27.002720832824707,0,0
1596160035.1489403,28.80070209503174,0,0
1596160035.1589403,30.601773262023926,0,0
1596160035.1689403,32.40099906921387,0,0
1596160035.1789403,34.20052528381348,0,0
1596160035.1889403,36.00193977355957,0,0
1596160035.1989403,37.802109718322754,0,0
1596160035.2089403,39.60189342498779,0,0
1596160035.2189403,41.403093338012695,0,0
1596160035.2289402,43.20296287536621,0,0
1596160035.2389402,45.00244617462158,0,0
1596160035.2489402,46.79999828338623,0,0
1596160035.2589402,48.6020565032959,0,0
1596160035.2689402,50.40231227874756,0,0
1596160035.2789402,52.20179557800293,0,0
1596160035.2889402,54.000892639160156,0,0
1596160035.2989402,55.80256462097168,0,0
1596160035.3089402,57.600202560424805,0,0
1596160035.3189402,59.40174579620361,0,0
1596160035.3289402,61.201486587524414,0,0
1596160035.3389401,63.00058364868164,0,0
1596160035.3489401,64.80122566223145,0,0
1596160035.3589401,66.60276889801025,0,0
1596160035.36894,68.40070724487305,0,0
1596160035.37894,70.20031929016113,0,0
1596160035.38894,72.00130462646484,0,0
1596160035.39894,73.80061626434326,0,0
1596160035.40894,75.60070037841797,0,0
1596160035.41894,77.40155696868896,0,0
1596160035.42894,79.20056819915771,0,0
1596160035.43894,81.00095272064209,0,0
1596160035.44894,82.80056476593018,0,0
1596160035.45894,84.60275173187256,0,0
1596160035.46894,86.40257835388184,0,0
1596160035.47894,88.20223331451416,0,0
1596160035.48894,90.0031328201294,0,0
1596160035.49894,91.80278778076172,0,0
1596160035.50894,93.59995365142822,0,0
1596160035.51894,95.40231227874756,0,0
1596160035.52894,97.20085144042969,0,0
1596160035.53894,99.00042057037354,0,0
1596160035.54894,100.8019208908081,0,0
1596160035.55894,102.60011672973633,0,0
1596160035.56894,104.40123081207275,0,0
1596160035.57894,106.20140075683594,0,0
1596160035.58894,108.00195693969727,0,0
1596160035.59894,109.80002403259277,0,0
1596160035.60894,111.60152435302734,0,0
1596160035.6189399,113.40302467346191,0,0
1596160035.6289399,115.20031929016113,0,0
1596160035.6389399,117.00053215026855,0,0
1596160035.6489398,118.8032341003418,0,0
1596160035.6589398,120.60245990753174,0,0
1596160035.6689398,122.40297317504883,0,0
1596160035.6789398,124.20207023620605,0,0
1596160035.6889398,126.00065231323242,0,0
1596160035.6989398,127.80035018920898,0,0
1596160035.7089398,129.60240840911865,0,0
1596160035.7189398,131.40180587768555,0,0
1596160035.7289398,133.20197582244873,0,0
1596160035.7389398,135.0027894973755,0,0
1596160035.7489398,136.8032169342041,0,0
1596160035.7589397,138.60064029693604,0,0
1596160035.7689397,140.40059566497803,0,0
1596160035.7789397,142.20072269439697,0,0
1596160035.7889397,144.0001630783081,0,0
1596160035.7989397,145.80200672149658,0,0
1596160035.8089397,147.60024547576904,0,0
1596160035.8189397,149.40110206604004,0,0
1596160035.8289397,151.2011432647705,0,0
1596160035.8389397,153.00195693969727,0,0
1596160035.8489397,154.80302810668945,0,0
1596160035.8589396,156.60109519958496,0,0
1596160035.8689396,158.4014368057251,0,0
1596160035.8789396,160.2019500732422,0,0
1596160035.8889396,162.00074672698975,0,0
1596160035.8989396,163.80091667175293,0,0
1596160035.9089396,165.60125827789307,0,0
1596160035.9189396,167.40009784698486,0,0
1596160035.9289396,169.20039653778076,0,0
1596160035.9389396,171.00009441375732,0,0
1596160035.9489396,172.80266761779785,0,0
1596160035.9589396,174.60047721862793,0,0
1596160035.9689395,176.40223503112793,0,0
1596160035.9789395,178.20090293884277,0,0
1596160035.9889395,180.00197410583496,0,0
1596160035.9989395,181.8011999130249,0,0
1596160036.0089395,183.60257148742676,0,0
1596160036.0189395,185.40166854858398,0,0
1596160036.0289395,187.20312595367432,0,0
1596160036.0389395,189.00209426879883,0,0
1596160036.0489395,190.80316543579102,0,0
1596160036.0589395,192.60294914245605,0,0
1596160036.0689394,194.40045833587646,0,0
1596160036.0789394,196.20075702667236,0,0
1596160036.0889394,198.00079822540283,0,0
1596160036.0989394,199.79985237121582,0,0
1596160036.1089394,201.60152435302734,0,0
1596160036.1189394,203.40246677398682,0,0
1596160036.1289394,205.20079135894775,0,0
1596160036.1389394,207.00031757354736,0,0
1596160036.1489394,208.8023328781128,0,0
1596160036.1589394,210.60048580169678,0,0
1596160036.1689394,212.4006986618042,0,0
1596160036.1789393,214.201340675354,0,0
1596160036.1889393,216.00271224975586,0,0
1596160036.1989393,217.80099391937256,0,0
1596160036.2089393,219.60142135620117,0,0
1596160036.2189393,221.40296459197998,0,0
1596160036.2289393,223.20210456848145,0,0
1596160036.2389393,225.0006866455078,0,0
1596160036.2489393,226.80124282836914,0,0
1596160036.2589393,228.6023998260498,0,0
1596160036.2689393,230.40299892425537,0,0
1596160036.2733998,231.2026834487915,0,0
1596160036.2733998,231.2026834487915,0.0,0
1596160036.2789392,232.20128059387207,0.0,0
1596160036.2889392,234.00020599365234,0.0,0
1596160036.2989392,235.79998970031738,0.0,0
1596160036.3089392,237.60290622711182,0.0,0
1596160036.3189392,239.40165996551514,0.0,0
1596160036.3289392,241.20277404785156,0.0,0
1596160036.3389392,243.00062656402588,0.0,0
1596160036.3489392,244.80109691619873,0.0,0
1596160036.3589392,246.600022315979,0.0,0
1596160036.3689392,248.4021234512329,0.0,0
1596160036.3789392,250.20066261291504,0.0,0
1596160036.3889391,252.002592086792,0.0,0
1596160036.3989391,253.8006591796875,0.0,0
1596160036.4089391,255.60100078582764,0.0,0
1596160036.418939,257.4030590057373,0.0,0
1596160036.428939,259.2025423049927,0.0,0
1596160036.438939,261.00078105926514,0.0,0
1596160036.448939,262.80142307281494,0.0,0
1596160036.458939,264.601035118103,0.0,0
1596160036.468939,266.40103340148926,0.0,0
1596160036.478939,268.1999158859253,0.0,0
1596160036.488939,270.0021457672119,0.0,0
1596160036.498939,271.8027448654175,0.0,0
1596160036.508939,273.6009407043457,0.0,0
1596160036.518939,275.40106773376465,0.0,0
1596160036.528939,277.20136642456055,0.0,0
1596160036.538939,279.00312423706055,0.0,0
1596160036.548939,280.8014488220215,0.0,0
1596160036.558939,282.60149002075195,0.0,0
1596160036.568939,284.4014024734497,0.0,0
1596160036.578939,286.2014436721802,0.0,0
1596160036.588939,288.0024719238281,0.0,0
1596160036.593528,288.8257598876953,0.0,0
1596160036.593528,288.8257598876953,0.0,0
1596160036.598939,289.79976654052734,0.0,0
1596160036.608939,291.6021251678467,0.0,0
1596160036.618939,293.402681350708,0.0,0
1596160036.628939,295.2018213272095,0.0,0
1596160036.638939,297.00310707092285,0.0,0
1596160036.648939,298.8024616241455,0.0,0
1596160036.658939,300.60100078582764,0.0,0
1596160036.6689389,302.39975452423096,0.0,0
1596160036.6789389,304.2018127441406,0.0,0
1596160036.6889389,306.0017681121826,0.0,0
1596160036.6989388,307.79974937438965,0.0,0
1596160036.7089388,309.5997476577759,0.0,0
1596160036.7189388,311.4007329940796,0.0,0
1596160036.7289388,313.2012462615967,0.0,0
1596160036.7389388,315.00163078308105,0.0,0
1596160036.7489388,316.8027448654175,0.0,0
1596160036.7589388,318.60222816467285,0.0,0
1596160036.7689388,320.40218353271484,0.0,0
1596160036.7789388,322.20046520233154,0.0,0
1596160036.7889388,324.00042057037354,0.0,0
1596160036.7989388,325.801362991333,0.0,0
1596160036.8089387,327.60170459747314,0.0,0
1596160036.8189387,329.4007158279419,0.0,0
1596160036.8289387,331.2024736404419,0.0,0
1596160036.8389387,333.00135612487793,0.0,0
1596160036.8489387,334.80225563049316,0.0,0
1596160036.8589387,336.60186767578125,0.0,0
1596160036.8689387,338.4012222290039,0.0,0
1596160036.8789387,340.2025079727173,0.0,0
1596160036.8889387,342.00087547302246,0.0,0
1596160036.8989387,343.8001871109009,0.0,0
1596160036.9089386,345.6008291244507,0.0,0
1596160036.9189386,347.4023723602295,0.0,0
1596160036.9289386,349.20159816741943,0.0,0
1596160036.9389386,350.9998369216919,0.0,0
1596160036.9489386,352.800350189209,0.0,0
1596160036.9589386,354.6000909805298,0.0,0
1596160036.9689386,356.40090465545654,0.0,0
1596160036.9789386,358.2022762298584,0.0,0
1596160036.9889386,359.9997854232788,0.0,0
1596160036.988961,360,0.0,1
1596160036.988961,0,0,0
1596160036.998961,1.8015432357788086,0,0
1596160037.008961,3.6004257202148438,0,0
1596160037.018961,5.401110649108887,0,0
1596160037.028961,7.202653884887695,0,0
1596160037.038961,9.003081321716309,0,0
1596160037.048961,10.800461769104004,0,0
1596160037.058961,12.602605819702148,0,0
1596160037.068961,14.400758743286133,0,0
1596160037.078961,16.201701164245605,0,0
1596160037.088961,18.001270294189453,0,0
1596160037.0989609,19.80238437652588,0,0
1596160037.1089609,21.60182476043701,0,0
1596160037.1189609,23.402938842773438,0,0
1596160037.1289608,25.200791358947754,0,0
1596160037.1389608,27.00087547302246,0,0
1596160037.1489608,28.801774978637695,0,0
1596160037.1589608,30.601515769958496,0,0
1596160037.1689608,32.40267276763916,0,0
1596160037.1789608,34.20022487640381,0,0
1596160037.1889608,36.00065231323242,0,0
1596160037.1989608,37.80168056488037,0,0
1596160037.2089608,39.601120948791504,0,0
1596160037.2189608,41.401634216308594,0,0
1596160037.2289608,43.20296287536621,0,0
1596160037.2389607,45.002875328063965,0,0
1596160037.2489607,46.8011999130249,0,0
1596160037.2589607,48.60106945037842,0,0
1596160037.2689607,50.401883125305176,0,0
1596160037.2789607,52.20334053039551,0,0
1596160037.2889607,54.00106430053711,0,0
1596160037.2989607,55.80076217651367,0,0
1596160037.3089607,57.60174751281738,0,0
1596160037.3189607,59.40114498138428,0,0
1596160037.3289607,61.20285987854004,0,0
1596160037.3389606,63.002943992614746,0,0
1596160037.3489606,64.80015277862549,0,0
1596160037.3589606,66.60139560699463,0,0
1596160037.3689606,68.40298175811768,0,0
1596160037.3789606,70.20023345947266,0,0
1596160037.3889606,72.00289249420166,0,0
1596160037.3989606,73.80310535430908,0,0
1596160037.4089606,75.60022830963135,0,0
1596160037.4189606,77.40310192108154,0,0
1596160037.4289606,79.2000961303711,0,0
1596160037.4389606,81.00284099578857,0,0
1596160037.4489605,82.80185222625732,0,0
1596160037.4589605,84.60292339324951,0,0
1596160037.4689605,86.40262126922607,0,0
1596160037.4789605,88.2026195526123,0,0
1596160037.4889605,90.0,0,0
1596160037.4989605,91.80180072784424,0,0
1596160037.5089605,93.60081195831299,0,0
1596160037.5189605,95.40261268615723,0,0
1596160037.5289605,97.20248222351074,0,0
1596160037.5389605,99.00063514709473,0,0
1596160037.5489604,100.80119132995605,0,0
1596160037.5589604,102.60161876678467,0,0
1596160037.5689604,104.40123081207275,0,0
1596160037.5789604,106.20041370391846,0,0
1596160037.5889604,108.00315856933594,0,0
1596160037.5989604,109.80096817016602,0,0
1596160037.6089604,111.60032272338867,0,0
1596160037.6189604,113.40049266815186,0,0
1596160037.6289604,115.20079135894775,0,0
1596160037.6389604,117.0027208328247,0,0
1596160037.6489604,118.80297660827637,0,0
1596160037.6589603,120.60314655303955,0,0
1596160037.6689603,122.40117073059082,0,0
1596160037.6789603,124.20146942138672,0,0
1596160037.6889603,126.0001802444458,0,0
1596160037.6989603,127.8008222579956,0,0
1596160037.7089603,129.60197925567627,0,0
1596160037.7189603,131.4025354385376,0,0
1596160037.7289603,133.20313453674316,0,0
1596160037.7389603,135.00205993652344,0,0
1596160037.7489603,136.80004119873047,0,0
1596160037.7589602,138.60012531280518,0,0
1596160037.7689602,140.4024839401245,0,0
1596160037.7789602,142.2009801864624,0,0
1596160037.7889602,144.00282382965088,0,0
1596160037.7989602,145.8019208908081,0,0
1596160037.8089602,147.60307788848877,0,0
1596160037.8189602,149.40118789672852,0,0
1596160037.8289602,151.20230197906494,0,0
1596160037.8389602,153.00268650054932,0,0
1596160037.8489602,154.80088233947754,0,0
1596160037.8589602,156.60178184509277,0,0
1596160037.8689601,158.40117931365967,0,0
1596160037.8789601,160.20250797271729,0,0
1596160037.8889601,162.00212001800537,0,0
1596160037.89896,163.8019037246704,0,0
1596160037.90896,165.60035705566406,0,0
1596160037.91896,167.40220069885254,0,0
1596160037.92896,169.20310020446777,0,0
1596160037.93896,171.00262641906738,0,0
1596160037.94896,172.802152633667,0,0
1596160037.95896,174.60159301757812,0,0
1596160037.96896,176.40244960784912,0,0
1596160037.97896,178.20017337799072,0,0
1596160037.98896,180.00025749206543,0,0
1596160037.99896,181.80325984954834,0,0
1596160038.00896,183.60304355621338,0,0
1596160038.01896,185.40008068084717,0,0
1596160038.02896,187.20033645629883,0,0
1596160038.03896,189.00299549102783,0,0
1596160038.04896,190.80200672149658,0,0
1596160038.05896,192.60179042816162,0,0
1596160038.06896,194.40088748931885,0,0
1596160038.07896,196.20019912719727,0,0
1596160038.08896,198.0016565322876,0,0
1596160038.09896,199.80066776275635,0,0
1596160038.10896,201.60015106201172,0,0
1596160038.11896,203.40049266815186,0,0
1596160038.12896,205.20246505737305,0,0
1596160038.13896,207.00027465820312,0,0
1596160038.1489599,208.80194664001465,0,0
1596160038.1589599,210.60138702392578,0,0
1596160038.1689599,212.40009784698486,0,0
1596160038.1789598,214.20275688171387,0,0
1596160038.1889598,216.0019826889038,0,0
1596160038.1989598,217.8004789352417,0,0
1596160038.2089598,219.60305213928223,0,0
1596160038.2189598,221.40202045440674,0,0
1596160038.2289598,223.20000171661377,0,0
1596160038.2389598,224.99982833862305,0,0
1596160038.2489598,226.80059909820557,0,0
1596160038.2589598,228.59995365142822,0,0
1596160038.2689598,230.4026985168457,0,0
1596160038.2748883,231.4669132232666,0,0
1596160038.2748883,231.4669132232666,0.0,0
1596160038.2789598,232.20140933990479,0.0,0
1596160038.2889597,234.0030813217163,0.0,0
1596160038.2989597,235.80183506011963,0.0,0
1596160038.3089597,237.602219581604,0.0,0
1596160038.3189597,239.4001579284668,0.0,0
1596160038.3289597,241.2026023864746,0.0,0
1596160038.3389597,243.00281524658203,0.0,0
1596160038.3489597,244.80148315429688,0.0,0
1596160038.3589597,246.60152435302734,0.0,0
1596160038.3689597,248.40281009674072,0.0,0
1596160038.3789597,250.20031929016113,0.0,0
1596160038.3889596,252.00048923492432,0.0,0
1596160038.3989596,253.80181789398193,0.0,0
1596160038.4089596,255.6011724472046,0.0,0
1596160038.4189596,257.4016857147217,0.0,0
1596160038.4289596,259.20305728912354,0.0,0
1596160038.4389596,261.0012102127075,0.0,0
1596160038.4489596,262.7999210357666,0.0,0
1596160038.4589596,264.59991931915283,0.0,0
1596160038.4689596,266.4021921157837,0.0,0
1596160038.4789596,268.2013750076294,0.0,0
1596160038.4889596,270.00038623809814,0.0,0
1596160038.4989595,271.79991245269775,0.0,0
1596160038.5089595,273.6020565032959,0.0,0
1596160038.5189595,275.40308475494385,0.0,0
1596160038.5289595,277.20239639282227,0.0,0
1596160038.5389595,279.0029525756836,0.0,0
1596160038.5489595,280.80153465270996,0.0,0
1596160038.5589595,282.60093212127686,0.0,0
1596160038.5689595,284.40144538879395,0.0,0
1596160038.5789595,286.20041370391846,0.0,0
1596160038.5889595,288.00272941589355,0.0,0
1596160038.592521,288.6407947540283,0.0,0
1596160038.592521,288.6407947540283,0.0,0
1596160038.5989594,289.8007106781006,0.0,0
1596160038.6089594,291.60075187683105,0.0,0
1596160038.6189594,293.40070724487305,0.0,0
1596160038.6289594,295.2027654647827,0.0,0
1596160038.6389594,297.00031757354736,0.0,0
1596160038.6489594,298.8001012802124,0.0,0
1596160038.6589594,300.5999708175659,0.0,0
1596160038.6689594,302.4010419845581,0.0,0
1596160038.6789594,304.2000102996826,0.0,0
1596160038.6889594,306.0000514984131,0.0,0
1596160038.6989594,307.8029251098633,0.0,0
1596160038.7089593,309.60185050964355,0.0,0
1596160038.7189593,311.4014196395874,0.0,0
1596160038.7289593,313.2019329071045,0.0,0
1596160038.7389593,315.0016736984253,0.0,0
1596160038.7489593,316.8023157119751,0.0,0
1596160038.7589593,318.60029697418213,0.0,0
1596160038.7689593,320.4015827178955,0.0,0
1596160038.7789593,322.2002077102661,0.0,0
1596160038.7889593,324.002480506897,0.0,0
1596160038.7989593,325.8026933670044,0.0,0
1596160038.8089592,327.59981632232666,0.0,0
1596160038.8189592,329.4020462036133,0.0,0
1596160038.8289592,331.19972705841064,0.0,0
1596160038.8389592,333.00225734710693,0.0,0
1596160038.8489592,334.8009252548218,0.0,0
1596160038.8589592,336.60088062286377,0.0,0
1596160038.8689592,338.40216636657715,0.0,0
1596160038.8789592,340.2013921737671,0.0,0
1596160038.8889592,341.999888420105,0.0,0
1596160038.8989592,343.80027294158936,0.0,0
1596160038.9089592,345.60057163238525,0.0,0
1596160038.9189591,347.4012565612793,0.0,0
1596160038.9289591,349.2028856277466,0.0,0
1596160038.9389591,351.0003089904785,0.0,0
1596160038.948959,352.8015089035034,0.0,0
1596160038.958959,354.6002197265625,0.0,0
1596160038.968959,356.4013338088989,0.0,0
1596160038.978959,358.200044631958,0.0,0
1596160038.988959,359.9999141693115,0.0,0
1596160038.9889822,360,0.0,1
1596160038.9889822,0,0,0
1596160038.9989822,1.8028736114501953,0,0
1596160039.0089822,3.602786064147949,0,0
1596160039.0189822,5.400724411010742,0,0
1596160039.0289822,7.200593948364258,0,0
1596160039.0389822,9.001836776733398,0,0
1596160039.0489821,10.801663398742676,0,0
1596160039.0589821,12.602391242980957,0,0
1596160039.0689821,14.401016235351562,0,0
1596160039.078982,16.20204448699951,0,0
1596160039.088982,18.001441955566406,0,0
1596160039.098982,19.80036735534668,0,0
1596160039.108982,21.60238265991211,0,0
1596160039.118982,23.402509689331055,0,0
1596160039.128982,25.20036220550537,0,0
1596160039.138982,27.00061798095703,0,0
1596160039.148982,28.80216121673584,0,0
1596160039.158982,30.60245990753174,0,0
1596160039.168982,32.40168571472168,0,0
1596160039.178982,34.201555252075195,0,0
1596160039.188982,35.99996566772461,0,0
1596160039.198982,37.80043601989746,0,0
1596160039.208982,39.60013389587402,0,0
1596160039.218982,41.402621269226074,0,0
1596160039.228982,43.201117515563965,0,0
1596160039.238982,45.000643730163574,0,0
1596160039.248982,46.80158615112305,0,0
1596160039.258982,48.60300064086914,0,0
1596160039.268982,50.40158271789551,0,0
1596160039.278982,52.20076560974121,0,0
1596160039.288982,54.000205993652344,0,0
1596160039.298982,55.80089092254639,0,0
1596160039.308982,57.60033130645752,0,0
1596160039.318982,59.4010591506958,0,0
1596160039.3289819,61.20187282562256,0,0
1596160039.3389819,63.00217151641846,0,0
1596160039.3489819,64.80041027069092,0,0
1596160039.3589818,66.60109519958496,0,0
1596160039.3689818,68.40319633483887,0,0
1596160039.3789818,70.20001888275146,0,0
1596160039.3889818,72.00297832489014,0,0
1596160039.3989818,73.80190372467041,0,0
1596160039.4089818,75.60271739959717,0,0
1596160039.4189818,77.40254402160645,0,0
1596160039.4289818,79.2009973526001,0,0
1596160039.4389818,81.00022315979004,0,0
1596160039.4489818,82.8019380569458,0,0
1596160039.4589818,84.60318088531494,0,0
1596160039.4689817,86.4016342163086,0,0
1596160039.4789817,88.20322036743164,0,0
1596160039.4889817,90.00175952911377,0,0
1596160039.4989817,91.80257320404053,0,0
1596160039.5089817,93.59999656677246,0,0
1596160039.5189817,95.40317058563232,0,0
1596160039.5289817,97.20269680023193,0,0
1596160039.5389817,99.00243759155273,0,0
1596160039.5489817,100.80089092254639,0,0
1596160039.5589817,102.60234832763672,0,0
1596160039.5689816,104.4014024734497,0,0
1596160039.5789816,106.20243072509766,0,0
1596160039.5889816,108.00161361694336,0,0
1596160039.5989816,109.80311393737793,0,0
1596160039.6089816,111.60126686096191,0,0
1596160039.6189816,113.401780128479,0,0
1596160039.6289816,115.20053386688232,0,0
1596160039.6389816,117.00190544128418,0,0
1596160039.6489816,118.80198955535889,0,0
1596160039.6589816,120.60164451599121,0,0
1596160039.6689816,122.40224361419678,0,0
1596160039.6789815,124.20151233673096,0,0
1596160039.6889815,126.00043773651123,0,0
1596160039.6989815,127.80150890350342,0,0
1596160039.7089815,129.60296630859375,0,0
1596160039.7189815,131.40326499938965,0,0
1596160039.7289815,133.200044631958,0,0
1596160039.7389815,135.0011157989502,0,0
1596160039.7489815,136.80278778076172,0,0
1596160039.7589815,138.601713180542,0,0
1596160039.7689815,140.4026985168457,0,0
1596160039.7789814,142.19990730285645,0,0
1596160039.7889814,144.00132179260254,0,0
1596160039.7989814,145.80200672149658,0,0
1596160039.8089814,147.6020050048828,0,0
1596160039.8189814,149.40144538879395,0,0
1596160039.8289814,151.20032787322998,0,0
1596160039.8389814,153.0019998550415,0,0
1596160039.8489814,154.80186939239502,0,0
1596160039.8589814,156.60130977630615,0,0
1596160039.8689814,158.40186595916748,0,0
1596160039.8789814,160.20220756530762,0,0
1596160039.8889813,162.0030641555786,0,0
1596160039.8989813,163.8021183013916,0,0
1596160039.9089813,165.60250282287598,0,0
1596160039.9189813,167.4027156829834,0,0
1596160039.9289813,169.2016839981079,0,0
1596160039.9389813,171.0024118423462,0,0
1596160039.9489813,172.80219554901123,0,0
1596160039.9589813,174.6018934249878,0,0
1596160039.9689813,176.4017629623413,0,0
1596160039.9789813,178.20064544677734,0,0
1596160039.9889812,179.99987125396729,0,0
1596160039.9989812,181.80150032043457,0,0
1596160040.0089812,183.6003828048706,0,0
1596160040.0189812,185.40282726287842,0,0
1596160040.0289812,187.20201015472412,0,0
1596160040.0389812,189.00132179260254,0,0
1596160040.0489812,190.80260753631592,0,0
1596160040.0589812,192.6016616821289,0,0
1596160040.0689812,194.40170288085938,0,0
1596160040.0789812,196.2015724182129,0,0
1596160040.0889812,198.00217151641846,0,0
1596160040.0989811,199.79985237121582,0,0
1596160040.1089811,201.5998077392578,0,0
1596160040.1189811,203.40096473693848,0,0
1596160040.128981,205.2024221420288,0,0
1596160040.138981,207.00048923492432,0,0
1596160040.148981,208.8004446029663,0,0
1596160040.158981,210.60211658477783,0,0
1596160040.168981,212.40108489990234,0,0
1596160040.178981,214.20146942138672,0,0
1596160040.188981,216.00159645080566,0,0
1596160040.198981,217.80258178710938,0,0
1596160040.208981,219.6007776260376,0,0
1596160040.218981,221.40223503112793,0,0
1596160040.228981,223.20300579071045,0,0
1596160040.238981,225.00300407409668,0,0
1596160040.248981,226.79991245269775,0,0
1596160040.258981,228.60158443450928,0,0
1596160040.268981,230.40222644805908,0,0
1596160040.2738612,231.27821445465088,0,0
1596160040.2738612,231.27821445465088,0.0,0
1596160040.278981,232.2008514404297,0.0,0
1596160040.288981,234.0023946762085,0.0,0
1596160040.298981,235.8030366897583,0.0,0
1596160040.308981,237.60114669799805,0.0,0
1596160040.318981,239.4005012512207,0.0,0
1596160040.328981,241.20071411132812,0.0,0
1596160040.338981,243.0010986328125,0.0,0
1596160040.348981,244.80204105377197,0.0,0
1596160040.358981,246.6004514694214,0.0,0
1596160040.368981,248.40281009674072,0.0,0
1596160040.3789809,250.2022933959961,0.0,0
1596160040.3889809,252.0011329650879,0.0,0
1596160040.3989809,253.80078792572021,0.0,0
1596160040.4089808,255.6006145477295,0.0,0
1596160040.4189808,257.4030590057373,0.0,0
1596160040.4289808,259.2014265060425,0.0,0
1596160040.4389808,261.0015535354614,0.0,0
1596160040.4489808,262.80073642730713,0.0,0
1596160040.4589808,264.59983348846436,0.0,0
1596160040.4689808,266.4023208618164,0.0,0
1596160040.4789808,268.19987297058105,0.0,0
1596160040.4889808,270.00072956085205,0.0,0
1596160040.4989808,271.8030023574829,0.0,0
1596160040.5089808,273.60042572021484,0.0,0
1596160040.5189807,275.4003381729126,0.0,0
1596160040.5289807,277.202353477478,0.0,0
1596160040.5389807,279.00235176086426,0.0,0
1596160040.5489807,280.8008050918579,0.0,0
1596160040.5589807,282.60239124298096,0.0,0
1596160040.5689807,284.4026041030884,0.0,0
1596160040.5789807,286.19972705841064,0.0,0
1596160040.5889807,288.00015449523926,0.0,0
1596160040.5927393,288.6762857437134,0.0,0
1596160040.5927393,288.6762857437134,0.0,0
1596160040.5989807,289.7998523712158,0.0,0
1596160040.6089807,291.60208225250244,0.0,0
1596160040.6189806,293.4009647369385,0.0,0
1596160040.6289806,295.20280838012695,0.0,0
1596160040.6389806,297.00186252593994,0.0,0
1596160040.6489806,298.801646232605,0.0,0
1596160040.6589806,300.60293197631836,0.0,0
1596160040.6689806,302.40129947662354,0.0,0
1596160040.6789806,304.20194149017334,0.0,0
1596160040.6889806,306.00048065185547,0.0,0
1596160040.6989806,307.7997064590454,0.0,0
1596160040.7089806,309.600133895874,0.0,0
1596160040.7189806,311.4010763168335,0.0,0
1596160040.7289805,313.19995880126953,0.0,0
1596160040.7389805,315.0021457672119,0.0,0
1596160040.7489805,316.8025732040405,0.0,0
1596160040.7589805,318.60244274139404,0.0,0
1596160040.7689805,320.400767326355,0.0,0
1596160040.7789805,322.2000789642334,0.0,0
1596160040.7889805,324.00012016296387,0.0,0
1596160040.7989805,325.7999897003174,0.0,0
1596160040.8089805,327.60303497314453,0.0,0
1596160040.8189805,329.4000720977783,0.0,0
1596160040.8289804,331.20195865631104,0.0,0
1596160040.8389804,333.0026435852051,0.0,0
1596160040.8489804,334.8013114929199,0.0,0
1596160040.8589804,336.6029405593872,0.0,0
1596160040.8689804,338.4009647369385,0.0,0
1596160040.8789804,340.2022075653076,0.0,0
1596160040.8889804,342.0028495788574,0.0,0
1596160040.8989804,343.8013458251953,0.0,0
1596160040.9089804,345.59979915618896,0.0,0
1596160040.9189804,347.3996686935425,0.0,0
1596160040.9289804,349.2010831832886,0.0,0
1596160040.9389803,351.000394821167,0.0,0
1596160040.9489803,352.80099391937256,0.0,0
1596160040.9589803,354.6030521392822,0.0,0
1596160040.9689803,356.4009475708008,0.0,0
1596160040.9789803,358.20244789123535,0.0,0
1596160040.988992,360,0.0,1
1596160040.988992,0,0,0
1596160040.998992,1.8020153045654297,0,0
1596160041.008992,3.6019277572631836,0,0
1596160041.018992,5.400424003601074,0,0
1596160041.028992,7.20003604888916,0,0
1596160041.038992,9.00080680847168,0,0
1596160041.048992,10.800333023071289,0,0
1596160041.058992,12.602949142456055,0,0
1596160041.068992,14.402003288269043,0,0
1596160041.078992,16.202988624572754,0,0
1596160041.0889919,18.00337314605713,0,0
1596160041.0989919,19.802942276000977,0,0
1596160041.1089919,21.60212516784668,0,0
1596160041.1189919,23.402509689331055,0,0
1596160041.1289918,25.200319290161133,0,0
1596160041.1389918,27.001733779907227,0,0
1596160041.1489918,28.802204132080078,0,0
1596160041.1589918,30.60044288635254,0,0
1596160041.1689918,32.40142822265625,0,0
1596160041.1789918,34.201083183288574,0,0
1596160041.1889918,36.000609397888184,0,0
1596160041.1989918,37.80017852783203,0,0
1596160041.2089918,39.60142135620117,0,0
1596160041.2189918,41.40026092529297,0,0
1596160041.2289917,43.200387954711914,0,0
1596160041.2389917,45.00296115875244,0,0
1596160041.2489917,46.80218696594238,0,0
1596160041.2589917,48.60231399536133,0,0
1596160041.2689917,50.40050983428955,0,0
1596160041.2789917,52.201924324035645,0,0
1596160041.2889917,54.002952575683594,0,0
1596160041.2989917,55.80260753631592,0,0
1596160041.3089917,57.601661682128906,0,0
1596160041.3189917,59.401230812072754,0,0
1596160041.3289917,61.20062828063965,0,0
1596160041.3389916,63.001484870910645,0,0
1596160041.3489916,64.80289936065674,0,0
1596160041.3589916,66.6020393371582,0,0
1596160041.3689916,68.40105056762695,0,0
1596160041.3789916,70.20336627960205,0,0
1596160041.3889916,72.00199127197266,0,0
1596160041.3989916,73.80190372467041,0,0
1596160041.4089916,75.60018539428711,0,0
1596160041.4189916,77.40061283111572,0,0
1596160041.4289916,79.20207023620605,0,0
1596160041.4389915,81.0007381439209,0,0
1596160041.4489915,82.8024959564209,0,0
1596160041.4589915,84.60172176361084,0,0
1596160041.4689915,86.40008926391602,0,0
1596160041.4789915,88.20103168487549,0,0
1596160041.4889915,90.00278949737549,0,0
1596160041.4989915,91.80132865905762,0,0
1596160041.5089915,93.60051155090332,0,0
1596160041.5189915,95.40188312530518,0,0
1596160041.5289915,97.20205307006836,0,0
1596160041.5389915,99.00102138519287,0,0
1596160041.5489914,100.80153465270996,0,0
1596160041.5589914,102.60114669799805,0,0
1596160041.5689914,104.402174949646,0,0
1596160041.5789914,106.20182991027832,0,0
1596160041.5889914,108.00105571746826,0,0
1596160041.5989914,109.80075359344482,0,0
1596160041.6089914,111.60135269165039,0,0
1596160041.6189914,113.40156555175781,0,0
1596160041.6289914,115.20019054412842,0,0
1596160041.6389914,117.00121879577637,0,0
1596160041.6489913,118.80241870880127,0,0
1596160041.6589913,120.60250282287598,0,0
1596160041.6689913,122.40129947662354,0,0
1596160041.6789913,124.20129776000977,0,0
1596160041.6889913,126.00048065185547,0,0
1596160041.6989913,127.79996395111084,0,0
1596160041.7089913,129.60017681121826,0,0
1596160041.7189913,131.40240669250488,0,0
1596160041.7289913,133.2015037536621,0,0
1596160041.7389913,135.00158786773682,0,0
1596160041.7489913,136.80295944213867,0,0
1596160041.7589912,138.6018419265747,0,0
1596160041.7689912,140.40072441101074,0,0
1596160041.7789912,142.2008514404297,0,0
1596160041.7889912,144.0005922317505,0,0
1596160041.7989912,145.80295085906982,0,0
1596160041.8089912,147.60213375091553,0,0
1596160041.8189912,149.4002866744995,0,0
1596160041.8289912,151.2026023864746,0,0
1596160041.8389912,153.0014419555664,0,0
1596160041.8489912,154.80019569396973,0,0
1596160041.8589911,156.60302639007568,0,0
1596160041.8689911,158.40216636657715,0,0
1596160041.8789911,160.19989013671875,0,0
1596160041.888991,162.00276374816895,0,0
1596160041.898991,163.7999725341797,0,0
1596160041.908991,165.60250282287598,0,0
1596160041.918991,167.40026950836182,0,0
1596160041.928991,169.2015552520752,0,0
1596160041.938991,171.00022315979004,0,0
1596160041.948991,172.80189514160156,0,0
1596160041.958991,174.60082054138184,0,0
1596160041.968991,176.40116214752197,0,0
1596160041.978991,178.20326328277588,0,0
1596160041.988991,180.000901222229,0,0
1596160041.998991,181.80128574371338,0,0
1596160042.008991,183.6011552810669,0,0
1596160042.018991,185.40149688720703,0,0
1596160042.028991,187.20102310180664,0,0
1596160042.038991,189.00235176086426,0,0
1596160042.048991,190.80020427703857,0,0
1596160042.058991,192.60015964508057,0,0
1596160042.068991,194.40187454223633,0,0
1596160042.078991,196.20105743408203,0,0
1596160042.088991,198.00285816192627,0,0
1596160042.098991,199.80075359344482,0,0
1596160042.108991,201.60100936889648,0,0
1596160042.118991,203.40040683746338,0,0
1596160042.128991,205.200834274292,0,0
1596160042.1389909,206.99997425079346,0,0
1596160042.1489909,208.80254745483398,0,0
1596160042.1589909,210.6002712249756,0,0
1596160042.1689909,212.4009132385254,0,0
1596160042.1789908,214.20138359069824,0,0
1596160042.1889908,216.00060939788818,0,0
1596160042.1989908,217.80090808868408,0,0
1596160042.2089908,219.59983348846436,0,0
1596160042.2189908,221.4027500152588,0,0
1596160042.2289908,223.20163249969482,0,0
1596160042.2389908,225.00072956085205,0,0
1596160042.2489908,226.8024444580078,0,0
1596160042.2589908,228.59986782073975,0,0
1596160042.2689908,230.40274143218994,0,0
1596160042.2740948,231.31851196289062,0,0
1596160042.2740948,231.31851196289062,0.0,0
1596160042.2789907,232.2022247314453,0.0,0
1596160042.2889907,234.0010643005371,0.0,0
1596160042.2989907,235.80260753631592,0.0,0
1596160042.3089907,237.600417137146,0.0,0
1596160042.3189907,239.40062999725342,0.0,0
1596160042.3289907,241.19994163513184,0.0,0
1596160042.3389907,243.0024290084839,0.0,0
1596160042.3489907,244.80113983154297,0.0,0
1596160042.3589907,246.6025972366333,0.0,0
1596160042.3689907,248.40130805969238,0.0,0
1596160042.3789907,250.20259380340576,0.0,0
1596160042.3889906,252.0029354095459,0.0,0
1596160042.3989906,253.79984378814697,0.0,0
1596160042.4089906,255.6009578704834,0.0,0
1596160042.4189906,257.40121364593506,0.0,0
1596160042.4289906,259.20219898223877,0.0,0
1596160042.4389906,261.0025405883789,0.0,0
1596160042.4489906,262.8024101257324,0.0,0
1596160042.4589906,264.6025800704956,0.0,0
1596160042.4689906,266.40137672424316,0.0,0
1596160042.4789906,268.20231914520264,0.0,0
1596160042.4889905,270.0012016296387,0.0,0
1596160042.4989905,271.80145740509033,0.0,0
1596160042.5089905,273.6001682281494,0.0,0
1596160042.5189905,275.4026126861572,0.0,0
1596160042.5289905,277.20037937164307,0.0,0
1596160042.5389905,279.00222301483154,0.0,0
1596160042.5489905,280.8017063140869,0.0,0
1596160042.5589905,282.6021337509155,0.0,0
1596160042.5689905,284.4005012512207,0.0,0
1596160042.5789905,286.2027311325073,0.0,0
1596160042.5889904,287.9998540878296,0.0,0
1596160042.5929747,288.7168836593628,0.0,0
1596160042.5929747,288.7168836593628,0.0,0
1596160042.5989904,289.8013973236084,0.0,0
1596160042.6089904,291.60298347473145,0.0,0
1596160042.6189904,293.4006643295288,0.0,0
1596160042.6289904,295.2019929885864,0.0,0
1596160042.6389904,297.0002746582031,0.0,0
1596160042.6489904,298.8007879257202,0.0,0
1596160042.6589904,300.600528717041,0.0,0
1596160042.6689904,302.4009132385254,0.0,0
1596160042.6789904,304.2003536224365,0.0,0
1596160042.6889904,306.0006093978882,0.0,0
1596160042.6989903,307.8027105331421,0.0,0
1596160042.7089903,309.60262298583984,0.0,0
1596160042.7189903,311.40047550201416,0.0,0
1596160042.7289903,313.2001304626465,0.0,0
1596160042.7389903,315.00163078308105,0.0,0
1596160042.7489903,316.8007707595825,0.0,0
1596160042.7589903,318.602614402771,0.0,0
1596160042.7689903,320.399694442749,0.0,0
1596160042.7789903,322.20128059387207,0.0,0
1596160042.7889903,324.00157928466797,0.0,0
1596160042.7989902,325.80132007598877,0.0,0
1596160042.8089902,327.6008462905884,0.0,0
1596160042.8189902,329.40075874328613,0.0,0
1596160042.8289902,331.20264530181885,0.0,0
1596160042.8389902,333.0015277862549,0.0,0
1596160042.8489902,334.8008394241333,0.0,0
1596160042.8589902,336.6022539138794,0.0,0
1596160042.8689902,338.40285301208496,0.0,0
1596160042.8789902,340.20079135894775,0.0,0
1596160042.8889902,341.99984550476074,0.0,0
1596160042.8989902,343.80207538604736,0.0,0
1596160042.9089901,345.6024169921875,0.0,0
1596160042.9189901,347.40190029144287,0.0,0
1596160042.9289901,349.20069694519043,0.0,0
1596160042.93899,351.00146770477295,0.0,0
1596160042.94899,352.802152633667,0.0,0
1596160042.95899,354.5998764038086,0.0,0
1596160042.96899,356.40124797821045,0.0,0
1596160042.97899,358.20201873779297,0.0,0
1596160042.9889958,360,0.0,1
1596160042.9889958,0,0,0
1596160042.9989958,1.8024873733520508,0,0
1596160043.0089958,3.6030006408691406,0,0
1596160043.0189958,5.40102481842041,0,0
1596160043.0289958,7.200508117675781,0,0
1596160043.0389957,9.002394676208496,0,0
1596160043.0489957,10.799989700317383,0,0
1596160043.0589957,12.600460052490234,0,0
1596160043.0689957,14.400715827941895,0,0
1596160043.0789957,16.199984550476074,0,0
1596160043.0889957,18.001527786254883,0,0
1596160043.0989957,19.800281524658203,0,0
1596160043.1089957,21.600022315979004,0,0
1596160043.1189957,23.400964736938477,0,0
1596160043.1289957,25.202765464782715,0,0
1596160043.1389956,27.001476287841797,0,0
1596160043.1489956,28.803234100341797,0,0
1596160043.1589956,30.600056648254395,0,0
1596160043.1689956,32.40039825439453,0,0
1596160043.1789956,34.20048236846924,0,0
1596160043.1889956,36.001596450805664,0,0
1596160043.1989956,37.803053855895996,0,0
1596160043.2089956,39.60129261016846,0,0
1596160043.2189956,41.40064716339111,0,0
1596160043.2289956,43.20047378540039,0,0
1596160043.2389956,45.00068664550781,0,0
1596160043.2489955,46.800127029418945,0,0
1596160043.2589955,48.60154151916504,0,0
1596160043.2689955,50.40329933166504,0,0
1596160043.2789955,52.202696800231934,0,0
1596160043.2889955,53.99999141693115,0,0
1596160043.2989955,55.80226421356201,0,0
1596160043.3089955,57.60230541229248,0,0
1596160043.3189955,59.40062999725342,0,0
1596160043.3289955,61.20264530181885,0,0
1596160043.3389955,63.00032615661621,0,0
1596160043.3489954,64.80079650878906,0,0
1596160043.3589954,66.60182476043701,0,0
1596160043.3689954,68.40027809143066,0,0
1596160043.3789954,70.20259380340576,0,0
1596160043.3889954,72.0000171661377,0,0
1596160043.3989954,73.80293369293213,0,0
1596160043.4089954,75.6029748916626,0,0
1596160043.4189954,77.40220069885254,0,0
1596160043.4289954,79.20052528381348,0,0
1596160043.4389954,81.00142478942871,0,0
1596160043.4489954,82.8024959564209,0,0
1596160043.4589953,84.60034847259521,0,0
1596160043.4689953,86.40305042266846,0,0
1596160043.4789953,88.20210456848145,0,0
1596160043.4889953,90.00021457672119,0,0
1596160043.4989953,91.79995536804199,0,0
1596160043.5089953,93.60300064086914,0,0
1596160043.5189953,95.40153980255127,0,0
1596160043.5289953,97.20059394836426,0,0
1596160043.5389953,99.00149345397949,0,0
1596160043.5489953,100.80024719238281,0,0
1596160043.5589952,102.60204792022705,0,0
1596160043.5689952,104.4007158279419,0,0
1596160043.5789952,106.20260238647461,0,0
1596160043.5889952,108.00114154815674,0,0
1596160043.5989952,109.80152606964111,0,0
1596160043.6089952,111.60332679748535,0,0
1596160043.6189952,113.40238094329834,0,0
1596160043.6289952,115.2000617980957,0,0
1596160043.6389952,117.00134754180908,0,0
1596160043.6489952,118.8017749786377,0,0
1596160043.6589952,120.60061454772949,0,0
1596160043.6689951,122.4018144607544,0,0
1596160043.6789951,124.2030143737793,0,0
1596160043.6889951,126.00241184234619,0,0
1596160043.698995,127.80275344848633,0,0
1596160043.708995,129.60129261016846,0,0
1596160043.718995,131.40279293060303,0,0
1596160043.728995,133.2028341293335,0,0
1596160043.738995,135.00154495239258,0,0
1596160043.748995,136.80012702941895,0,0
1596160043.758995,138.60192775726318,0,0
1596160043.768995,140.40209770202637,0,0
1596160043.778995,142.20033645629883,0,0
1596160043.788995,144.00303840637207,0,0
1596160043.798995,145.7999038696289,0,0
1596160043.808995,147.60149002075195,0,0
1596160043.818995,149.40011501312256,0,0
1596160043.828995,151.20007038116455,0,0
1596160043.838995,153.0013132095337,0,0
1596160043.848995,154.80023860931396,0,0
1596160043.858995,156.60233974456787,0,0
1596160043.868995,158.4032392501831,0,0
1596160043.878995,160.2006196975708,0,0
1596160043.888995,162.0018196105957,0,0
1596160043.898995,163.80095958709717,0,0
1596160043.908995,165.60147285461426,0,0
1596160043.918995,167.40142822265625,0,0
1596160043.928995,169.2030143737793,0,0
1596160043.938995,171.00048065185547,0,0
1596160043.9489949,172.80301094055176,0,0
1596160043.9589949,174.60082054138184,0,0
1596160043.9689949,176.40317916870117,0,0
1596160043.9789948,178.2026195526123,0,0
1596160043.9889948,180.00042915344238,0,0
1596160043.9989948,181.79999828338623,0,0
