Type = Mirollor Strogatz (-ish),Function = Peskin,Refract =0,Epsilon =0.3,Gamma =8,Start_phase =327
Timestamp,Phase,Offset,Ping?
1596160004,327,0,0
1596160004.01,328.7970371246338,1.8166666666666667,0
1596160004.02,330.59840869903564,1.8166666666666667,0
1596160004.03,332.39703369140625,1.8166666666666667,0
1596160004.04,334.19767570495605,1.8166666666666667,0
1596160004.05,335.9991331100464,1.8166666666666667,0
1596160004.06,337.79814434051514,1.8166666666666667,0
1596160004.07,339.59724140167236,1.8166666666666667,0
1596160004.08,341.3980121612549,1.8166666666666667,0
1596160004.09,343.1971950531006,1.8166666666666667,0
1596160004.1,344.9972791671753,1.8166666666666667,0
1596160004.11,346.7980499267578,1.8166666666666667,0
1596160004.12,348.5978765487671,1.8166666666666667,0
1596160004.1299999,350.3985185623169,1.8166666666666667,0
1596160004.1399999,352.1979160308838,1.8166666666666667,0
1596160004.1499999,353.99804306030273,1.8166666666666667,0
1596160004.1599998,355.79902839660645,1.8166666666666667,0
1596160004.1699998,357.5976963043213,1.8166666666666667,0
1596160004.1799998,359.3963212966919,1.8166666666666667,0
1596160004.1833656,360,1.8166666666666667,1
1596160004.1833656,0,0,0
1596160004.1933656,1.8015432357788086,0,0
1596160004.2033656,3.6002111434936523,0,0
1596160004.2133656,5.402741432189941,0,0
1596160004.2233655,7.201666831970215,0,0
1596160004.2333655,9.000720977783203,0,0
1596160004.2433655,10.801877975463867,0,0
1596160004.2533655,12.603120803833008,0,0
1596160004.2633655,14.402775764465332,0,0
1596160004.2733655,16.200971603393555,0,0
1596160004.2833655,18.00157070159912,0,0
1596160004.2933655,19.801182746887207,0,0
1596160004.3033655,21.603283882141113,0,0
1596160004.3133655,23.399977684020996,0,0
1596160004.3209324,24.762024879455566,0,0
1596160004.3209324,57.8177780629961,0.18364307324189183,0
1596160004.3233654,58.25645871179981,0.18364307324189183,0
1596160004.3333654,60.058774423774906,0.18364307324189183,0
1596160004.3433654,61.85821480768604,0.18364307324189183,0
1596160004.3533654,63.658813905891606,0.18364307324189183,0
1596160004.3633654,65.45898385065479,0.18364307324189183,0
1596160004.3733654,67.25666470545215,0.18364307324189183,0
1596160004.3833654,69.05885167139454,0.18364307324189183,0
1596160004.3933654,70.8559746267168,0.18364307324189183,0
1596160004.4033654,72.65708870905323,0.18364307324189183,0
1596160004.4133654,74.45841736811084,0.18364307324189183,0
1596160004.4233654,76.25880188959522,0.18364307324189183,0
1596160004.4333653,78.05798478144092,0.18364307324189183,0
1596160004.4433653,79.85639519709034,0.18364307324189183,0
1596160004.4533653,81.65733761804981,0.18364307324189183,0
1596160004.4633653,83.45905251520557,0.18364307324189183,0
1596160004.4733653,85.2559179784624,0.18364307324189183,0
1596160004.4833653,87.05694623011036,0.18364307324189183,0
1596160004.4933653,88.85831780451221,0.18364307324189183,0
1596160004.5033653,90.65750069635793,0.18364307324189183,0
1596160004.5133653,92.45775647180959,0.18364307324189183,0
1596160004.5233653,94.25599522608205,0.18364307324189183,0
1596160004.5333652,96.05856843012258,0.18364307324189183,0
1596160004.5433652,97.85719342249318,0.18364307324189183,0
1596160004.5533652,99.65873665827199,0.18364307324189183,0
1596160004.5633652,101.45723290460988,0.18364307324189183,0
1596160004.5733652,103.25693078058644,0.18364307324189183,0
1596160004.5833652,105.05607075708791,0.18364307324189183,0
1596160004.5933652,106.85739941614553,0.18364307324189183,0
1596160004.6033652,108.6566681386797,0.18364307324189183,0
1596160004.6133652,110.4566235067217,0.18364307324189183,0
1596160004.6233652,112.25597805994435,0.18364307324189183,0
1596160004.6333652,114.05730671900197,0.18364307324189183,0
1596160004.6433651,115.85593171137258,0.18364307324189183,0
1596160004.6533651,117.65623040216848,0.18364307324189183,0
1596160004.6633651,119.45575661676808,0.18364307324189183,0
1596160004.673365,121.25845856684133,0.18364307324189183,0
1596160004.683365,123.0588430883257,0.18364307324189183,0
1596160004.693365,124.85733933466359,0.18364307324189183,0
1596160004.703365,126.65875382440969,0.18364307324189183,0
1596160004.713365,128.45587677973194,0.18364307324189183,0
1596160004.723365,130.25810666101856,0.18364307324189183,0
1596160004.733365,132.05750412958545,0.18364307324189183,0
1596160004.743365,133.85715909021778,0.18364307324189183,0
1596160004.753365,135.65629906671924,0.18364307324189183,0
1596160004.763365,137.4587864400713,0.18364307324189183,0
1596160004.773365,139.25659604090137,0.18364307324189183,0
1596160004.783365,141.057924699959,0.18364307324189183,0
1596160004.793365,142.85873837488575,0.18364307324189183,0
1596160004.803365,144.65757794397754,0.18364307324189183,0
1596160004.813365,146.45877785700245,0.18364307324189183,0
1596160004.823365,148.25637288111133,0.18364307324189183,0
1596160004.833365,150.05744404810352,0.18364307324189183,0
1596160004.843365,151.858386469063,0.18364307324189183,0
1596160004.853365,153.65606732386036,0.18364307324189183,0
1596160004.863365,155.4588980199663,0.18364307324189183,0
1596160004.873365,157.25636429804248,0.18364307324189183,0
1596160004.883365,159.05786461847705,0.18364307324189183,0
1596160004.893365,160.85786290186329,0.18364307324189183,0
1596160004.903365,162.65798993128223,0.18364307324189183,0
1596160004.913365,164.4560141088335,0.18364307324189183,0
1596160004.9233649,166.25815815943164,0.18364307324189183,0
1596160004.9333649,168.05656857508106,0.18364307324189183,0
1596160004.9433649,169.8572535039751,0.18364307324189183,0
1596160004.9533648,171.65626473444385,0.18364307324189183,0
1596160004.9633648,173.45609135645313,0.18364307324189183,0
1596160004.9733648,175.25729126947803,0.18364307324189183,0
1596160004.9833648,177.05634541529102,0.18364307324189183,0
1596160004.9933648,178.85891861933155,0.18364307324189183,0
1596160005.0033648,180.65720028894825,0.18364307324189183,0
1596160005.0133648,182.4583572866289,0.18364307324189183,0
1596160005.0233648,184.25745434778614,0.18364307324189183,0
1596160005.0333648,186.05822510736866,0.18364307324189183,0
1596160005.0433648,187.85590596216602,0.18364307324189183,0
1596160005.0533648,189.6569771291582,0.18364307324189183,0
1596160005.0633647,191.45697541254444,0.18364307324189183,0
1596160005.0733647,193.25663037317676,0.18364307324189183,0
1596160005.0833647,195.0586456777422,0.18364307324189183,0
1596160005.0933647,196.8576139928667,0.18364307324189183,0
1596160005.1033647,198.65602440851612,0.18364307324189183,0
1596160005.1133647,200.45610852259082,0.18364307324189183,0
1596160005.1233647,202.2573942663042,0.18364307324189183,0
1596160005.1333647,204.05777878778858,0.18364307324189183,0
1596160005.1433647,205.857991647896,0.18364307324189183,0
1596160005.1533647,207.65893406885547,0.18364307324189183,0
1596160005.1633646,209.45575661676807,0.18364307324189183,0
1596160005.1733646,211.25802941339893,0.18364307324189183,0
1596160005.1833646,213.0563969137041,0.18364307324189183,0
1596160005.1933646,214.858498048958,0.18364307324189183,0
1596160005.2033646,216.6569942952959,0.18364307324189183,0
1596160005.2133646,218.4581942083208,0.18364307324189183,0
1596160005.2233646,220.25587506311817,0.18364307324189183,0
1596160005.2333646,222.05703206079883,0.18364307324189183,0
1596160005.2433646,223.85823197382373,0.18364307324189183,0
1596160005.2533646,225.65762944239063,0.18364307324189183,0
1596160005.2633646,227.45809979456348,0.18364307324189183,0
1596160005.2733645,229.25715394037647,0.18364307324189183,0
1596160005.2833645,231.05702347772998,0.18364307324189183,0
1596160005.2933645,232.8574509145586,0.18364307324189183,0
1596160005.3033645,234.6559471608965,0.18364307324189183,0
1596160005.3133645,236.45684666651172,0.18364307324189183,0
1596160005.3233645,238.258475732979,0.18364307324189183,0
1596160005.3333645,240.056628656563,0.18364307324189183,0
1596160005.3433645,241.85834355371875,0.18364307324189183,0
1596160005.3533645,243.65572400110645,0.18364307324189183,0
1596160005.3633645,245.45748181360645,0.18364307324189183,0
1596160005.3733644,247.25825257318897,0.18364307324189183,0
1596160005.3833644,249.05627675074024,0.18364307324189183,0
1596160005.3933644,250.85683293360157,0.18364307324189183,0
1596160005.4033644,252.65610165613575,0.18364307324189183,0
1596160005.4133644,254.45764489191455,0.18364307324189183,0
1596160005.4233644,256.2555832387774,0.18364307324189183,0
1596160005.4333644,258.05888600366995,0.18364307324189183,0
1596160005.4433644,259.8579830648272,0.18364307324189183,0
1596160005.4533644,261.6560501577227,0.18364307324189183,0
1596160005.4633644,263.45596261042044,0.18364307324189183,0
1596160005.4733644,265.2561325551836,0.18364307324189183,0
1596160005.4833643,267.05724663752005,0.18364307324189183,0
1596160005.4933643,268.85857529657767,0.18364307324189183,0
1596160005.5033643,270.6581015111773,0.18364307324189183,0
1596160005.5133643,272.4576706411211,0.18364307324189183,0
1596160005.5233643,274.2583984853594,0.18364307324189183,0
1596160005.5333643,276.05796761530326,0.18364307324189183,0
1596160005.5433643,277.85882420557425,0.18364307324189183,0
1596160005.5533643,279.6583933355181,0.18364307324189183,0
1596160005.5633643,281.4556450368731,0.18364307324189183,0
1596160005.5733643,283.25555748957083,0.18364307324189183,0
1596160005.5833642,285.05757279413626,0.18364307324189183,0
1596160005.5933642,286.8586868764727,0.18364307324189183,0
1596160005.6033642,288.6568827154009,0.18364307324189183,0
1596160005.6133642,290.4564089300005,0.18364307324189183,0
1596160005.6233642,292.25550599115775,0.18364307324189183,0
1596160005.6333642,294.0572208883135,0.18364307324189183,0
1596160005.6433642,295.8576483251421,0.18364307324189183,0
1596160005.6533642,297.65640206354544,0.18364307324189183,0
1596160005.6633642,299.45794529932425,0.18364307324189183,0
1596160005.6733642,301.2584156514971,0.18364307324189183,0
1596160005.6833642,303.0562681676714,0.18364307324189183,0
1596160005.689805,304.2148537160723,0.18364307324189183,0
1596160005.689805,304.2148537160723,0.18364307324189183,0
1596160005.6933641,304.8587984563677,0.18364307324189183,0
1596160005.7033641,306.65725178736136,0.18364307324189183,0
1596160005.7133641,308.45596261042044,0.18364307324189183,0
1596160005.723364,310.2571196081011,0.18364307324189183,0
1596160005.733364,312.0563883306353,0.18364307324189183,0
1596160005.743364,313.857373666939,0.18364307324189183,0
1596160005.753364,315.6564707280962,0.18364307324189183,0
1596160005.763364,317.45737023371146,0.18364307324189183,0
1596160005.773364,319.2561239721148,0.18364307324189183,0
1596160005.783364,321.05861134546683,0.18364307324189183,0
1596160005.793364,322.8564209462969,0.18364307324189183,0
1596160005.803364,324.6573633672564,0.18364307324189183,0
1596160005.813364,326.4568037511675,0.18364307324189183,0
1596160005.823364,328.25581498163626,0.18364307324189183,0
1596160005.833364,330.058602762398,0.18364307324189183,0
1596160005.843364,331.85739941614554,0.18364307324189183,0
1596160005.853364,333.6577839376299,0.18364307324189183,0
1596160005.863364,335.45632309931204,0.18364307324189183,0
1596160005.873364,337.25584931391165,0.18364307324189183,0
1596160005.883364,339.0567488195269,0.18364307324189183,0
1596160005.893364,340.8587212087481,0.18364307324189183,0
1596160005.903364,342.6570028783648,0.18364307324189183,0
1596160005.913364,344.4570869924395,0.18364307324189183,0
1596160005.923364,346.2580723287432,0.18364307324189183,0
1596160005.933364,348.0554527761309,0.18364307324189183,0
1596160005.943364,349.8560947896807,0.18364307324189183,0
1596160005.953364,351.6565222265093,0.18364307324189183,0
1596160005.963364,353.45767922419,0.18364307324189183,0
1596160005.9733639,355.25763459223197,0.18364307324189183,0
1596160005.9833639,357.0572895528643,0.18364307324189183,0
1596160005.9933639,358.8562578679888,0.18364307324189183,0
1596160005.9997349,360,0.18364307324189183,1
1596160005.9997349,0,0,0
1596160006.0097349,1.8012428283691406,0,0
1596160006.0197349,3.600125312805176,0,0
1596160006.0297348,5.402741432189941,0,0
1596160006.0397348,7.202267646789551,0,0
1596160006.0497348,9.002480506896973,0,0
1596160006.0597348,10.802435874938965,0,0
1596160006.0697348,12.601361274719238,0,0
1596160006.0797348,14.40234661102295,0,0
1596160006.0897348,16.202688217163086,0,0
1596160006.0997348,18.0025577545166,0,0
1596160006.1097348,19.80015277862549,0,0
1596160006.1197348,21.603283882141113,0,0
1596160006.1297348,23.40040683746338,0,0
1596160006.1397347,25.200319290161133,0,0
1596160006.1497347,27.001948356628418,0,0
1596160006.1597347,28.80168914794922,0,0
1596160006.1697347,30.600872039794922,0,0
1596160006.1797347,32.403273582458496,0,0
1596160006.1897347,34.20237064361572,0,0
1596160006.1997347,36.003313064575195,0,0
1596160006.2097347,37.80215263366699,0,0
1596160006.2197347,39.60094928741455,0,0
1596160006.2297347,41.401591300964355,0,0
1596160006.2397346,43.20146083831787,0,0
1596160006.2497346,45.001373291015625,0,0
1596160006.2597346,46.80072784423828,0,0
1596160006.2697346,48.602142333984375,0,0
1596160006.2797346,50.40153980255127,0,0
1596160006.2897346,52.200164794921875,0,0
1596160006.2997346,54.00149345397949,0,0
1596160006.3097346,55.800461769104004,0,0
1596160006.3197346,57.60239124298096,0,0
1596160006.3211677,57.857909202575684,0,0
1596160006.3211677,57.857909202575684,0.0,0
1596160006.3297346,59.402217864990234,0.0,0
1596160006.3397346,61.20015621185303,0.0,0
1596160006.3497345,63.002214431762695,0.0,0
1596160006.3597345,64.80041027069092,0.0,0
1596160006.3697345,66.60255432128906,0.0,0
1596160006.3797345,68.40298175811768,0.0,0
1596160006.3897345,70.20053386688232,0.0,0
1596160006.3997345,72.00233459472656,0.0,0
1596160006.4097345,73.80151748657227,0.0,0
1596160006.4197345,75.60155868530273,0.0,0
1596160006.4297345,77.4003553390503,0.0,0
1596160006.4397345,79.20172691345215,0.0,0
1596160006.4497344,81.0018539428711,0.0,0
1596160006.4597344,82.8001356124878,0.0,0
1596160006.4697344,84.60107803344727,0.0,0
1596160006.4797344,86.40026092529297,0.0,0
1596160006.4897344,88.20094585418701,0.0,0
1596160006.4997344,90.00141620635986,0.0,0
1596160006.5097344,91.80240154266357,0.0,0
1596160006.5197344,93.60167026519775,0.0,0
1596160006.5297344,95.40274143218994,0.0,0
1596160006.5397344,97.20261096954346,0.0,0
1596160006.5497344,99.00149345397949,0.0,0
1596160006.5597343,100.80320835113525,0.0,0
1596160006.5697343,102.60101795196533,0.0,0
1596160006.5797343,104.40080165863037,0.0,0
1596160006.5897343,106.20260238647461,0.0,0
1596160006.5997343,108.00114154815674,0.0,0
1596160006.6097343,109.80208396911621,0.0,0
1596160006.6197343,111.60092353820801,0.0,0
1596160006.6297343,113.40173721313477,0.0,0
1596160006.6397343,115.2000617980957,0.0,0
1596160006.6497343,117.0014762878418,0.0,0
1596160006.6597342,118.80130290985107,0.0,0
1596160006.6697342,120.60061454772949,0.0,0
1596160006.6797342,122.40224361419678,0.0,0
1596160006.6897342,124.20314311981201,0.0,0
1596160006.6997342,126.00112438201904,0.0,0
1596160006.7097342,127.80168056488037,0.0,0
1596160006.7197342,129.60026264190674,0.0,0
1596160006.7297342,131.40150547027588,0.0,0
1596160006.7397342,133.20098876953125,0.0,0
1596160006.7497342,135.00218868255615,0.0,0
1596160006.7597342,136.800856590271,0.0,0
1596160006.7697341,138.59986782073975,0.0,0
1596160006.7797341,140.40020942687988,0.0,0
1596160006.7897341,142.20218181610107,0.0,0
1596160006.799734,144.0014934539795,0.0,0
1596160006.809734,145.80265045166016,0.0,0
1596160006.819734,147.6002025604248,0.0,0
1596160006.829734,149.40256118774414,0.0,0
1596160006.839734,151.20062828063965,0.0,0
1596160006.849734,153.0019998550415,0.0,0
1596160006.859734,154.80032444000244,0.0,0
1596160006.869734,156.6019105911255,0.0,0
1596160006.879734,158.40195178985596,0.0,0
1596160006.889734,160.20160675048828,0.0,0
1596160006.899734,162.00297832489014,0.0,0
1596160006.909734,163.80310535430908,0.0,0
1596160006.919734,165.60237407684326,0.0,0
1596160006.929734,167.40155696868896,0.0,0
1596160006.939734,169.20082569122314,0.0,0
1596160006.949734,171.00236892700195,0.0,0
1596160006.959734,172.8026247024536,0.0,0
1596160006.969734,174.60262298583984,0.0,0
1596160006.979734,176.40150547027588,0.0,0
1596160006.989734,178.20154666900635,0.0,0
1596160006.999734,180.00274658203125,0.0,0
1596160007.009734,181.800856590271,0.0,0
1596160007.019734,183.60012531280518,0.0,0
1596160007.029734,185.40063858032227,0.0,0
1596160007.039734,187.20201015472412,0.0,0
1596160007.0497339,189.00243759155273,0.0,0
1596160007.0597339,190.8017921447754,0.0,0
1596160007.0697339,192.60213375091553,0.0,0
1596160007.0797338,194.400372505188,0.0,0
1596160007.0897338,196.20071411132812,0.0,0
1596160007.0997338,198.00307273864746,0.0,0
1596160007.1097338,199.80019569396973,0.0,0
1596160007.1197338,201.59997940063477,0.0,0
1596160007.1297338,203.4003210067749,0.0,0
1596160007.1397338,205.20169258117676,0.0,0
1596160007.1497338,207.0003604888916,0.0,0
1596160007.1597338,208.80271911621094,0.0,0
1596160007.1697338,210.60190200805664,0.0,0
1596160007.1797338,212.40155696868896,0.0,0
1596160007.1897337,214.2002248764038,0.0,0
1596160007.1997337,216.00215435028076,0.0,0
1596160007.2097337,217.8011655807495,0.0,0
1596160007.2197337,219.60013389587402,0.0,0
1596160007.2297337,221.40262126922607,0.0,0
1596160007.2397337,223.20176124572754,0.0,0
1596160007.2497337,225.00184535980225,0.0,0
1596160007.2597337,226.80158615112305,0.0,0
1596160007.2697337,228.5998249053955,0.0,0
1596160007.2797337,230.40016651153564,0.0,0
1596160007.2897336,232.19977855682373,0.0,0
1596160007.2997336,234.00200843811035,0.0,0
1596160007.3097336,235.8012342453003,0.0,0
1596160007.3197336,237.60204792022705,0.0,0
1596160007.3297336,239.40200328826904,0.0,0
1596160007.3397336,241.20019912719727,0.0,0
1596160007.3497336,243.0016565322876,0.0,0
1596160007.3597336,244.80045318603516,0.0,0
1596160007.3697336,246.60070896148682,0.0,0
1596160007.3797336,248.4030246734619,0.0,0
1596160007.3897336,250.20182132720947,0.0,0
1596160007.3997335,252.00207710266113,0.0,0
1596160007.4097335,253.8026762008667,0.0,0
1596160007.4197335,255.60087203979492,0.0,0
1596160007.4297335,257.40232944488525,0.0,0
1596160007.4397335,259.2025423049927,0.0,0
1596160007.4497335,261.000394821167,0.0,0
1596160007.4597335,262.8019380569458,0.0,0
1596160007.4697335,264.6009063720703,0.0,0
1596160007.4797335,266.4012908935547,0.0,0
1596160007.4897335,268.2017183303833,0.0,0
1596160007.4997334,270.00218868255615,0.0,0
1596160007.5097334,271.802659034729,0.0,0
1596160007.5197334,273.6021852493286,0.0,0
1596160007.5297334,275.40128231048584,0.0,0
1596160007.5397334,277.20037937164307,0.0,0
1596160007.5497334,279.00145053863525,0.0,0
1596160007.5597334,280.800461769104,0.0,0
1596160007.5697334,282.6003313064575,0.0,0
1596160007.5797334,284.4000720977783,0.0,0
1596160007.5897334,286.20243072509766,0.0,0
1596160007.5997334,288.0006694793701,0.0,0
1596160007.6097333,289.80109691619873,0.0,0
1596160007.6197333,291.60285472869873,0.0,0
1596160007.6297333,293.40147972106934,0.0,0
1596160007.6397333,295.2025079727173,0.0,0
1596160007.6497333,296.99997425079346,0.0,0
1596160007.6597333,298.799843788147,0.0,0
1596160007.6697333,300.60181617736816,0.0,0
1596160007.6797333,302.4005699157715,0.0,0
1596160007.6897333,304.1997957229614,0.0,0
1596160007.6900249,304.25219535827637,0.0,0
1596160007.6900249,304.25219535827637,0.0,0
1596160007.6997333,306.0003089904785,0.0,0
1596160007.7097332,307.80017852783203,0.0,0
1596160007.7197332,309.6023654937744,0.0,0
1596160007.7297332,311.3998746871948,0.0,0
1596160007.7397332,313.1997013092041,0.0,0
1596160007.7497332,315.00017166137695,0.0,0
1596160007.7597332,316.8011999130249,0.0,0
1596160007.7697332,318.60111236572266,0.0,0
1596160007.7797332,320.4022264480591,0.0,0
1596160007.7897332,322.19982147216797,0.0,0
1596160007.7997332,324.0028238296509,0.0,0
1596160007.8097332,325.80273628234863,0.0,0
1596160007.8197331,327.60106086730957,0.0,0
1596160007.8297331,329.4028615951538,0.0,0
1596160007.8397331,331.2002420425415,0.0,0
1596160007.849733,332.99968242645264,0.0,0
1596160007.859733,334.8000240325928,0.0,0
1596160007.869733,336.6030263900757,0.0,0
1596160007.879733,338.40117931365967,0.0,0
1596160007.889733,340.1997184753418,0.0,0
1596160007.899733,342.00276374816895,0.0,0
1596160007.909733,343.80293369293213,0.0,0
1596160007.919733,345.6019449234009,0.0,0
1596160007.929733,347.40275859832764,0.0,0
1596160007.939733,349.2012119293213,0.0,0
1596160007.949733,351.00103855133057,0.0,0
1596160007.959733,352.8008222579956,0.0,0
1596160007.969733,354.60193634033203,0.0,0
1596160007.979733,356.4003896713257,0.0,0
1596160007.989733,358.2003450393677,0.0,0
1596160007.9997349,360,0.0,1
1596160007.9997349,0,0,0
1596160008.0097349,1.8033027648925781,0,0
1596160008.0197349,3.6032581329345703,0,0
1596160008.0297348,5.400724411010742,0,0
1596160008.0397348,7.201666831970215,0,0
1596160008.0497348,9.000892639160156,0,0
1596160008.0597348,10.801620483398438,0,0
1596160008.0697348,12.601275444030762,0,0
1596160008.0797348,14.402003288269043,0,0
1596160008.0897348,16.202173233032227,0,0
1596160008.0997348,18.001012802124023,0,0
1596160008.1097348,19.800968170166016,0,0
1596160008.1197348,21.600451469421387,0,0
1596160008.1297348,23.40315341949463,0,0
1596160008.1397347,25.201091766357422,0,0
1596160008.1497347,27.000532150268555,0,0
1596160008.1597347,28.80237579345703,0,0
1596160008.1697347,30.601215362548828,0,0
1596160008.1797347,32.400784492492676,0,0
1596160008.1897347,34.2018985748291,0,0
1596160008.1997347,36.00193977355957,0,0
1596160008.2097347,37.8004789352417,0,0
1596160008.2197347,39.60073471069336,0,0
1596160008.2297347,41.40270709991455,0,0
1596160008.2397346,43.20167541503906,0,0
1596160008.2497346,45.00223159790039,0,0
1596160008.2597346,46.80068492889404,0,0
1596160008.2697346,48.60209941864014,0,0
1596160008.2797346,50.40003776550293,0,0
1596160008.2897346,52.20050811767578,0,0
1596160008.2997346,54.0032958984375,0,0
1596160008.3097346,55.8030366897583,0,0
1596160008.3197346,57.601919174194336,0,0
1596160008.3214014,57.8999662399292,0,0
1596160008.3214014,57.8999662399292,0.0,0
1596160008.3297346,59.40230369567871,0.0,0
1596160008.3397346,61.203203201293945,0.0,0
1596160008.3497345,63.000240325927734,0.0,0
1596160008.3597345,64.80324268341064,0.0,0
1596160008.3697345,66.60298347473145,0.0,0
1596160008.3797345,68.40002059936523,0.0,0
1596160008.3897345,70.20203590393066,0.0,0
1596160008.3997345,72.00323581695557,0.0,0
1596160008.4097345,73.80113124847412,0.0,0
1596160008.4197345,75.6027603149414,0.0,0
1596160008.4297345,77.40267276763916,0.0,0
1596160008.4397345,79.20254230499268,0.0,0
1596160008.4497344,81.0005235671997,0.0,0
1596160008.4597344,82.80004978179932,0.0,0
1596160008.4697344,84.60064888000488,0.0,0
1596160008.4797344,86.40000343322754,0.0,0
1596160008.4897344,88.20000171661377,0.0,0
1596160008.4997344,90.00188827514648,0.0,0
1596160008.5097344,91.80034160614014,0.0,0
1596160008.5197344,93.60046863555908,0.0,0
1596160008.5297344,95.40136814117432,0.0,0
1596160008.5397344,97.20205307006836,0.0,0
1596160008.5497344,99.00226593017578,0.0,0
1596160008.5597343,100.80110549926758,0.0,0
1596160008.5697343,102.60114669799805,0.0,0
1596160008.5797343,104.40084457397461,0.0,0
1596160008.5897343,106.2004566192627,0.0,0
1596160008.5997343,108.00101280212402,0.0,0
1596160008.6097343,109.80161190032959,0.0,0
1596160008.6197343,111.60195350646973,0.0,0
1596160008.6297343,113.40293884277344,0.0,0
1596160008.6397343,115.20259380340576,0.0,0
1596160008.6497343,117.00031757354736,0.0,0
1596160008.6597342,118.8026762008667,0.0,0
1596160008.6697342,120.6009578704834,0.0,0
1596160008.6797342,122.40288734436035,0.0,0
1596160008.6897342,124.20086860656738,0.0,0
1596160008.6997342,126.00314140319824,0.0,0
1596160008.7097342,127.80099391937256,0.0,0
1596160008.7197342,129.60330963134766,0.0,0
1596160008.7297342,131.40077590942383,0.0,0
1596160008.7397342,133.200945854187,0.0,0
1596160008.7497342,135.00317573547363,0.0,0
1596160008.7597342,136.80162906646729,0.0,0
1596160008.7697341,138.60244274139404,0.0,0
1596160008.7797341,140.40149688720703,0.0,0
1596160008.7897341,142.20205307006836,0.0,0
1596160008.799734,144.00012016296387,0.0,0
1596160008.809734,145.8003330230713,0.0,0
1596160008.819734,147.60088920593262,0.0,0
1596160008.829734,149.40110206604004,0.0,0
1596160008.839734,151.20037078857422,0.0,0
1596160008.849734,153.0010986328125,0.0,0
1596160008.859734,154.79985237121582,0.0,0
1596160008.869734,156.59985065460205,0.0,0
1596160008.879734,158.40014934539795,0.0,0
1596160008.889734,160.20001888275146,0.0,0
1596160008.899734,162.0010471343994,0.0,0
1596160008.909734,163.8015604019165,0.0,0
1596160008.919734,165.60301780700684,0.0,0
1596160008.929734,167.40155696868896,0.0,0
1596160008.939734,169.20159816741943,0.0,0
1596160008.949734,171.00314140319824,0.0,0
1596160008.959734,172.8008222579956,0.0,0
1596160008.969734,174.59996223449707,0.0,0
1596160008.979734,176.4025354385376,0.0,0
1596160008.989734,178.20236206054688,0.0,0
1596160008.999734,179.99982833862305,0.0,0
1596160009.009734,181.80150032043457,0.0,0
1596160009.019734,183.60209941864014,0.0,0
1596160009.029734,185.40317058563232,0.0,0
1596160009.039734,187.20050811767578,0.0,0
1596160009.0497339,189.0030813217163,0.0,0
1596160009.0597339,190.8006763458252,0.0,0
1596160009.0697339,192.60217666625977,0.0,0
1596160009.0797338,194.40080165863037,0.0,0
1596160009.0897338,196.20243072509766,0.0,0
1596160009.0997338,197.9998540878296,0.0,0
1596160009.1097338,199.80281352996826,0.0,0
1596160009.1197338,201.60156726837158,0.0,0
1596160009.1297338,203.40259552001953,0.0,0
1596160009.1397338,205.2013063430786,0.0,0
1596160009.1497338,207.0021629333496,0.0,0
1596160009.1597338,208.80293369293213,0.0,0
1596160009.1697338,210.60280323028564,0.0,0
1596160009.1797338,212.4001407623291,0.0,0
1596160009.1897337,214.20232772827148,0.0,0
1596160009.1997337,216.00176811218262,0.0,0
1596160009.2097337,217.80077934265137,0.0,0
1596160009.2197337,219.6013355255127,0.0,0
1596160009.2297337,221.4030933380127,0.0,0
1596160009.2397337,223.2017183303833,0.0,0
1596160009.2497337,225.00141620635986,0.0,0
1596160009.2597337,226.79999828338623,0.0,0
1596160009.2697337,228.59986782073975,0.0,0
1596160009.2797337,230.40252685546875,0.0,0
1596160009.2897336,232.20218181610107,0.0,0
1596160009.2997336,234.00278091430664,0.0,0
1596160009.3097336,235.80003261566162,0.0,0
1596160009.3197336,237.59994506835938,0.0,0
1596160009.3297336,239.40135955810547,0.0,0
1596160009.3397336,241.20243072509766,0.0,0
1596160009.3497336,243.00148487091064,0.0,0
1596160009.3597336,244.80126857757568,0.0,0
1596160009.3697336,246.60100936889648,0.0,0
1596160009.3797336,248.4031105041504,0.0,0
1596160009.3897336,250.2028512954712,0.0,0
1596160009.3997335,252.00164794921875,0.0,0
1596160009.4097335,253.80276203155518,0.0,0
1596160009.4197335,255.59979915618896,0.0,0
1596160009.4297335,257.4028015136719,0.0,0
1596160009.4397335,259.2000102996826,0.0,0
1596160009.4497335,261.0007381439209,0.0,0
1596160009.4597335,262.8027105331421,0.0,0
1596160009.4697335,264.60262298583984,0.0,0
1596160009.4797335,266.40103340148926,0.0,0
1596160009.4897335,268.2018041610718,0.0,0
1596160009.4997334,270.0014591217041,0.0,0
1596160009.5097334,271.80180072784424,0.0,0
1596160009.5197334,273.6002540588379,0.0,0
1596160009.5297334,275.4029130935669,0.0,0
1596160009.5397334,277.1998643875122,0.0,0
1596160009.5497334,279.0028238296509,0.0,0
1596160009.5597334,280.8007621765137,0.0,0
1596160009.5697334,282.60157585144043,0.0,0
1596160009.5797334,284.4017028808594,0.0,0
1596160009.5897334,286.20285987854004,0.0,0
1596160009.5997334,288.00260066986084,0.0,0
1596160009.6097333,289.80268478393555,0.0,0
1596160009.6197333,291.60186767578125,0.0,0
1596160009.6297333,293.40049266815186,0.0,0
1596160009.6397333,295.2006196975708,0.0,0
1596160009.6497333,297.0001029968262,0.0,0
1596160009.6597333,298.8004446029663,0.0,0
1596160009.6697333,300.60203075408936,0.0,0
1596160009.6797333,302.4026298522949,0.0,0
1596160009.689011,304.0697193145752,0.0,0
1596160009.689011,304.0697193145752,0.0,0
1596160009.6897333,304.2020273208618,0.0,0
1596160009.6997333,305.99992275238037,0.0,0
1596160009.7097332,307.8029251098633,0.0,0
1596160009.7197332,309.59970474243164,0.0,0
1596160009.7297332,311.40227794647217,0.0,0
1596160009.7397332,313.200044631958,0.0,0
1596160009.7497332,315.00231742858887,0.0,0
1596160009.7597332,316.80227279663086,0.0,0
1596160009.7697332,318.60029697418213,0.0,0
1596160009.7797332,320.40308475494385,0.0,0
1596160009.7897332,322.20055103302,0.0,0
1596160009.7997332,324.0017080307007,0.0,0
1596160009.8097332,325.79994678497314,0.0,0
1596160009.8197331,327.6002883911133,0.0,0
1596160009.8297331,329.4026470184326,0.0,0
1596160009.8397331,331.20118618011475,0.0,0
1596160009.849733,333.00169944763184,0.0,0
1596160009.859733,334.8004102706909,0.0,0
1596160009.869733,336.60264015197754,0.0,0
1596160009.879733,338.4006643295288,0.0,0
1596160009.889733,340.20147800445557,0.0,0
1596160009.899733,342.0005750656128,0.0,0
1596160009.909733,343.80040168762207,0.0,0
1596160009.919733,345.6003141403198,0.0,0
1596160009.929733,347.4014711380005,0.0,0
1596160009.939733,349.2017698287964,0.0,0
1596160009.949733,351.0026693344116,0.0,0
1596160009.959733,352.80279636383057,0.0,0
1596160009.969733,354.60275173187256,0.0,0
1596160009.979733,356.400089263916,0.0,0
1596160009.989733,358.202919960022,0.0,0
1596160009.999733,359.9997854232788,0.0,0
1596160009.9997556,360,0.0,1
1596160009.9997556,0,0,0
1596160010.0097556,1.8010711669921875,0,0
1596160010.0197556,3.601198196411133,0,0
1596160010.0297556,5.4021406173706055,0,0
1596160010.0397556,7.199993133544922,0,0
1596160010.0497556,9.000420570373535,0,0
1596160010.0597556,10.802178382873535,0,0
1596160010.0697556,12.602348327636719,0,0
1596160010.0797555,14.402475357055664,0,0
1596160010.0897555,16.201143264770508,0,0
1596160010.0997555,18.000969886779785,0,0
1596160010.1097555,19.803242683410645,0,0
1596160010.1197555,21.601567268371582,0,0
1596160010.1297555,23.40263843536377,0,0
1596160010.1397555,25.201306343078613,0,0
1596160010.1497555,27.002506256103516,0,0
1596160010.1597555,28.802075386047363,0,0
1596160010.1697555,30.601816177368164,0,0
1596160010.1797554,32.403016090393066,0,0
1596160010.1897554,34.20275688171387,0,0
1596160010.1997554,36.00176811218262,0,0
1596160010.2097554,37.802367210388184,0,0
1596160010.2197554,39.60193634033203,0,0
1596160010.2297554,41.40326499938965,0,0
1596160010.2397554,43.20021629333496,0,0
1596160010.2497554,45.00133037567139,0,0
1596160010.2597554,46.80034160614014,0,0
1596160010.2697554,48.60068321228027,0,0
1596160010.2797554,50.40085315704346,0,0
1596160010.2897553,52.20110893249512,0,0
1596160010.2997553,54.00123596191406,0,0
1596160010.3097553,55.80273628234863,0,0
1596160010.3197553,57.60234832763672,0,0
1596160010.3203878,57.713799476623535,0,0
1596160010.3203878,57.713799476623535,0.0,0
1596160010.3297553,59.40114498138428,0.0,0
1596160010.3397553,61.20264530181885,0.0,0
1596160010.3497553,63.00011157989502,0.0,0
1596160010.3597553,64.8008394241333,0.0,0
1596160010.3697553,66.60135269165039,0.0,0
1596160010.3797553,68.40190887451172,0.0,0
1596160010.3897552,70.2020788192749,0.0,0
1596160010.3997552,72.00263500213623,0.0,0
1596160010.4097552,73.80327701568604,0.0,0
1596160010.4197552,75.6013011932373,0.0,0
1596160010.4297552,77.4003553390503,0.0,0
1596160010.4397552,79.20121192932129,0.0,0
1596160010.4497552,81.00292682647705,0.0,0
1596160010.4597552,82.80258178710938,0.0,0
1596160010.4697552,84.60232257843018,0.0,0
1596160010.4797552,86.40172004699707,0.0,0
1596160010.4897552,88.20287704467773,0.0,0
1596160010.4997551,90.00150203704834,0.0,0
1596160010.5097551,91.802659034729,0.0,0
1596160010.5197551,93.60201358795166,0.0,0
1596160010.529755,95.40282726287842,0.0,0
1596160010.539755,97.20308303833008,0.0,0
1596160010.549755,99.00046348571777,0.0,0
1596160010.559755,100.80260753631592,0.0,0
1596160010.569755,102.60226249694824,0.0,0
1596160010.579755,104.40264701843262,0.0,0
1596160010.589755,106.20071411132812,0.0,0
1596160010.599755,108.00178527832031,0.0,0
1596160010.609755,109.80268478393555,0.0,0
1596160010.619755,111.6022539138794,0.0,0
1596160010.629755,113.40276718139648,0.0,0
1596160010.639755,115.19989013671875,0.0,0
1596160010.649755,117.00096130371094,0.0,0
1596160010.659755,118.80198955535889,0.0,0
1596160010.669755,120.60224533081055,0.0,0
1596160010.679755,122.4030590057373,0.0,0
1596160010.689755,124.2030143737793,0.0,0
1596160010.699755,126.00009441375732,0.0,0
1596160010.709755,127.80176639556885,0.0,0
1596160010.719755,129.6009063720703,0.0,0
1596160010.729755,131.40099048614502,0.0,0
1596160010.739755,133.2013750076294,0.0,0
1596160010.749755,135.00317573547363,0.0,0
1596160010.759755,136.8025302886963,0.0,0
1596160010.769755,138.59995365142822,0.0,0
1596160010.7797549,140.40265560150146,0.0,0
1596160010.7897549,142.2020959854126,0.0,0
1596160010.7997549,144.0027379989624,0.0,0
1596160010.8097548,145.8029079437256,0.0,0
1596160010.8197548,147.6020908355713,0.0,0
1596160010.8297548,149.40294742584229,0.0,0
1596160010.8397548,151.20178699493408,0.0,0
1596160010.8497548,153.0024290084839,0.0,0
1596160010.8597548,154.80221271514893,0.0,0
1596160010.8697548,156.6011381149292,0.0,0
1596160010.8797548,158.40113639831543,0.0,0
1596160010.8897548,160.2009630203247,0.0,0
1596160010.8997548,162.00280666351318,0.0,0
1596160010.9097548,163.80160331726074,0.0,0
1596160010.9197547,165.60233116149902,0.0,0
1596160010.9297547,167.4006986618042,0.0,0
1596160010.9397547,169.20039653778076,0.0,0
1596160010.9497547,171.00065231323242,0.0,0
1596160010.9597547,172.80202388763428,0.0,0
1596160010.9697547,174.6029233932495,0.0,0
1596160010.9797547,176.40270709991455,0.0,0
1596160010.9897547,178.20188999176025,0.0,0
1596160010.9997547,180.002703666687,0.0,0
1596160011.0097547,181.80171489715576,0.0,0
1596160011.0197546,183.6001682281494,0.0,0
1596160011.0297546,185.4019260406494,0.0,0
1596160011.0397546,187.20162391662598,0.0,0
1596160011.0497546,189.00123596191406,0.0,0
1596160011.0597546,190.80265045166016,0.0,0
1596160011.0697546,192.6020908355713,0.0,0
1596160011.0797546,194.40110206604004,0.0,0
1596160011.0897546,196.20294570922852,0.0,0
1596160011.0997546,198.00127029418945,0.0,0
1596160011.1097546,199.80101108551025,0.0,0
1596160011.1197546,201.60006523132324,0.0,0
1596160011.1297545,203.40049266815186,0.0,0
1596160011.1397545,205.20190715789795,0.0,0
1596160011.1497545,207.00031757354736,0.0,0
1596160011.1597545,208.80070209503174,0.0,0
1596160011.1697545,210.60014247894287,0.0,0
1596160011.1797545,212.4012565612793,0.0,0
1596160011.1897545,214.20001029968262,0.0,0
1596160011.1997545,216.0009527206421,0.0,0
1596160011.2097545,217.80206680297852,0.0,0
1596160011.2197545,219.60305213928223,0.0,0
1596160011.2297544,221.40214920043945,0.0,0
1596160011.2397544,223.20300579071045,0.0,0
1596160011.2497544,225.00012874603271,0.0,0
1596160011.2597544,226.80227279663086,0.0,0
1596160011.2697544,228.60265731811523,0.0,0
1596160011.2797544,230.4029130935669,0.0,0
1596160011.2897544,232.20295429229736,0.0,0
1596160011.2997544,234.00145053863525,0.0,0
1596160011.3097544,235.80059051513672,0.0,0
1596160011.3197544,237.60127544403076,0.0,0
1596160011.3297544,239.40080165863037,0.0,0
1596160011.3397543,241.2001132965088,0.0,0
1596160011.3497543,243.00217151641846,0.0,0
1596160011.3597543,244.8019552230835,0.0,0
1596160011.3697543,246.60083770751953,0.0,0
1596160011.3797543,248.4010934829712,0.0,0
1596160011.3897543,250.1998472213745,0.0,0
1596160011.3997543,252.00109004974365,0.0,0
1596160011.4097543,253.80284786224365,0.0,0
1596160011.4197543,255.60267448425293,0.0,0
1596160011.4297543,257.40288734436035,0.0,0
1596160011.4397542,259.2028856277466,0.0,0
1596160011.4497542,261.001296043396,0.0,0
1596160011.4597542,262.8026247024536,0.0,0
1596160011.4697542,264.5997905731201,0.0,0
1596160011.4797542,266.40283584594727,0.0,0
1596160011.4897542,268.2007312774658,0.0,0
1596160011.4997542,270.00094413757324,0.0,0
1596160011.5097542,271.8014144897461,0.0,0
1596160011.5197542,273.60291481018066,0.0,0
1596160011.5297542,275.4020118713379,0.0,0
1596160011.5397542,277.2029972076416,0.0,0
1596160011.5497541,279.0010643005371,0.0,0
1596160011.5597541,280.8028221130371,0.0,0
1596160011.5697541,282.5997304916382,0.0,0
1596160011.579754,284.4000291824341,0.0,0
1596160011.589754,286.19985580444336,0.0,0
1596160011.599754,288.0005407333374,0.0,0
1596160011.609754,289.80066776275635,0.0,0
1596160011.619754,291.6001081466675,0.0,0
1596160011.629754,293.40263843536377,0.0,0
1596160011.639754,295.1997184753418,0.0,0
1596160011.649754,297.00164794921875,0.0,0
1596160011.659754,298.80306243896484,0.0,0
1596160011.669754,300.6001853942871,0.0,0
1596160011.679754,302.40275859832764,0.0,0
1596160011.6892447,304.10804271698,0.0,0
1596160011.6892447,304.10804271698,0.0,0
1596160011.689754,304.20194149017334,0.0,0
1596160011.699754,306.00202560424805,0.0,0
1596160011.709754,307.8008222579956,0.0,0
1596160011.719754,309.60253715515137,0.0,0
1596160011.729754,311.401162147522,0.0,0
1596160011.739754,313.20030212402344,0.0,0
1596160011.749754,315.00171661376953,0.0,0
1596160011.759754,316.8012857437134,0.0,0
1596160011.769754,318.6010265350342,0.0,0
1596160011.779754,320.400595664978,0.0,0
1596160011.789754,322.20213890075684,0.0,0
1596160011.799754,324.0011501312256,0.0,0
1596160011.809754,325.80230712890625,0.0,0
1596160011.819754,327.6001167297363,0.0,0
1596160011.8297539,329.3999433517456,0.0,0
1596160011.8397539,331.20140075683594,0.0,0
1596160011.8497539,333.0013132095337,0.0,0
1596160011.8597538,334.8007535934448,0.0,0
1596160011.8697538,336.5998935699463,0.0,0
1596160011.8797538,338.4018659591675,0.0,0
1596160011.8897538,340.20036220550537,0.0,0
1596160011.8997538,342.001690864563,0.0,0
1596160011.9097538,343.80035877227783,0.0,0
1596160011.9197538,345.60168743133545,0.0,0
1596160011.9297538,347.4027156829834,0.0,0
1596160011.9397538,349.2024564743042,0.0,0
1596160011.9497538,350.9999656677246,0.0,0
1596160011.9597538,352.7999210357666,0.0,0
1596160011.9697537,354.6021509170532,0.0,0
1596160011.9797537,356.4014196395874,0.0,0
1596160011.9897537,358.20000171661377,0.0,0
1596160011.9997702,360,0.0,1
1596160011.9997702,0,0,0
1596160012.0097702,1.8015861511230469,0,0
1596160012.0197701,3.602442741394043,0,0
1596160012.0297701,5.400252342224121,0,0
1596160012.0397701,7.201709747314453,0,0
1596160012.04977,9.00003433227539,0,0
1596160012.05977,10.800976753234863,0,0
1596160012.06977,12.6033353805542,0,0
1596160012.07977,14.401745796203613,0,0
1596160012.08977,16.20234489440918,0,0
1596160012.09977,18.000411987304688,0,0
1596160012.10977,19.80332851409912,0,0
1596160012.11977,21.6031551361084,0,0
1596160012.12977,23.40238094329834,0,0
1596160012.13977,25.201563835144043,0,0
1596160012.14977,27.003321647644043,0,0
1596160012.15977,28.80241870880127,0,0
1596160012.16977,30.60190200805664,0,0
1596160012.17977,32.400784492492676,0,0
1596160012.18977,34.20327186584473,0,0
1596160012.19977,36.00318431854248,0,0
1596160012.20977,37.80172348022461,0,0
1596160012.21977,39.60296630859375,0,0
1596160012.22977,41.40004634857178,0,0
1596160012.23977,43.20146083831787,0,0
1596160012.24977,45.001115798950195,0,0
1596160012.25977,46.801114082336426,0,0
1596160012.26977,48.60072612762451,0,0
1596160012.27977,50.40050983428955,0,0
1596160012.28977,52.20286846160889,0,0
1596160012.2997699,54.003167152404785,0,0
1596160012.3097699,55.80110549926758,0,0
1596160012.3197699,57.60101795196533,0,0
1596160012.321861,57.97635555267334,0,0
1596160012.321861,57.97635555267334,0.0,0
1596160012.3297698,59.402689933776855,0.0,0
1596160012.3397698,61.199941635131836,0.0,0
1596160012.3497698,63.000712394714355,0.0,0
1596160012.3597698,64.80191230773926,0.0,0
1596160012.3697698,66.60152435302734,0.0,0
1596160012.3797698,68.40066432952881,0.0,0
1596160012.3897698,70.20143508911133,0.0,0
1596160012.3997698,72.00267791748047,0.0,0
1596160012.4097698,73.8021183013916,0.0,0
1596160012.4197698,75.60142993927002,0.0,0
1596160012.4297698,77.40207195281982,0.0,0
1596160012.4397697,79.2018985748291,0.0,0
1596160012.4497697,81.00159645080566,0.0,0
1596160012.4597697,82.79996395111084,0.0,0
1596160012.4697697,84.60288047790527,0.0,0
1596160012.4797697,86.40180587768555,0.0,0
1596160012.4897697,88.20064544677734,0.0,0
1596160012.4997697,90.00193119049072,0.0,0
1596160012.5097697,91.80089950561523,0.0,0
1596160012.5197697,93.6011552810669,0.0,0
1596160012.5297697,95.40299892425537,0.0,0
1596160012.5397696,97.20192432403564,0.0,0
1596160012.5497696,99.0032958984375,0.0,0
1596160012.5597696,100.80320835113525,0.0,0
1596160012.5697696,102.60011672973633,0.0,0
1596160012.5797696,104.40045833587646,0.0,0
1596160012.5897696,106.2024736404419,0.0,0
1596160012.5997696,108.00187110900879,0.0,0
1596160012.6097696,109.80324268341064,0.0,0
1596160012.6197696,111.60191059112549,0.0,0
1596160012.6297696,113.40044975280762,0.0,0
1596160012.6397696,115.20143508911133,0.0,0
1596160012.6497695,116.99988842010498,0.0,0
1596160012.6597695,118.8003158569336,0.0,0
1596160012.6697695,120.60147285461426,0.0,0
1596160012.6797695,122.40220069885254,0.0,0
1596160012.6897695,124.20202732086182,0.0,0
1596160012.6997695,126.00155353546143,0.0,0
1596160012.7097695,127.79996395111084,0.0,0
1596160012.7197695,129.60004806518555,0.0,0
1596160012.7297695,131.40317916870117,0.0,0
1596160012.7397695,133.20034503936768,0.0,0
1596160012.7497694,135.00210285186768,0.0,0
1596160012.7597694,136.80313110351562,0.0,0
1596160012.7697694,138.6009407043457,0.0,0
1596160012.7797694,140.40188312530518,0.0,0
1596160012.7897694,142.20201015472412,0.0,0
1596160012.7997694,144.00132179260254,0.0,0
1596160012.8097694,145.8032512664795,0.0,0
1596160012.8197694,147.60003089904785,0.0,0
1596160012.8297694,149.402174949646,0.0,0
1596160012.8397694,151.20092868804932,0.0,0
1596160012.8497694,153.0031156539917,0.0,0
1596160012.8597693,154.80036735534668,0.0,0
1596160012.8697693,156.6028118133545,0.0,0
1596160012.8797693,158.40139389038086,0.0,0
1596160012.8897693,160.20315170288086,0.0,0
1596160012.8997693,162.00027465820312,0.0,0
1596160012.9097693,163.8019037246704,0.0,0
1596160012.9197693,165.6024169921875,0.0,0
1596160012.9297693,167.40185737609863,0.0,0
1596160012.9397693,169.2017698287964,0.0,0
1596160012.9497693,170.9999656677246,0.0,0
1596160012.9597692,172.80000686645508,0.0,0
1596160012.9697692,174.6023654937744,0.0,0
1596160012.9797692,176.4003038406372,0.0,0
1596160012.9897692,178.1999158859253,0.0,0
1596160012.9997692,180.00184535980225,0.0,0
1596160013.0097692,181.80270195007324,0.0,0
1596160013.0197692,183.60270023345947,0.0,0
1596160013.0297692,185.40081024169922,0.0,0
1596160013.0397692,187.2026538848877,0.0,0
1596160013.0497692,188.99986267089844,0.0,0
1596160013.0597692,190.8028221130371,0.0,0
1596160013.0697691,192.60149002075195,0.0,0
1596160013.0797691,194.40178871154785,0.0,0
1596160013.0897691,196.20221614837646,0.0,0
1596160013.099769,198.00272941589355,0.0,0
1596160013.109769,199.800066947937,0.0,0
1596160013.119769,201.60233974456787,0.0,0
1596160013.129769,203.4014368057251,0.0,0
1596160013.139769,205.20216464996338,0.0,0
1596160013.149769,207.0029354095459,0.0,0
1596160013.159769,208.80001544952393,0.0,0
1596160013.169769,210.59988498687744,0.0,0
1596160013.179769,212.400484085083,0.0,0
1596160013.189769,214.19979572296143,0.0,0
1596160013.199769,216.00155353546143,0.0,0
1596160013.209769,217.80198097229004,0.0,0
1596160013.219769,219.60163593292236,0.0,0
1596160013.229769,221.40193462371826,0.0,0
1596160013.239769,223.19978713989258,0.0,0
1596160013.249769,224.99982833862305,0.0,0
1596160013.259769,226.80055618286133,0.0,0
1596160013.269769,228.60244274139404,0.0,0
1596160013.279769,230.40016651153564,0.0,0
1596160013.289769,232.20072269439697,0.0,0
1596160013.299769,234.00192260742188,0.0,0
1596160013.309769,235.8017921447754,0.0,0
1596160013.319769,237.60290622711182,0.0,0
1596160013.329769,239.40281867980957,0.0,0
1596160013.339769,241.20255947113037,0.0,0
1596160013.3497689,243.0023431777954,0.0,0
1596160013.3597689,244.8030710220337,0.0,0
1596160013.3697689,246.60311222076416,0.0,0
1596160013.3797688,248.40306758880615,0.0,0
1596160013.3897688,250.20250797271729,0.0,0
1596160013.3997688,252.0011329650879,0.0,0
1596160013.4097688,253.79984378814697,0.0,0
1596160013.4197688,255.60168743133545,0.0,0
1596160013.4297688,257.4025869369507,0.0,0
1596160013.4397688,259.2009115219116,0.0,0
1596160013.4497688,261.00305557250977,0.0,0
1596160013.4597688,262.8011226654053,0.0,0
1596160013.4697688,264.6004343032837,0.0,0
1596160013.4797688,266.4012050628662,0.0,0
1596160013.4897687,268.20197582244873,0.0,0
1596160013.4997687,270.0021457672119,0.0,0
1596160013.5097687,271.80059909820557,0.0,0
1596160013.5197687,273.6023998260498,0.0,0
1596160013.5297687,275.4004669189453,0.0,0
1596160013.5397687,277.2031259536743,0.0,0
1596160013.5497687,279.0017080307007,0.0,0
1596160013.5597687,280.8017063140869,0.0,0
1596160013.5697687,282.60015964508057,0.0,0
1596160013.5797687,284.4004154205322,0.0,0
1596160013.5897686,286.20285987854004,0.0,0
1596160013.5997686,288.00225734710693,0.0,0
1596160013.6097686,289.8025131225586,0.0,0
1596160013.6197686,291.59972190856934,0.0,0
1596160013.6297686,293.4018659591675,0.0,0
1596160013.6397686,295.1998472213745,0.0,0
1596160013.6497686,297.0021629333496,0.0,0
1596160013.6597686,298.80061626434326,0.0,0
1596160013.6697686,300.60181617736816,0.0,0
1596160013.6797686,302.4027156829834,0.0,0
1596160013.689476,304.1470527648926,0.0,0
1596160013.689476,304.1470527648926,0.0,0
1596160013.6897686,304.20129776000977,0.0,0
1596160013.6997685,306.0030126571655,0.0,0
1596160013.7097685,307.8009080886841,0.0,0
1596160013.7197685,309.6009922027588,0.0,0
1596160013.7297685,311.3999605178833,0.0,0
1596160013.7397685,313.2009029388428,0.0,0
1596160013.7497685,315.00175952911377,0.0,0
1596160013.7597685,316.80068492889404,0.0,0
1596160013.7697685,318.60278606414795,0.0,0
1596160013.7797685,320.4005527496338,0.0,0
1596160013.7897685,322.2002935409546,0.0,0
1596160013.7997684,324.0027379989624,0.0,0
1596160013.8097684,325.8019208908081,0.0,0
1596160013.8197684,327.6001167297363,0.0,0
1596160013.8297684,329.40110206604004,0.0,0
1596160013.8397684,331.20243072509766,0.0,0
1596160013.8497684,333.0010986328125,0.0,0
1596160013.8597684,334.8016119003296,0.0,0
1596160013.8697684,336.6019535064697,0.0,0
1596160013.8797684,338.40036392211914,0.0,0
1596160013.8897684,340.2027654647827,0.0,0
1596160013.8997684,342.0000171661377,0.0,0
1596160013.9097683,343.800745010376,0.0,0
1596160013.9197683,345.6016445159912,0.0,0
1596160013.9297683,347.40039825439453,0.0,0
1596160013.9397683,349.2009973526001,0.0,0
1596160013.9497683,351.0030126571655,0.0,0
1596160013.9597683,352.8011226654053,0.0,0
1596160013.9697683,354.60163593292236,0.0,0
1596160013.9797683,356.402063369751,0.0,0
1596160013.9897683,358.20133209228516,0.0,0
1596160013.9997756,360,0.0,1
1596160013.9997756,0,0,0
1596160014.0097756,1.8004703521728516,0,0
1596160014.0197756,3.600468635559082,0,0
1596160014.0297756,5.401754379272461,0,0
1596160014.0397756,7.200379371643066,0,0
1596160014.0497756,9.002866744995117,0,0
1596160014.0597756,10.802865028381348,0,0
1596160014.0697756,12.602992057800293,0,0
1596160014.0797756,14.40281867980957,0,0
1596160014.0897756,16.202216148376465,0,0
1596160014.0997756,18.002042770385742,0,0
1596160014.1097755,19.80032444000244,0,0
1596160014.1197755,21.60139560699463,0,0
1596160014.1297755,23.401050567626953,0,0
1596160014.1397755,25.203237533569336,0,0
1596160014.1497755,27.003021240234375,0,0
1596160014.1597755,28.803234100341797,0,0
1596160014.1697755,30.6024169921875,0,0
1596160014.1797755,32.40091323852539,0,0
1596160014.1897755,34.200825691223145,0,0
1596160014.1997755,36.00125312805176,0,0
1596160014.2097754,37.800350189208984,0,0
1596160014.2197754,39.60275173187256,0,0
1596160014.2297754,41.400818824768066,0,0
1596160014.2397754,43.203091621398926,0,0
1596160014.2497754,45.002360343933105,0,0
1596160014.2597754,46.803388595581055,0,0
1596160014.2697754,48.60300064086914,0,0
1596160014.2797754,50.400424003601074,0,0
1596160014.2897754,52.20012187957764,0,0
1596160014.2997754,54.00012016296387,0,0
1596160014.3097754,55.80333709716797,0,0
1596160014.3195925,57.56702899932861,0,0
1596160014.3195925,57.56702899932861,0.0,0
1596160014.3197753,57.603206634521484,0.0,0
1596160014.3297753,59.40131664276123,0.0,0
1596160014.3397753,61.200456619262695,0.0,0
1596160014.3497753,63.001227378845215,0.0,0
1596160014.3597753,64.80010986328125,0.0,0
1596160014.3697753,66.60032272338867,0.0,0
1596160014.3797753,68.399977684021,0.0,0
1596160014.3897753,70.20143508911133,0.0,0
1596160014.3997753,72.00229167938232,0.0,0
1596160014.4097753,73.80271911621094,0.0,0
1596160014.4197752,75.60254573822021,0.0,0
1596160014.4297752,77.40301609039307,0.0,0
1596160014.4397752,79.20297145843506,0.0,0
1596160014.4497752,81.00095272064209,0.0,0
1596160014.4597752,82.803053855896,0.0,0
1596160014.4697752,84.60013389587402,0.0,0
1596160014.4797752,86.40124797821045,0.0,0
1596160014.4897752,88.20051670074463,0.0,0
1596160014.4997752,90.00188827514648,0.0,0
1596160014.5097752,91.8014144897461,0.0,0
1596160014.5197752,93.60201358795166,0.0,0
1596160014.5297751,95.4023551940918,0.0,0
1596160014.5397751,97.20205307006836,0.0,0
1596160014.5497751,99.00260925292969,0.0,0
1596160014.559775,100.80307960510254,0.0,0
1596160014.569775,102.60140419006348,0.0,0
1596160014.579775,104.40075874328613,0.0,0
1596160014.589775,106.20187282562256,0.0,0
1596160014.599775,108.0027723312378,0.0,0
1596160014.609775,109.80328559875488,0.0,0
1596160014.619775,111.60006523132324,0.0,0
1596160014.629775,113.40152263641357,0.0,0
1596160014.639775,115.20092010498047,0.0,0
1596160014.649775,117.00169086456299,0.0,0
1596160014.659775,118.80224704742432,0.0,0
1596160014.669775,120.60048580169678,0.0,0
1596160014.679775,122.40262985229492,0.0,0
1596160014.689775,124.200439453125,0.0,0
1596160014.699775,126.00172519683838,0.0,0
1596160014.709775,127.80125141143799,0.0,0
1596160014.719775,129.60197925567627,0.0,0
1596160014.729775,131.40060424804688,0.0,0
1596160014.739775,133.20180416107178,0.0,0
1596160014.749775,135.00141620635986,0.0,0
1596160014.759775,136.80291652679443,0.0,0
1596160014.769775,138.60179901123047,0.0,0
1596160014.779775,140.39986610412598,0.0,0
1596160014.789775,142.20106601715088,0.0,0
1596160014.799775,144.00290966033936,0.0,0
1596160014.8097749,145.80307960510254,0.0,0
1596160014.8197749,147.60226249694824,0.0,0
1596160014.8297749,149.40178871154785,0.0,0
1596160014.8397748,151.20127201080322,0.0,0
1596160014.8497748,152.9998540878296,0.0,0
1596160014.8597748,154.80045318603516,0.0,0
1596160014.8697748,156.6020393371582,0.0,0
1596160014.8797748,158.40130805969238,0.0,0
1596160014.8897748,160.20057678222656,0.0,0
1596160014.8997748,162.00194835662842,0.0,0
1596160014.9097748,163.80151748657227,0.0,0
1596160014.9197748,165.60087203979492,0.0,0
1596160014.9297748,167.40039825439453,0.0,0
1596160014.9397748,169.20061111450195,0.0,0
1596160014.9497747,171.00090980529785,0.0,0
1596160014.9597747,172.8026247024536,0.0,0
1596160014.9697747,174.6015501022339,0.0,0
1596160014.9797747,176.40214920043945,0.0,0
1596160014.9897747,178.20034503936768,0.0,0
1596160014.9997747,180.00120162963867,0.0,0
1596160015.0097747,181.80016994476318,0.0,0
1596160015.0197747,183.60278606414795,0.0,0
1596160015.0297747,185.4026985168457,0.0,0
1596160015.0397747,187.20149517059326,0.0,0
1596160015.0497746,188.99986267089844,0.0,0
1596160015.0597746,190.80209255218506,0.0,0
1596160015.0697746,192.60161876678467,0.0,0
1596160015.0797746,194.40243244171143,0.0,0
1596160015.0897746,196.20182991027832,0.0,0
1596160015.0997746,198.00135612487793,0.0,0
1596160015.1097746,199.80281352996826,0.0,0
1596160015.1197746,201.6003656387329,0.0,0
1596160015.1297746,203.40040683746338,0.0,0
1596160015.1397746,205.20109176635742,0.0,0
1596160015.1497746,207.00053215026855,0.0,0
1596160015.1597745,208.80186080932617,0.0,0
1596160015.1697745,210.60306072235107,0.0,0
1596160015.1797745,212.4028444290161,0.0,0
1596160015.1897745,214.20198440551758,0.0,0
1596160015.1997745,216.00211143493652,0.0,0
1596160015.2097745,217.8006076812744,0.0,0
1596160015.2197745,219.60034847259521,0.0,0
1596160015.2297745,221.4019775390625,0.0,0
1596160015.2397745,223.19978713989258,0.0,0
1596160015.2497745,225.00012874603271,0.0,0
1596160015.2597744,226.80295944213867,0.0,0
1596160015.2697744,228.60270023345947,0.0,0
1596160015.2797744,230.40153980255127,0.0,0
1596160015.2897744,232.2026538848877,0.0,0
1596160015.2997744,234.0011501312256,0.0,0
1596160015.3097744,235.80153465270996,0.0,0
1596160015.3197744,237.6026487350464,0.0,0
1596160015.3297744,239.40067291259766,0.0,0
1596160015.3397744,241.20088577270508,0.0,0
1596160015.3497744,243.00071239471436,0.0,0
1596160015.3597744,244.80221271514893,0.0,0
1596160015.3697743,246.60272598266602,0.0,0
1596160015.3797743,248.40186595916748,0.0,0
1596160015.3897743,250.20031929016113,0.0,0
1596160015.3997743,252.00173377990723,0.0,0
1596160015.4097743,253.80284786224365,0.0,0
1596160015.4197743,255.60177326202393,0.0,0
1596160015.4297743,257.40267276763916,0.0,0
1596160015.4397743,259.2018985748291,0.0,0
1596160015.4497743,261.00022315979004,0.0,0
1596160015.4597743,262.80288219451904,0.0,0
1596160015.4697742,264.60137844085693,0.0,0
1596160015.4797742,266.4013338088989,0.0,0
1596160015.4897742,268.20300579071045,0.0,0
1596160015.4997742,270.0007724761963,0.0,0
1596160015.5097742,271.8007707595825,0.0,0
1596160015.5197742,273.60300064086914,0.0,0
1596160015.5297742,275.4008102416992,0.0,0
1596160015.5397742,277.2008514404297,0.0,0
1596160015.5497742,279.00145053863525,0.0,0
1596160015.5597742,280.80209255218506,0.0,0
1596160015.5697742,282.59990215301514,0.0,0
1596160015.5797741,284.403076171875,0.0,0
1596160015.5897741,286.2005853652954,0.0,0
1596160015.5997741,288.0019998550415,0.0,0
1596160015.609774,289.8025131225586,0.0,0
1596160015.619774,291.60027980804443,0.0,0
1596160015.629774,293.4001922607422,0.0,0
1596160015.639774,295.2022933959961,0.0,0
1596160015.649774,297.00061798095703,0.0,0
1596160015.659774,298.80293369293213,0.0,0
1596160015.669774,300.6020736694336,0.0,0
1596160015.679774,302.39984035491943,0.0,0
1596160015.6897135,304.1888093948364,0.0,0
1596160015.6897135,304.1888093948364,0.0,0
1596160015.689774,304.20777797698975,0.0,0
1596160015.699774,306.0015535354614,0.0,0
1596160015.709774,307.802152633667,0.0,0
1596160015.719774,309.6006488800049,0.0,0
1596160015.729774,311.4014196395874,0.0,0
1596160015.739774,313.2013750076294,0.0,0
1596160015.749774,315.0007724761963,0.0,0
1596160015.759774,316.80102825164795,0.0,0
1596160015.769774,318.6024856567383,0.0,0
1596160015.779774,320.40184020996094,0.0,0
1596160015.789774,322.2009801864624,0.0,0
1596160015.799774,324.00132179260254,0.0,0
1596160015.809774,325.801362991333,0.0,0
1596160015.819774,327.6017475128174,0.0,0
1596160015.829774,329.4005870819092,0.0,0
1596160015.839774,331.20187282562256,0.0,0
1596160015.849774,333.0018711090088,0.0,0
1596160015.8597739,334.8019552230835,0.0,0
1596160015.8697739,336.6012239456177,0.0,0
1596160015.8797739,338.4024238586426,0.0,0
1596160015.8897738,340.200834274292,0.0,0
1596160015.8997738,342.0029354095459,0.0,0
1596160015.9097738,343.8001871109009,0.0,0
1596160015.9197738,345.6030607223511,0.0,0
1596160015.9297738,347.4028444290161,0.0,0
1596160015.9397738,349.2023706436157,0.0,0
1596160015.9497738,351.0028409957886,0.0,0
1596160015.9597738,352.80288219451904,0.0,0
1596160015.9697738,354.60309505462646,0.0,0
1596160015.9797738,356.4005184173584,0.0,0
1596160015.9897738,358.2001733779907,0.0,0
1596160015.9997902,360,0.0,1
1596160015.9997902,0,0,0
1596160016.0097902,1.8006420135498047,0,0
1596160016.0197902,3.6012840270996094,0,0
1596160016.0297902,5.400338172912598,0,0
1596160016.0397902,7.201452255249023,0,0
1596160016.0497901,9.001107215881348,0,0
1596160016.0597901,10.8030366897583,0,0
1596160016.0697901,12.60183334350586,0,0
1596160016.07979,14.40208911895752,0,0
1596160016.08979,16.20285987854004,0,0
1596160016.09979,18.003201484680176,0,0
1596160016.10979,19.802727699279785,0,0
1596160016.11979,21.60010814666748,0,0
1596160016.12979,23.401951789855957,0,0
1596160016.13979,25.20160675048828,0,0
1596160016.14979,27.001004219055176,0,0
1596160016.15979,28.801345825195312,0,0
1596160016.16979,30.600013732910156,0,0
1596160016.17979,32.400312423706055,0,0
1596160016.18979,34.20073986053467,0,0
1596160016.19979,36.00138187408447,0,0
1596160016.20979,37.80215263366699,0,0
1596160016.21979,39.60094928741455,0,0
1596160016.22979,41.401634216308594,0,0
1596160016.23979,43.20330619812012,0,0
1596160016.24979,45.00072956085205,0,0
1596160016.25979,46.80068492889404,0,0
1596160016.26979,48.603386878967285,0,0
1596160016.27979,50.40128231048584,0,0
1596160016.28979,52.20149517059326,0,0
1596160016.29979,54.00325298309326,0,0
1596160016.30979,55.800461769104004,0,0
1596160016.31979,57.60123252868652,0,0
1596160016.3210835,57.83280372619629,0,0
1596160016.3210835,57.83280372619629,0.0,0
1596160016.3297899,59.40329074859619,0.0,0
1596160016.3397899,61.20255947113037,0.0,0
1596160016.3497899,62.999939918518066,0.0,0
1596160016.3597898,64.80199813842773,0.0,0
1596160016.3697898,66.60195350646973,0.0,0
1596160016.3797898,68.40049266815186,0.0,0
1596160016.3897898,70.20272254943848,0.0,0
1596160016.3997898,72.00169086456299,0.0,0
1596160016.4097898,73.8017749786377,0.0,0
1596160016.4197898,75.59997081756592,0.0,0
1596160016.4297898,77.40065574645996,0.0,0
1596160016.4397898,79.20310020446777,0.0,0
1596160016.4497898,81.00043773651123,0.0,0
1596160016.4597898,82.80296802520752,0.0,0
1596160016.4697897,84.60180759429932,0.0,0
1596160016.4797897,86.40077590942383,0.0,0
1596160016.4897897,88.20163249969482,0.0,0
1596160016.4997897,90.00261783599854,0.0,0
1596160016.5097897,91.80059909820557,0.0,0
1596160016.5197897,93.60222816467285,0.0,0
1596160016.5297897,95.4008960723877,0.0,0
1596160016.5397897,97.20016479492188,0.0,0
1596160016.5497897,99.0023946762085,0.0,0
1596160016.5597897,100.80050468444824,0.0,0
1596160016.5697896,102.59990215301514,0.0,0
1596160016.5797896,104.40097332000732,0.0,0
1596160016.5897896,106.20294570922852,0.0,0
1596160016.5997896,107.99993991851807,0.0,0
1596160016.6097896,109.80088233947754,0.0,0
1596160016.6197896,111.60319805145264,0.0,0
1596160016.6297896,113.40169429779053,0.0,0
1596160016.6397896,115.20225048065186,0.0,0
1596160016.6497896,117.00267791748047,0.0,0
1596160016.6597896,118.80220413208008,0.0,0
1596160016.6697896,120.60271739959717,0.0,0
1596160016.6797895,122.40155696868896,0.0,0
1596160016.6897895,124.2021131515503,0.0,0
1596160016.6997895,126.00305557250977,0.0,0
1596160016.7097895,127.80198097229004,0.0,0
1596160016.7197895,129.603009223938,0.0,0
1596160016.7297895,131.40116214752197,0.0,0
1596160016.7397895,133.20034503936768,0.0,0
1596160016.7497895,135.00253200531006,0.0,0
1596160016.7597895,136.80184364318848,0.0,0
1596160016.7697895,138.6000394821167,0.0,0
1596160016.7797894,140.40008068084717,0.0,0
1596160016.7897894,142.20273971557617,0.0,0
1596160016.7997894,144.00119304656982,0.0,0
1596160016.8097894,145.8030366897583,0.0,0
1596160016.8197894,147.60191917419434,0.0,0
1596160016.8297894,149.4014024734497,0.0,0
1596160016.8397894,151.20187282562256,0.0,0
1596160016.8497894,153.0027723312378,0.0,0
1596160016.8597894,154.80182647705078,0.0,0
1596160016.8697894,156.60302639007568,0.0,0
1596160016.8797894,158.40298175811768,0.0,0
1596160016.8897893,160.2022933959961,0.0,0
1596160016.8997893,162.00061798095703,0.0,0
1596160016.9097893,163.80241870880127,0.0,0
1596160016.9197893,165.60293197631836,0.0,0
1596160016.9297893,167.40031242370605,0.0,0
1596160016.9397893,169.20013904571533,0.0,0
1596160016.9497893,171.00279808044434,0.0,0
1596160016.9597893,172.80163764953613,0.0,0
1596160016.9697893,174.6014642715454,0.0,0
1596160016.9797893,176.40292167663574,0.0,0
1596160016.9897892,178.20128917694092,0.0,0
1596160016.9997892,180.0029182434082,0.0,0
1596160017.0097892,181.80047035217285,0.0,0
1596160017.0197892,183.60012531280518,0.0,0
1596160017.0297892,185.39990901947021,0.0,0
1596160017.0397892,187.20291137695312,0.0,0
1596160017.0497892,189.0009355545044,0.0,0
1596160017.0597892,190.80063343048096,0.0,0
1596160017.0697892,192.59994506835938,0.0,0
1596160017.0797892,194.39998626708984,0.0,0
1596160017.0897892,196.20208740234375,0.0,0
1596160017.0997891,198.0010986328125,0.0,0
1596160017.1097891,199.8017406463623,0.0,0
1596160017.1197891,201.6013526916504,0.0,0
1596160017.129789,203.4014368057251,0.0,0
1596160017.139789,205.20225048065186,0.0,0
1596160017.149789,207.0014762878418,0.0,0
1596160017.159789,208.8003158569336,0.0,0
1596160017.169789,210.60258865356445,0.0,0
1596160017.179789,212.4009132385254,0.0,0
1596160017.189789,214.20185565948486,0.0,0
1596160017.199789,216.00202560424805,0.0,0
1596160017.209789,217.8026247024536,0.0,0
1596160017.219789,219.60137844085693,0.0,0
1596160017.229789,221.40047550201416,0.0,0
1596160017.239789,223.2008171081543,0.0,0
1596160017.249789,224.99995708465576,0.0,0
1596160017.259789,226.80128574371338,0.0,0
1596160017.269789,228.60042572021484,0.0,0
1596160017.279789,230.40295600891113,0.0,0
1596160017.289789,232.20055103302002,0.0,0
1596160017.299789,234.00166511535645,0.0,0
1596160017.309789,235.80029010772705,0.0,0
1596160017.319789,237.60037422180176,0.0,0
1596160017.329789,239.4025182723999,0.0,0
1596160017.339789,241.20127201080322,0.0,0
1596160017.349789,243.00135612487793,0.0,0
1596160017.359789,244.8008394241333,0.0,0
1596160017.369789,246.60233974456787,0.0,0
1596160017.3797889,248.40096473693848,0.0,0
1596160017.3897889,250.20031929016113,0.0,0
1596160017.3997889,252.0012617111206,0.0,0
1596160017.4097888,253.7999725341797,0.0,0
1596160017.4197888,255.60082912445068,0.0,0
1596160017.4297888,257.4011707305908,0.0,0
1596160017.4397888,259.2028856277466,0.0,0
1596160017.4497888,261.00224018096924,0.0,0
1596160017.4597888,262.80155181884766,0.0,0
1596160017.4697888,264.6012496948242,0.0,0
1596160017.4797888,266.40034675598145,0.0,0
1596160017.4897888,268.20043087005615,0.0,0
1596160017.4997888,270.00107288360596,0.0,0
1596160017.5097888,271.8007707595825,0.0,0
1596160017.5197887,273.6006832122803,0.0,0
1596160017.5297887,275.40295600891113,0.0,0
1596160017.5397887,277.2019672393799,0.0,0
1596160017.5497887,279.00020599365234,0.0,0
1596160017.5597887,280.80153465270996,0.0,0
1596160017.5697887,282.60282039642334,0.0,0
1596160017.5797887,284.4007158279419,0.0,0
1596160017.5897887,286.2005424499512,0.0,0
1596160017.5997887,287.9998540878296,0.0,0
1596160017.6097887,289.8021697998047,0.0,0
1596160017.6197886,291.6014814376831,0.0,0
1596160017.6297886,293.3998489379883,0.0,0
1596160017.6397886,295.2018213272095,0.0,0
1596160017.6497886,297.002592086792,0.0,0
1596160017.6597886,298.80228996276855,0.0,0
1596160017.6697886,300.60134410858154,0.0,0
1596160017.6797886,302.4015140533447,0.0,0
1596160017.6897886,304.2014694213867,0.0,0
1596160017.6899543,304.22953605651855,0.0,0
1596160017.6899543,304.22953605651855,0.0,0
1596160017.6997886,306.0021114349365,0.0,0
1596160017.7097886,307.8024101257324,0.0,0
1596160017.7197886,309.59991931915283,0.0,0
1596160017.7297885,311.400990486145,0.0,0
1596160017.7397885,313.20244789123535,0.0,0
1596160017.7497885,315.0010299682617,0.0,0
1596160017.7597885,316.80270195007324,0.0,0
1596160017.7697885,318.60089778900146,0.0,0
1596160017.7797885,320.4014539718628,0.0,0
1596160017.7897885,322.2018814086914,0.0,0
1596160017.7997885,324.0018367767334,0.0,0
1596160017.8097885,325.80016136169434,0.0,0
1596160017.8197885,327.6008892059326,0.0,0
1596160017.8297884,329.40088748931885,0.0,0
1596160017.8397884,331.1996841430664,0.0,0
1596160017.8497884,333.00217151641846,0.0,0
1596160017.8597884,334.80212688446045,0.0,0
1596160017.8697884,336.6023826599121,0.0,0
1596160017.8797884,338.4019088745117,0.0,0
1596160017.8897884,340.20259380340576,0.0,0
1596160017.8997884,342.00040340423584,0.0,0
1596160017.9097884,343.8021183013916,0.0,0
1596160017.9197884,345.60280323028564,0.0,0
1596160017.9297884,347.3999261856079,0.0,0
1596160017.9397883,349.20297145843506,0.0,0
1596160017.9497883,351.0008668899536,0.0,0
1596160017.9597883,352.8011226654053,0.0,0
1596160017.9697883,354.59983348846436,0.0,0
1596160017.9797883,356.4023208618164,0.0,0
1596160017.9897883,358.2011604309082,0.0,0
1596160017.999804,360,0.0,1
1596160017.999804,0,0,0
1596160018.009804,1.8017148971557617,0,0
1596160018.019804,3.6012840270996094,0,0
1596160018.029804,5.400896072387695,0,0
1596160018.039804,7.202739715576172,0,0
1596160018.049804,9.000463485717773,0,0
1596160018.059804,10.80282211303711,0,0
1596160018.069804,12.60230541229248,0,0
1596160018.079804,14.400372505187988,0,0
1596160018.089804,16.200156211853027,0,0
1596160018.099804,18.000454902648926,0,0
1596160018.109804,19.803156852722168,0,0
1596160018.119804,21.60285472869873,0,0
1596160018.129804,23.40186595916748,0,0
1596160018.139804,25.200963020324707,0,0
1596160018.1498039,27.00289249420166,0,0
1596160018.1598039,28.80293369293213,0,0
1596160018.1698039,30.602245330810547,0,0
1596160018.1798038,32.40074157714844,0,0
1596160018.1898038,34.2009973526001,0,0
1596160018.1998038,36.00318431854248,0,0
1596160018.2098038,37.80322551727295,0,0
1596160018.2198038,39.600563049316406,0,0
1596160018.2298038,41.40030384063721,0,0
1596160018.2398038,43.202104568481445,0,0
1596160018.2498038,45.000128746032715,0,0
1596160018.2598038,46.80008411407471,0,0
1596160018.2698038,48.60308647155762,0,0
1596160018.2798038,50.4026985168457,0,0
1596160018.2898037,52.201924324035645,0,0
1596160018.2998037,54.00029182434082,0,0
1596160018.3098037,55.80209255218506,0,0
1596160018.3198037,57.60312080383301,0,0
1596160018.3213089,57.870869636535645,0,0
1596160018.3213089,57.870869636535645,0.0,0
1596160018.3298037,59.40140247344971,0.0,0
1596160018.3398037,61.20290279388428,0.0,0
1596160018.3498037,63.000969886779785,0.0,0
1596160018.3598037,64.80178356170654,0.0,0
1596160018.3698037,66.6011381149292,0.0,0
1596160018.3798037,68.40010643005371,0.0,0
1596160018.3898036,70.20302295684814,0.0,0
1596160018.3998036,72.00267791748047,0.0,0
1596160018.4098036,73.80194664001465,0.0,0
1596160018.4198036,75.60001373291016,0.0,0
1596160018.4298036,77.40258693695068,0.0,0
1596160018.4398036,79.19992446899414,0.0,0
1596160018.4498036,80.99992275238037,0.0,0
1596160018.4598036,82.80292510986328,0.0,0
1596160018.4698036,84.59996223449707,0.0,0
1596160018.4798036,86.4023208618164,0.0,0
1596160018.4898036,88.2022762298584,0.0,0
1596160018.4998035,90.00270366668701,0.0,0
1596160018.5098035,91.80145740509033,0.0,0
1596160018.5198035,93.60265731811523,0.0,0
1596160018.5298035,95.4008960723877,0.0,0
1596160018.5398035,97.20304012298584,0.0,0
1596160018.5498035,99.00235176086426,0.0,0
1596160018.5598035,100.80110549926758,0.0,0
1596160018.5698035,102.6027774810791,0.0,0
1596160018.5798035,104.40062999725342,0.0,0
1596160018.5898035,106.20285987854004,0.0,0
1596160018.5998034,108.00036907196045,0.0,0
1596160018.6098034,109.80328559875488,0.0,0
1596160018.6198034,111.60045146942139,0.0,0
1596160018.6298034,113.40276718139648,0.0,0
1596160018.6398034,115.20233631134033,0.0,0
1596160018.6498034,117.00246334075928,0.0,0
1596160018.6598034,118.80237579345703,0.0,0
1596160018.6698034,120.60327529907227,0.0,0
1596160018.6798034,122.40082740783691,0.0,0
1596160018.6898034,124.2021131515503,0.0,0
1596160018.6998034,126.00305557250977,0.0,0
1596160018.7098033,127.80309677124023,0.0,0
1596160018.7198033,129.60060596466064,0.0,0
1596160018.7298033,131.4014196395874,0.0,0
1596160018.7398033,133.2013750076294,0.0,0
1596160018.7498033,135.00283241271973,0.0,0
1596160018.7598033,136.80278778076172,0.0,0
1596160018.7698033,138.6018419265747,0.0,0
1596160018.7798033,140.40025234222412,0.0,0
1596160018.7898033,142.20012187957764,0.0,0
1596160018.7998033,144.00012016296387,0.0,0
1596160018.8098032,145.80222129821777,0.0,0
1596160018.8198032,147.60101795196533,0.0,0
1596160018.8298032,149.40247535705566,0.0,0
1596160018.8398032,151.20238780975342,0.0,0
1596160018.8498032,153.0031156539917,0.0,0
1596160018.8598032,154.80131149291992,0.0,0
1596160018.8698032,156.60075187683105,0.0,0
1596160018.8798032,158.40092182159424,0.0,0
1596160018.8898032,160.20280838012695,0.0,0
1596160018.8998032,162.0001459121704,0.0,0
1596160018.9098032,163.8010025024414,0.0,0
1596160018.9198031,165.60031414031982,0.0,0
1596160018.9298031,167.40155696868896,0.0,0
1596160018.9398031,169.1998815536499,0.0,0
1596160018.949803,171.0007381439209,0.0,0
1596160018.959803,172.80086517333984,0.0,0
1596160018.969803,174.60026264190674,0.0,0
1596160018.979803,176.3998317718506,0.0,0
1596160018.989803,178.20051670074463,0.0,0
1596160018.999803,180.00304698944092,0.0,0
