Type = Mirollor Strogatz (-ish),Function = Peskin,Refract =0,Epsilon =0.3,Gamma =8,Start_phase =300
Timestamp,Phase,Offset,Ping?
1596159804,300,0,0
1596159804.01,301.7948055267334,1.6666666666666667,0
1596159804.02,303.596134185791,1.6666666666666667,0
1596159804.03,305.39772033691406,1.6666666666666667,0
1596159804.04,307.1966028213501,1.6666666666666667,0
1596159804.05,308.9970302581787,1.6666666666666667,0
1596159804.06,310.79569816589355,1.6666666666666667,0
1596159804.07,312.5947952270508,1.6666666666666667,0
1596159804.08,314.39698219299316,1.6666666666666667,0
1596159804.09,316.1971950531006,1.6666666666666667,0
1596159804.1,317.9945755004883,1.6666666666666667,0
1596159804.11,319.7974920272827,1.6666666666666667,0
1596159804.12,321.5962886810303,1.6666666666666667,0
1596159804.1299999,323.3961582183838,1.6666666666666667,0
1596159804.1399999,325.19474029541016,1.6666666666666667,0
1596159804.1499999,326.9961977005005,1.6666666666666667,0
1596159804.1599998,328.7950372695923,1.6666666666666667,0
1596159804.1699998,330.59576511383057,1.6666666666666667,0
1596159804.1799998,332.3960208892822,1.6666666666666667,0
1596159804.1899998,334.1965341567993,1.6666666666666667,0
1596159804.1999998,335.9951162338257,1.6666666666666667,0
1596159804.2099998,337.79528617858887,1.6666666666666667,0
1596159804.2199998,339.5975160598755,1.6666666666666667,0
1596159804.2299998,341.39742851257324,1.6666666666666667,0
1596159804.2399998,343.1963539123535,1.6666666666666667,0
1596159804.2499998,344.9947214126587,1.6666666666666667,0
1596159804.2599998,346.7946767807007,1.6666666666666667,0
1596159804.2699997,348.59626293182373,1.6666666666666667,0
1596159804.2799997,350.3947591781616,1.6666666666666667,0
1596159804.2899997,352.1954011917114,1.6666666666666667,0
1596159804.2999997,353.9957857131958,1.6666666666666667,0
1596159804.3099997,355.7970714569092,1.6666666666666667,0
1596159804.3199997,357.59698390960693,1.6666666666666667,0
1596159804.3299997,359.39728260040283,1.6666666666666667,0
1596159804.3333812,360,1.6666666666666667,1
1596159804.3333812,0,0,0
1596159804.3433812,1.8017148971557617,0,0
1596159804.3533812,3.602743148803711,0,0
1596159804.3568122,4.217591285705566,0,0
1596159804.3568122,22.211393309111006,0.0999655667966969,0
1596159804.3633811,23.395642233366377,0.0999655667966969,0
1596159804.3733811,25.196241331571944,0.0999655667966969,0
1596159804.3833811,26.99709792184294,0.0999655667966969,0
1596159804.393381,28.794049215788252,0.0999655667966969,0
1596159804.403381,30.59409041451872,0.0999655667966969,0
1596159804.413381,32.39576239633024,0.0999655667966969,0
1596159804.423381,34.19709105538786,0.0999655667966969,0
1596159804.433381,35.994428587431315,0.0999655667966969,0
1596159804.443381,37.79588599252165,0.0999655667966969,0
1596159804.453381,39.59429640817106,0.0999655667966969,0
1596159804.463381,41.3955392365402,0.0999655667966969,0
1596159804.473381,43.194378805632,0.0999655667966969,0
1596159804.483381,44.99630827950895,0.0999655667966969,0
1596159804.493381,46.79519076394499,0.0999655667966969,0
1596159804.503381,48.59420199441374,0.0999655667966969,0
1596159804.513381,50.39720435189665,0.0999655667966969,0
1596159804.523381,52.196258497709636,0.0999655667966969,0
1596159804.533381,53.99690051125944,0.0999655667966969,0
1596159804.543381,55.794323873991374,0.0999655667966969,0
1596159804.553381,57.595051718229655,0.0999655667966969,0
1596159804.563381,59.39595122384489,0.0999655667966969,0
1596159804.573381,61.194104147428874,0.0999655667966969,0
1596159804.583381,62.99444575356901,0.0999655667966969,0
1596159804.593381,64.79654688882292,0.0999655667966969,0
1596159804.603381,66.59418482827604,0.0999655667966969,0
1596159804.613381,68.39650054025114,0.0999655667966969,0
1596159804.623381,70.1964129929489,0.0999655667966969,0
1596159804.633381,71.99576754617155,0.0999655667966969,0
1596159804.6433809,73.79675288247526,0.0999655667966969,0
1596159804.6533809,75.59524912881315,0.0999655667966969,0
1596159804.6633809,77.39657778787077,0.0999655667966969,0
1596159804.6733809,79.19580359506071,0.0999655667966969,0
1596159804.6833808,80.99580187844694,0.0999655667966969,0
1596159804.6933808,82.79528517770231,0.0999655667966969,0
1596159804.7033808,84.59459681558073,0.0999655667966969,0
1596159804.7133808,86.39502425240934,0.0999655667966969,0
1596159804.7233808,88.19433589028776,0.0999655667966969,0
1596159804.7333808,89.99660868691862,0.0999655667966969,0
1596159804.7433808,91.79626364755094,0.0999655667966969,0
1596159804.7533808,93.59639067696989,0.0999655667966969,0
1596159804.7633808,95.39394278573454,0.0999655667966969,0
1596159804.7733808,97.1945418839401,0.0999655667966969,0
1596159804.7833807,98.99677176522673,0.0999655667966969,0
1596159804.7933807,100.7962550644821,0.0999655667966969,0
1596159804.8033807,102.59702582406462,0.0999655667966969,0
1596159804.8133807,104.3946208481735,0.0999655667966969,0
1596159804.8233807,106.1965932373947,0.0999655667966969,0
1596159804.8333807,107.99496073769987,0.0999655667966969,0
1596159804.8433807,109.79543108987272,0.0999655667966969,0
1596159804.8533807,111.5937985901779,0.0999655667966969,0
1596159804.8633807,113.39508433389128,0.0999655667966969,0
1596159804.8733807,115.19671340035856,0.0999655667966969,0
1596159804.8833807,116.99666876840055,0.0999655667966969,0
1596159804.8933806,118.79374880837858,0.0999655667966969,0
1596159804.9033806,120.59430499123991,0.0999655667966969,0
1596159804.9133806,122.39494700478971,0.0999655667966969,0
1596159804.9233806,124.19636149453581,0.0999655667966969,0
1596159804.9333806,125.9942998413986,0.0999655667966969,0
1596159804.9433806,127.7951564316696,0.0999655667966969,0
1596159804.9533806,129.5965709214157,0.0999655667966969,0
1596159804.9633806,131.39377970742643,0.0999655667966969,0
1596159804.9733806,133.19648165749967,0.0999655667966969,0
1596159804.9833806,134.99429125832975,0.0999655667966969,0
1596159804.9933805,136.79639239358366,0.0999655667966969,0
1596159805.0033805,138.59385867165983,0.0999655667966969,0
1596159805.0133805,140.3961314682907,0.0999655667966969,0
1596159805.0233805,142.19570059823454,0.0999655667966969,0
1596159805.0333805,143.99587054299772,0.0999655667966969,0
1596159805.0433805,145.7936801438278,0.0999655667966969,0
1596159805.0533805,147.59492297219694,0.0999655667966969,0
1596159805.0633805,149.39526457833708,0.0999655667966969,0
1596159805.0733805,151.1938037400192,0.0999655667966969,0
1596159805.0833805,152.99603362130583,0.0999655667966969,0
1596159805.0933805,154.79577441262663,0.0999655667966969,0
1596159805.1033804,156.596158934111,0.0999655667966969,0
1596159805.1133804,158.39383978890837,0.0999655667966969,0
1596159805.1233804,160.19431014108122,0.0999655667966969,0
1596159805.1333804,161.99490923928678,0.0999655667966969,0
1596159805.1433804,163.7938775544113,0.0999655667966969,0
1596159805.1533804,165.59692282723844,0.0999655667966969,0
1596159805.1633804,167.3946036820358,0.0999655667966969,0
1596159805.1733804,169.19683356332243,0.0999655667966969,0
1596159805.1833804,170.9963168625778,0.0999655667966969,0
1596159805.1933804,172.79446978616178,0.0999655667966969,0
1596159805.2033803,174.5945539002365,0.0999655667966969,0
1596159805.2133803,176.39433760690153,0.0999655667966969,0
1596159805.2233803,178.19558043527067,0.0999655667966969,0
1596159805.2333803,179.99519248055876,0.0999655667966969,0
1596159805.2433803,181.7949332718796,0.0999655667966969,0
1596159805.2533803,183.5966910843796,0.0999655667966969,0
1596159805.2633803,185.39626021432343,0.0999655667966969,0
1596159805.2733803,187.19475646066132,0.0999655667966969,0
1596159805.2833803,188.99522681283418,0.0999655667966969,0
1596159805.2933803,190.7945384507126,0.0999655667966969,0
1596159805.3033803,192.593850088591,0.0999655667966969,0
1596159805.3133802,194.39376254128877,0.0999655667966969,0
1596159805.3233802,196.19418997811738,0.0999655667966969,0
1596159805.3333802,197.99603362130586,0.0999655667966969,0
1596159805.3433802,199.7944869522995,0.0999655667966969,0
1596159805.3533802,201.59469981240693,0.0999655667966969,0
1596159805.3633802,203.39375395821992,0.0999655667966969,0
1596159805.3733802,205.19366641091767,0.0999655667966969,0
1596159805.3833802,206.9945659165329,0.0999655667966969,0
1596159805.3933802,208.7936200623459,0.0999655667966969,0
1596159805.4033802,210.5966224198288,0.0999655667966969,0
1596159805.4133801,212.39554781960908,0.0999655667966969,0
1596159805.4233801,214.19417281197968,0.0999655667966969,0
1596159805.4333801,215.9948148255295,0.0999655667966969,0
1596159805.44338,217.79374022530976,0.0999655667966969,0
1596159805.45338,219.59403891610566,0.0999655667966969,0
1596159805.46338,221.3951529984421,0.0999655667966969,0
1596159805.47338,223.19369216012421,0.0999655667966969,0
1596159805.48338,224.9939908509201,0.0999655667966969,0
1596159805.4881847,225.8584346299118,0.0999655667966969,0
1596159805.4881847,225.8584346299118,0.0999655667966969,0
1596159805.49338,226.7965211396164,0.0999655667966969,0
1596159805.50338,228.59488863992158,0.0999655667966969,0
1596159805.51338,230.39394278573457,0.0999655667966969,0
1596159805.52338,232.19364066171113,0.0999655667966969,0
1596159805.53338,233.99372477578584,0.0999655667966969,0
1596159805.54338,235.79385180520478,0.0999655667966969,0
1596159805.55338,237.5969829087204,0.0999655667966969,0
1596159805.56338,239.39427752541962,0.0999655667966969,0
1596159805.57338,241.19672198342744,0.0999655667966969,0
1596159805.58338,242.9966344361252,0.0999655667966969,0
1596159805.59338,244.79598898934785,0.0999655667966969,0
1596159805.60338,246.59405608224336,0.0999655667966969,0
1596159805.61338,248.39448351907197,0.0999655667966969,0
1596159805.62338,250.1952542786545,0.0999655667966969,0
1596159805.63338,251.99465174722138,0.0999655667966969,0
1596159805.64338,253.79507918405,0.0999655667966969,0
1596159805.65338,255.59379000710908,0.0999655667966969,0
1596159805.66338,257.393917036528,0.0999655667966969,0
1596159805.67338,259.194773626799,0.0999655667966969,0
1596159805.68338,260.99387068795625,0.0999655667966969,0
1596159805.6933799,262.79438395547334,0.0999655667966969,0
1596159805.7033799,264.5941676621384,0.0999655667966969,0
1596159805.7133799,266.39532465981904,0.0999655667966969,0
1596159805.7233799,268.19519419717255,0.0999655667966969,0
1596159805.7333798,269.9966516022629,0.0999655667966969,0
1596159805.7433798,271.79446120309296,0.0999655667966969,0
1596159805.7533798,273.5954465393967,0.0999655667966969,0
1596159805.7633798,275.39402861642304,0.0999655667966969,0
1596159805.7733798,277.1958722596115,0.0999655667966969,0
1596159805.7833798,278.99544138955537,0.0999655667966969,0
1596159805.7933798,280.79539675759736,0.0999655667966969,0
1596159805.8033798,282.5935925965256,0.0999655667966969,0
1596159805.8133798,284.39552207040254,0.0999655667966969,0
1596159805.8233798,286.1960353379196,0.0999655667966969,0
1596159805.8333797,287.9944028382248,0.0999655667966969,0
1596159805.8433797,289.79375739144746,0.0999655667966969,0
1596159805.8533797,291.59405608224336,0.0999655667966969,0
1596159805.8633797,293.39602847146455,0.0999655667966969,0
1596159805.8733797,295.19422431039277,0.0999655667966969,0
1596159805.8833797,296.99538130807343,0.0999655667966969,0
1596159805.8933797,298.79490752267304,0.0999655667966969,0
1596159805.9033797,300.59554953622285,0.0999655667966969,0
1596159805.9133797,302.3961057190842,0.0999655667966969,0
1596159805.9233797,304.1940869812912,0.0999655667966969,0
1596159805.9333797,305.99601645516816,0.0999655667966969,0
1596159805.9433796,307.7945556168503,0.0999655667966969,0
1596159805.9533796,309.5947684769577,0.0999655667966969,0
1596159805.9633796,311.3966550354904,0.0999655667966969,0
1596159805.9733796,313.19630999612275,0.0999655667966969,0
1596159805.9833796,314.9968661789841,0.0999655667966969,0
1596159805.9933796,316.7951478486008,0.0999655667966969,0
1596159806.0033796,318.5946740632004,0.0999655667966969,0
1596159806.0133796,320.3965606217331,0.0999655667966969,0
1596159806.0233796,322.1938123230881,0.0999655667966969,0
1596159806.0333796,323.99363894509736,0.0999655667966969,0
1596159806.0433795,325.79380888986054,0.0999655667966969,0
1596159806.0533795,327.5939788346237,0.0999655667966969,0
1596159806.0633795,329.3963803772873,0.0999655667966969,0
1596159806.0733795,331.19672198342744,0.0999655667966969,0
1596159806.0833795,332.9944886689133,0.0999655667966969,0
1596159806.0933795,334.79641814279023,0.0999655667966969,0
1596159806.1033795,336.59628768014375,0.0999655667966969,0
1596159806.1133795,338.39658637093964,0.0999655667966969,0
1596159806.1233795,340.19353766488496,0.0999655667966969,0
1596159806.1333795,341.99417967843476,0.0999655667966969,0
1596159806.1433794,343.79593749093476,0.0999655667966969,0
1596159806.1533794,345.5950774674362,0.0999655667966969,0
1596159806.1633794,347.39662070321504,0.0999655667966969,0
1596159806.1733794,349.1945590500778,0.0999655667966969,0
1596159806.1833794,350.9953727250046,0.0999655667966969,0
1596159806.1933794,352.7965726380295,0.0999655667966969,0
1596159806.2033794,354.5965709214157,0.0999655667966969,0
1596159806.2133794,356.39502425240937,0.0999655667966969,0
1596159806.2233794,358.1937779908127,0.0999655667966969,0
1596159806.2333794,359.9967803482956,0.0999655667966969,0
1596159806.23342,360,0.0999655667966969,1
1596159806.23342,0,0,0
1596159806.24342,1.800084114074707,0,0
1596159806.2534199,3.6026573181152344,0,0
1596159806.2634199,5.401496887207031,0,0
1596159806.2734199,7.200336456298828,0,0
1596159806.2834198,9.003381729125977,0,0
1596159806.2934198,10.800719261169434,0,0
1596159806.3034198,12.602777481079102,0,0
1596159806.3134198,14.402947425842285,0,0
1596159806.3234198,16.20213031768799,0,0
1596159806.3334198,18.002772331237793,0,0
1596159806.3434198,19.80332851409912,0,0
1596159806.3534198,21.60311222076416,0,0
1596159806.3570402,22.251648902893066,0,0
1596159806.3570402,52.73421771435445,0.1693476045081188,0
1596159806.3634198,53.88323314099019,0.1693476045081188,0
1596159806.3734198,55.68323142437642,0.1693476045081188,0
1596159806.3834198,57.48284346966451,0.1693476045081188,0
1596159806.3934197,59.283185075804646,0.1693476045081188,0
1596159806.4034197,61.08588702587789,0.1693476045081188,0
1596159806.4134197,62.88532740978902,0.1693476045081188,0
1596159806.4234197,64.68382365612692,0.1693476045081188,0
1596159806.4334197,66.48476607708639,0.1693476045081188,0
1596159806.4434197,68.28557975201315,0.1693476045081188,0
1596159806.4534197,70.08399016766256,0.1693476045081188,0
1596159806.4634197,71.88261516003317,0.1693476045081188,0
1596159806.4734197,73.68274218945211,0.1693476045081188,0
1596159806.4834197,75.48540122418112,0.1693476045081188,0
1596159806.4934196,77.28436953930563,0.1693476045081188,0
1596159806.5034196,79.08398158459372,0.1693476045081188,0
1596159806.5134196,80.88522441296286,0.1693476045081188,0
1596159806.5234196,82.68556601910299,0.1693476045081188,0
1596159806.5334196,84.48534972576803,0.1693476045081188,0
1596159806.5434196,86.28569133190817,0.1693476045081188,0
1596159806.5534196,88.08590419201559,0.1693476045081188,0
1596159806.5634196,89.88302714733786,0.1693476045081188,0
1596159806.5734196,91.68547160534567,0.1693476045081188,0
1596159806.5834196,93.48366744427389,0.1693476045081188,0
1596159806.5934196,95.28418071179098,0.1693476045081188,0
1596159806.6034195,97.08422191052145,0.1693476045081188,0
1596159806.6134195,98.88477809338278,0.1693476045081188,0
1596159806.6234195,100.68537719158834,0.1693476045081188,0
1596159806.6334195,102.48365886120504,0.1693476045081188,0
1596159806.6434195,104.28305632977194,0.1693476045081188,0
1596159806.6534195,106.08253962902731,0.1693476045081188,0
1596159806.6634195,107.88464076428122,0.1693476045081188,0
1596159806.6734195,109.68365199474997,0.1693476045081188,0
1596159806.6834195,111.48373610882467,0.1693476045081188,0
1596159806.6934195,113.28407771496481,0.1693476045081188,0
1596159806.7034194,115.08446223644918,0.1693476045081188,0
1596159806.7134194,116.88480384258932,0.1693476045081188,0
1596159806.7234194,118.68557460217184,0.1693476045081188,0
1596159806.7334194,120.4834700336904,0.1693476045081188,0
1596159806.7434194,122.28479869274801,0.1693476045081188,0
1596159806.7534194,124.0841961613149,0.1693476045081188,0
1596159806.7634194,125.88428027538961,0.1693476045081188,0
1596159806.7734194,127.68539435772604,0.1693476045081188,0
1596159806.7834194,129.48298938183493,0.1693476045081188,0
1596159806.7934194,131.28410346417135,0.1693476045081188,0
1596159806.8034194,133.0842304935903,0.1693476045081188,0
1596159806.8134193,134.88581664471334,0.1693476045081188,0
1596159806.8234193,136.6828108540029,0.1693476045081188,0
1596159806.8334193,138.4836674442739,0.1693476045081188,0
1596159806.8434193,140.28512484936422,0.1693476045081188,0
1596159806.8534193,142.08482272534079,0.1693476045081188,0
1596159806.8634193,143.8849068394155,0.1693476045081188,0
1596159806.8734193,145.68284518627829,0.1693476045081188,0
1596159806.8834193,147.48460299877829,0.1693476045081188,0
1596159806.8934193,149.28382880596823,0.1693476045081188,0
1596159806.9034193,151.08412749676413,0.1693476045081188,0
1596159806.9134192,152.88446910290426,0.1693476045081188,0
1596159806.9234192,154.6841240635366,0.1693476045081188,0
1596159806.9334192,156.48583896069235,0.1693476045081188,0
1596159806.9434192,158.28403479962057,0.1693476045081188,0
1596159806.9534192,160.08497722058004,0.1693476045081188,0
1596159806.9634192,161.88484675793356,0.1693476045081188,0
1596159806.9734192,163.68278510479635,0.1693476045081188,0
1596159806.9834192,165.48574454693502,0.1693476045081188,0
1596159806.9934192,167.28462703137106,0.1693476045081188,0
1596159807.0034192,169.08488280682272,0.1693476045081188,0
1596159807.0134192,170.88522441296286,0.1693476045081188,0
1596159807.0234191,172.68363482861227,0.1693476045081188,0
1596159807.0334191,174.4830752125234,0.1693476045081188,0
1596159807.0434191,176.2856055012197,0.1693476045081188,0
1596159807.053419,178.08530337719625,0.1693476045081188,0
1596159807.063419,179.88555915264791,0.1693476045081188,0
1596159807.073419,181.68268210797018,0.1693476045081188,0
1596159807.083419,183.48285205273336,0.1693476045081188,0
1596159807.093419,185.28259284405416,0.1693476045081188,0
1596159807.103419,187.08302028088278,0.1693476045081188,0
1596159807.113419,188.88336188702291,0.1693476045081188,0
1596159807.123419,190.68378932385153,0.1693476045081188,0
1596159807.133419,192.48322970776266,0.1693476045081188,0
1596159807.143419,194.28442962078756,0.1693476045081188,0
1596159807.153419,196.08438498882956,0.1693476045081188,0
1596159807.163419,197.88408286480612,0.1693476045081188,0
1596159807.173419,199.68476779370016,0.1693476045081188,0
1596159807.183419,201.48480899243063,0.1693476045081188,0
1596159807.193419,203.28424937634176,0.1693476045081188,0
1596159807.203419,205.08433349041647,0.1693476045081188,0
1596159807.213419,206.8852329960317,0.1693476045081188,0
1596159807.223419,208.68467337994284,0.1693476045081188,0
1596159807.233419,210.48278338818258,0.1693476045081188,0
1596159807.243419,212.28509910015768,0.1693476045081188,0
1596159807.253419,214.08514029888815,0.1693476045081188,0
1596159807.263419,215.8824778309316,0.1693476045081188,0
1596159807.273419,217.6853514423818,0.1693476045081188,0
1596159807.283419,219.4847489109487,0.1693476045081188,0
1596159807.293419,221.28307349590963,0.1693476045081188,0
1596159807.3034189,223.08397300152487,0.1693476045081188,0
1596159807.3134189,224.88551623730368,0.1693476045081188,0
1596159807.3234189,226.68328292278952,0.1693476045081188,0
1596159807.3334188,228.485126565978,0.1693476045081188,0
1596159807.3434188,230.2840948811025,0.1693476045081188,0
1596159807.3534188,232.08392150311178,0.1693476045081188,0
1596159807.3634188,233.8826752415151,0.1693476045081188,0
1596159807.3734188,235.68237311749166,0.1693476045081188,0
1596159807.3834188,237.4839592686147,0.1693476045081188,0
1596159807.3934188,239.28490168957418,0.1693476045081188,0
1596159807.4034188,241.0851145496816,0.1693476045081188,0
1596159807.4134188,242.88567073254293,0.1693476045081188,0
1596159807.4234188,244.68545443920797,0.1693476045081188,0
1596159807.4334188,246.48339278607077,0.1693476045081188,0
1596159807.4434187,248.28437812237448,0.1693476045081188,0
1596159807.4534187,250.0825739613027,0.1693476045081188,0
1596159807.4634187,251.88536174206442,0.1693476045081188,0
1596159807.4734187,253.6842871418447,0.1693476045081188,0
1596159807.4834187,255.4845000019521,0.1693476045081188,0
1596159807.488405,256.3798857441396,0.1693476045081188,0
1596159807.488405,256.3798857441396,0.1693476045081188,0
1596159807.4934187,257.28286750225726,0.1693476045081188,0
1596159807.5034187,259.08428199200335,0.1693476045081188,0
1596159807.5134187,260.88234908489886,0.1693476045081188,0
1596159807.5234187,262.6853514423818,0.1693476045081188,0
1596159807.5334187,264.48539264111224,0.1693476045081188,0
1596159807.5434186,266.28444678692523,0.1693476045081188,0
1596159807.5534186,268.08478839306537,0.1693476045081188,0
1596159807.5634186,269.88543040661517,0.1693476045081188,0
1596159807.5734186,271.6827679386586,0.1693476045081188,0
1596159807.5834186,273.484053682372,0.1693476045081188,0
1596159807.5934186,275.28327948956195,0.1693476045081188,0
1596159807.6034186,277.0849514713735,0.1693476045081188,0
1596159807.6134186,278.8853789082021,0.1693476045081188,0
1596159807.6234186,280.6853342762441,0.1693476045081188,0
1596159807.6334186,282.4823284855336,0.1693476045081188,0
1596159807.6434186,284.28301341442767,0.1693476045081188,0
1596159807.6534185,286.0832262745351,0.1693476045081188,0
1596159807.6634185,287.8849840870351,0.1693476045081188,0
1596159807.6734185,289.68322284130755,0.1693476045081188,0
1596159807.6834185,291.4823199024648,0.1693476045081188,0
1596159807.6934185,293.28283316998187,0.1693476045081188,0
1596159807.7034185,295.0824881306142,0.1693476045081188,0
1596159807.7134185,296.88274390606585,0.1693476045081188,0
1596159807.7234185,298.68514544872943,0.1693476045081188,0
1596159807.7334185,300.48278338818255,0.1693476045081188,0
1596159807.7434185,302.284798692748,0.1693476045081188,0
1596159807.7534184,304.0825653782338,0.1693476045081188,0
1596159807.7634184,305.8835077991933,0.1693476045081188,0
1596159807.7734184,307.6834631672353,0.1693476045081188,0
1596159807.7834184,309.4836331119985,0.1693476045081188,0
1596159807.7934184,311.2840605488271,0.1693476045081188,0
1596159807.8034184,313.0840588322133,0.1693476045081188,0
1596159807.8134184,314.8847866764516,0.1693476045081188,0
1596159807.8234184,316.6847420444936,0.1693476045081188,0
1596159807.8334184,318.4828091373891,0.1693476045081188,0
1596159807.8434184,320.2845669498891,0.1693476045081188,0
1596159807.8534184,322.08357818035785,0.1693476045081188,0
1596159807.8634183,323.8853789082021,0.1693476045081188,0
1596159807.8734183,325.68250186352435,0.1693476045081188,0
1596159807.8834183,327.48425967602435,0.1693476045081188,0
1596159807.8934183,329.28412921337787,0.1693476045081188,0
1596159807.9034183,331.0842133274526,0.1693476045081188,0
1596159807.9134183,332.882623743102,0.1693476045081188,0
1596159807.9234183,334.6828366032094,0.1693476045081188,0
1596159807.9334183,336.4836931934804,0.1693476045081188,0
1596159807.9434183,338.2824469318837,0.1693476045081188,0
1596159807.9534183,340.0829172840566,0.1693476045081188,0
1596159807.9634182,341.88566214947406,0.1693476045081188,0
1596159807.9734182,343.6852312794179,0.1693476045081188,0
1596159807.9834182,345.4835129490346,0.1693476045081188,0
1596159807.9934182,347.28273875622455,0.1693476045081188,0
1596159808.0034182,349.0833378544301,0.1693476045081188,0
1596159808.0134182,350.88256366162005,0.1693476045081188,0
1596159808.0234182,352.6851368656606,0.1693476045081188,0
1596159808.0334182,354.4848776569814,0.1693476045081188,0
1596159808.0434182,356.28504760174457,0.1693476045081188,0
1596159808.0534182,358.08478839306537,0.1693476045081188,0
1596159808.0634181,359.885215829894,0.1693476045081188,0
1596159808.0640838,360,0.1693476045081188,1
1596159808.0640838,0,0,0
1596159808.0740838,1.802058219909668,0,0
1596159808.0840838,3.60227108001709,0,0
1596159808.0940838,5.402870178222656,0,0
1596159808.1040838,7.202911376953125,0,0
1596159808.1140838,9.003081321716309,0,0
1596159808.1240838,10.802865028381348,0,0
1596159808.1340837,12.602176666259766,0,0
1596159808.1440837,14.40084457397461,0,0
1596159808.1540837,16.20058536529541,0,0
1596159808.1640837,18.001699447631836,0,0
1596159808.1740837,19.80113983154297,0,0
1596159808.1840837,21.600666046142578,0,0
1596159808.1940837,23.40036392211914,0,0
1596159808.2040837,25.20164966583252,0,0
1596159808.2140837,27.003278732299805,0,0
1596159808.2240837,28.80289077758789,0,0
1596159808.2340837,30.60070037841797,0,0
1596159808.2440836,32.402801513671875,0,0
1596159808.2540836,34.2030143737793,0,0
1596159808.2640836,36.000351905822754,0,0
1596159808.2740836,37.80322551727295,0,0
1596159808.2840836,39.602065086364746,0,0
1596159808.2940836,41.40120506286621,0,0
1596159808.3040836,43.20167541503906,0,0
1596159808.3140836,45.00283241271973,0,0
1596159808.3240836,46.80150032043457,0,0
1596159808.3340836,48.60128402709961,0,0
1596159808.3440835,50.401926040649414,0,0
1596159808.3540835,52.202911376953125,0,0
1596159808.3572745,52.77432918548584,0,0
1596159808.3572745,209.96945118507992,0.8733062333310782,0
1596159808.3640835,211.19635796150814,0.8733062333310782,0
1596159808.3740835,212.9966137369598,0.8733062333310782,0
1596159808.3840835,214.79541039070736,0.8733062333310782,0
1596159808.3940835,216.5963098963226,0.8733062333310782,0
1596159808.4040835,218.39742397865902,0.8733062333310782,0
1596159808.4140835,220.19772266945492,0.8733062333310782,0
1596159808.4240835,221.99570393166195,0.8733062333310782,0
1596159808.4340835,223.795487638327,0.8733062333310782,0
1596159808.4440835,225.59565758309017,0.8733062333310782,0
1596159808.4540834,227.3954412897552,0.8733062333310782,0
1596159808.4640834,229.1974136789764,0.8733062333310782,0
1596159808.4740834,230.9970257242645,0.8733062333310782,0
1596159808.4840834,232.7954361399139,0.8733062333310782,0
1596159808.4940834,234.59788059792172,0.8733062333310782,0
1596159808.5040834,236.39796471199642,0.8733062333310782,0
1596159808.5140834,238.1974480112518,0.8733062333310782,0
1596159808.5240834,239.99564385018002,0.8733062333310782,0
1596159808.5340834,241.7972729166473,0.8733062333310782,0
1596159808.5440834,243.59709953865658,0.8733062333310782,0
1596159808.5540833,245.39692616066586,0.8733062333310782,0
1596159808.5640833,247.19520783028256,0.8733062333310782,0
1596159808.5740833,248.9952061136688,0.8733062333310782,0
1596159808.5840833,250.7976505716766,0.8733062333310782,0
1596159808.5940833,252.59520268044125,0.8733062333310782,0
1596159808.6040833,254.39507221779476,0.8733062333310782,0
1596159808.6140833,256.1956713160003,0.8733062333310782,0
1596159808.6240833,257.9978582819427,0.8733062333310782,0
1596159808.6340833,259.796612020346,0.8733062333310782,0
1596159808.6440833,261.5954515894378,0.8733062333310782,0
1596159808.6540833,263.3953211267913,0.8733062333310782,0
1596159808.6640832,265.1968643625701,0.8733062333310782,0
1596159808.6740832,266.99527477821954,0.8733062333310782,0
1596159808.6840832,268.7979767282928,0.8733062333310782,0
1596159808.6940832,270.5978462656463,0.8733062333310782,0
1596159808.7040832,272.3958275278533,0.8733062333310782,0
1596159808.7140832,274.19707035622247,0.8733062333310782,0
1596159808.7240832,275.9974119623626,0.8733062333310782,0
1596159808.7340832,277.7971527536834,0.8733062333310782,0
1596159808.7440832,279.59650730690606,0.8733062333310782,0
1596159808.7540832,281.3960335215057,0.8733062333310782,0
1596159808.7640831,283.1965038736785,0.8733062333310782,0
1596159808.7740831,284.9975321253265,0.8733062333310782,0
1596159808.7840831,286.79645752510675,0.8733062333310782,0
1596159808.794083,288.5958979090179,0.8733062333310782,0
1596159808.804083,290.3979132135833,0.8733062333310782,0
1596159808.814083,292.19670986733087,0.8733062333310782,0
1596159808.824083,293.9953348597015,0.8733062333310782,0
1596159808.834083,295.7968780954803,0.8733062333310782,0
1596159808.844083,297.5957176645721,0.8733062333310782,0
1596159808.854083,299.39541554054864,0.8733062333310782,0
1596159808.864083,301.1979029139007,0.8733062333310782,0
1596159808.874083,302.99579834541925,0.8733062333310782,0
1596159808.884083,304.7957966288055,0.8733062333310782,0
1596159808.894083,306.59785484871514,0.8733062333310782,0
1596159808.904083,308.3963081797088,0.8733062333310782,0
1596159808.914083,310.19690727791436,0.8733062333310782,0
1596159808.924083,311.9970343073333,0.8733062333310782,0
1596159808.934083,313.79729008278497,0.8733062333310782,0
1596159808.944083,315.59814667305596,0.8733062333310782,0
1596159808.954083,317.3956987818206,0.8733062333310782,0
1596159808.964083,319.19762825569757,0.8733062333310782,0
1596159808.974083,320.99500870308526,0.8733062333310782,0
1596159808.984083,322.79766773781427,0.8733062333310782,0
1596159808.994083,324.59727978310235,0.8733062333310782,0
1596159809.004083,326.39577602944024,0.8733062333310782,0
1596159809.014083,328.1974050959075,0.8733062333310782,0
1596159809.024083,329.9955580194915,0.8733062333310782,0
1596159809.034083,331.79667210182794,0.8733062333310782,0
1596159809.0440829,333.596284147116,0.8733062333310782,0
1596159809.0540829,335.3976986368621,0.8733062333310782,0
1596159809.0640829,337.19761108955987,0.8733062333310782,0
1596159809.0740829,338.9982531031097,0.8733062333310782,0
1596159809.0840828,340.79571938118585,0.8733062333310782,0
1596159809.0940828,342.5980780085052,0.8733062333310782,0
1596159809.1040828,344.39644550881036,0.8733062333310782,0
1596159809.1140828,346.19798874458917,0.8733062333310782,0
1596159809.1240828,347.99717163643487,0.8733062333310782,0
1596159809.1340828,349.795710798117,0.8733062333310782,0
1596159809.1440828,351.5966961344207,0.8733062333310782,0
1596159809.1540828,353.3957502802337,0.8733062333310782,0
1596159809.1640828,355.1980659922088,0.8733062333310782,0
1596159809.1740828,356.9959185083831,0.8733062333310782,0
1596159809.1840827,358.79660343727716,0.8733062333310782,0
1596159809.1907842,360,0.8733062333310782,1
1596159809.1907842,0,0,0
1596159809.2007842,1.8018436431884766,0,0
1596159809.2107842,3.6007261276245117,0,0
1596159809.2207842,5.4007673263549805,0,0
1596159809.2307842,7.201023101806641,0,0
1596159809.2407842,9.001879692077637,0,0
1596159809.2507842,10.800976753234863,0,0
1596159809.2607841,12.600545883178711,0,0
1596159809.2707841,14.401402473449707,0,0
1596159809.2807841,16.201400756835938,0,0
1596159809.2907841,18.000540733337402,0,0
1596159809.300784,19.803242683410645,0,0
1596159809.310784,21.602168083190918,0,0
1596159809.320784,23.402037620544434,0,0
1596159809.330784,25.201821327209473,0,0
1596159809.340784,27.001218795776367,0,0
1596159809.350784,28.801345825195312,0,0
1596159809.360784,30.600528717041016,0,0
1596159809.370784,32.40065574645996,0,0
1596159809.380784,34.20039653778076,0,0
1596159809.390784,36.00065231323242,0,0
1596159809.400784,37.802796363830566,0,0
1596159809.410784,39.60202217102051,0,0
1596159809.420784,41.401076316833496,0,0
1596159809.430784,43.201889991760254,0,0
1596159809.440784,45.00270366668701,0,0
1596159809.450784,46.800599098205566,0,0
1596159809.460784,48.6014986038208,0,0
1596159809.470784,50.401883125305176,0,0
1596159809.480784,52.20329761505127,0,0
1596159809.4886441,53.61478328704834,0,0
1596159809.4886441,252.18196504290268,1.1031510097547463,0
1596159809.490784,252.56803147967025,1.1031510097547463,0
1596159809.500784,254.3689309852855,1.1031510097547463,0
1596159809.510784,256.16815679247543,1.1031510097547463,0
1596159809.520784,257.97038667376205,1.1031510097547463,0
1596159809.530784,259.76879708941146,1.1031510097547463,0
1596159809.540784,261.5701257484691,1.1031510097547463,0
1596159809.5507839,263.3678495186107,1.1031510097547463,0
1596159809.5607839,265.1696502464549,1.1031510097547463,0
1596159809.5707839,266.9682752388255,1.1031510097547463,0
1596159809.5807838,268.7680160301463,1.1031510097547463,0
1596159809.5907838,270.5677139061229,1.1031510097547463,0
1596159809.6007838,272.3676692741649,1.1031510097547463,0
1596159809.6107838,274.17028539354965,1.1031510097547463,0
1596159809.6207838,275.9698545234935,1.1031510097547463,0
1596159809.6307838,277.76920907671615,1.1031510097547463,0
1596159809.6407838,279.56714742357894,1.1031510097547463,0
1596159809.6507838,281.3697206276195,1.1031510097547463,0
1596159809.6607838,283.16877477343246,1.1031510097547463,0
1596159809.6707838,284.9703609245555,1.1031510097547463,0
1596159809.6807837,286.76847093279525,1.1031510097547463,0
1596159809.6907837,288.5699283378856,1.1031510097547463,0
1596159809.7007837,290.36872499163314,1.1031510097547463,0
1596159809.7107837,292.17035405810043,1.1031510097547463,0
1596159809.7207837,293.96807782824203,1.1031510097547463,0
1596159809.7307837,295.76837651903793,1.1031510097547463,0
1596159809.7407837,297.5679456489818,1.1031510097547463,0
1596159809.7507837,299.3671285408275,1.1031510097547463,0
1596159809.7607837,301.1674272316234,1.1031510097547463,0
1596159809.7707837,302.96738259966537,1.1031510097547463,0
1596159809.7807837,304.76944081957504,1.1031510097547463,0
1596159809.7907836,306.57008283312484,1.1031510097547463,0
1596159809.8007836,308.36913697893783,1.1031510097547463,0
1596159809.8107836,310.1678478019969,1.1031510097547463,0
1596159809.8207836,311.96840398485824,1.1031510097547463,0
1596159809.8307836,313.7687885063426,1.1031510097547463,0
1596159809.8407836,315.56934468920394,1.1031510097547463,0
1596159809.8507836,317.36852758104965,1.1031510097547463,0
1596159809.8607836,319.168010880305,1.1031510097547463,0
1596159809.8707836,320.9677087562816,1.1031510097547463,0
1596159809.8807836,322.7700673836009,1.1031510097547463,0
1596159809.8907835,324.5672332542674,1.1031510097547463,0
1596159809.9007835,326.36744611437484,1.1031510097547463,0
1596159809.9107835,328.1678306358592,1.1031510097547463,0
1596159809.9207835,329.9694597023265,1.1031510097547463,0
1596159809.9307835,331.76937215502426,1.1031510097547463,0
1596159809.9407835,333.5675679939525,1.1031510097547463,0
1596159809.9507835,335.36885373766586,1.1031510097547463,0
1596159809.9607835,337.16983907396957,1.1031510097547463,0
1596159809.9707835,338.96867864306137,1.1031510097547463,0
1596159809.9807835,340.7684623497264,1.1031510097547463,0
1596159809.9907835,342.5697480934398,1.1031510097547463,0
1596159810.0007834,344.3682872551219,1.1031510097547463,0
1596159810.0107834,346.1693584221141,1.1031510097547463,0
1596159810.0207834,347.97004335100814,1.1031510097547463,0
1596159810.0307834,349.76991288836166,1.1031510097547463,0
1596159810.0407834,351.56943910296127,1.1031510097547463,0
1596159810.0507834,353.36746328051254,1.1031510097547463,0
1596159810.0607834,355.16934983904525,1.1031510097547463,0
1596159810.0707834,356.9697343605296,1.1031510097547463,0
1596159810.0807834,358.77016179735824,1.1031510097547463,0
1596159810.0876489,360,1.1031510097547463,1
1596159810.0876489,0,0,0
1596159810.0976489,1.8008136749267578,0,0
1596159810.1076488,3.6019277572631836,0,0
1596159810.1176488,5.401110649108887,0,0
1596159810.1276488,7.201881408691406,0,0
1596159810.1376488,9.000463485717773,0,0
1596159810.1476488,10.801534652709961,0,0
1596159810.1576488,12.60307788848877,0,0
1596159810.1676488,14.403076171875,0,0
1596159810.1776488,16.201229095458984,0,0
1596159810.1876488,18.002643585205078,0,0
1596159810.1976488,19.800453186035156,0,0
1596159810.2076488,21.602940559387207,0,0
1596159810.2176487,23.401737213134766,0,0
1596159810.2276487,25.20336627960205,0,0
1596159810.2376487,27.001948356628418,0,0
1596159810.2476487,28.800830841064453,0,0
1596159810.2576487,30.601987838745117,0,0
1596159810.2676487,32.40061283111572,0,0
1596159810.2776487,34.20249938964844,0,0
1596159810.2876487,36.003355979919434,0,0
1596159810.2976487,37.80292510986328,0,0
1596159810.3076487,39.60288047790527,0,0
1596159810.3176486,41.40223503112793,0,0
1596159810.3276486,43.20266246795654,0,0
1596159810.3376486,45.00107288360596,0,0
1596159810.3476486,46.80270195007324,0,0
1596159810.3575094,48.574891090393066,0,0
1596159810.3575094,145.20587923640292,0.5368388230333881,0
1596159810.3576486,145.23270132655185,0.5368388230333881,0
1596159810.3676486,147.03257086390536,0.5368388230333881,0
1596159810.3776486,148.83119585627597,0.5368388230333881,0
1596159810.3876486,150.63316824549716,0.5368388230333881,0
1596159810.3976486,152.4320507299332,0.5368388230333881,0
1596159810.4076486,154.23316481226962,0.5368388230333881,0
1596159810.4176486,156.03140356654208,0.5368388230333881,0
1596159810.4276485,157.83230307215732,0.5368388230333881,0
1596159810.4376485,159.6310138952164,0.5368388230333881,0
1596159810.4476485,161.43272879237216,0.5368388230333881,0
1596159810.4576485,163.23401453608554,0.5368388230333881,0
1596159810.4676485,165.0314808141617,0.5368388230333881,0
1596159810.4776485,166.8316507589249,0.5368388230333881,0
1596159810.4876485,168.63186361903232,0.5368388230333881,0
1596159810.4976485,170.43216230982821,0.5368388230333881,0
1596159810.5076485,172.23100187892,0.5368388230333881,0
1596159810.5176485,174.0315151464371,0.5368388230333881,0
1596159810.5276484,175.83297255152743,0.5368388230333881,0
1596159810.5376484,177.63382914179843,0.5368388230333881,0
1596159810.5476484,179.43279745692294,0.5368388230333881,0
1596159810.5576484,181.2312507879166,0.5368388230333881,0
1596159810.5676484,183.03296568507236,0.5368388230333881,0
1596159810.5776484,184.83154776209872,0.5368388230333881,0
1596159810.5876484,186.63176062220614,0.5368388230333881,0
1596159810.5976484,188.4327888738541,0.5368388230333881,0
1596159810.6076484,190.23295881861728,0.5368388230333881,0
1596159810.6176484,192.03209879511874,0.5368388230333881,0
1596159810.6276484,193.83338453883212,0.5368388230333881,0
1596159810.6376483,195.63415529841464,0.5368388230333881,0
1596159810.6476483,197.43355276698153,0.5368388230333881,0
1596159810.6576483,199.23273565882724,0.5368388230333881,0
1596159810.6676483,201.03402140254062,0.5368388230333881,0
1596159810.6776483,202.83187391871493,0.5368388230333881,0
1596159810.6876483,204.6310138952164,0.5368388230333881,0
1596159810.6976483,206.4342308294205,0.5368388230333881,0
1596159810.7076483,208.23148253077548,0.5368388230333881,0
1596159810.7176483,210.0335836660294,0.5368388230333881,0
1596159810.7276483,211.83298113459628,0.5368388230333881,0
1596159810.7376482,213.6326360952286,0.5368388230333881,0
1596159810.7476482,215.4334926854996,0.5368388230333881,0
1596159810.7576482,217.2317743551163,0.5368388230333881,0
1596159810.7676482,219.03391840571445,0.5368388230333881,0
1596159810.7776482,220.83121302241366,0.5368388230333881,0
1596159810.7876482,222.63327124232333,0.5368388230333881,0
1596159810.7976482,224.4320678960709,0.5368388230333881,0
1596159810.8076482,226.23253824824374,0.5368388230333881,0
1596159810.8176482,228.0309915792374,0.5368388230333881,0
1596159810.8276482,229.83360769862216,0.5368388230333881,0
1596159810.8376482,231.63154604548495,0.5368388230333881,0
1596159810.8476481,233.43373301142734,0.5368388230333881,0
1596159810.8576481,235.2323150884537,0.5368388230333881,0
1596159810.8676481,237.03124048823398,0.5368388230333881,0
1596159810.877648,238.83252623194736,0.5368388230333881,0
1596159810.887648,240.6332111608414,0.5368388230333881,0
1596159810.897648,242.43265154475253,0.5368388230333881,0
1596159810.907648,244.23376562708896,0.5368388230333881,0
1596159810.917648,246.03402140254062,0.5368388230333881,0
1596159810.927648,247.83281805628818,0.5368388230333881,0
1596159810.937648,249.63328840846103,0.5368388230333881,0
1596159810.947648,251.43324377650302,0.5368388230333881,0
1596159810.957648,253.23088171595614,0.5368388230333881,0
1596159810.967648,255.03263952845614,0.5368388230333881,0
1596159810.977648,256.8315649282364,0.5368388230333881,0
1596159810.987648,258.63293650263824,0.5368388230333881,0
1596159810.997648,260.43323519343414,0.5368388230333881,0
1596159811.007648,262.23310473078766,0.5368388230333881,0
1596159811.017648,264.0330171834854,0.5368388230333881,0
1596159811.027648,265.83314421290436,0.5368388230333881,0
1596159811.037648,267.6330137502579,0.5368388230333881,0
1596159811.047648,269.4336986791519,0.5368388230333881,0
1596159811.057648,271.2310791265396,0.5368388230333881,0
1596159811.067648,273.03086283320465,0.5368388230333881,0
1596159811.077648,274.8335647832779,0.5368388230333881,0
1596159811.087648,276.6332197439102,0.5368388230333881,0
1596159811.097648,278.431158090773,0.5368388230333881,0
1596159811.107648,280.2332592260269,0.5368388230333881,0
1596159811.117648,282.03402998560944,0.5368388230333881,0
1596159811.1276479,283.83321287745514,0.5368388230333881,0
1596159811.1376479,285.632782007399,0.5368388230333881,0
1596159811.1476479,287.4313211690811,0.5368388230333881,0
1596159811.1576478,289.23325064295807,0.5368388230333881,0
1596159811.1676478,291.033377672377,0.5368388230333881,0
1596159811.1776478,292.83183100337067,0.5368388230333881,0
1596159811.1876478,294.63212969416657,0.5368388230333881,0
1596159811.1976478,296.43195631617584,0.5368388230333881,0
1596159811.2076478,298.23105337733307,0.5368388230333881,0
1596159811.2176478,300.03122332209625,0.5368388230333881,0
1596159811.2276478,301.8339252721695,0.5368388230333881,0
1596159811.2376478,303.6309623968033,0.5368388230333881,0
1596159811.2476478,305.43246271723785,0.5368388230333881,0
1596159811.2576478,307.23254683131256,0.5368388230333881,0
1596159811.2676477,309.0328884374527,0.5368388230333881,0
1596159811.2776477,310.8340025197891,0.5368388230333881,0
1596159811.2876477,312.6331424962906,0.5368388230333881,0
1596159811.2976477,314.43082335108795,0.5368388230333881,0
1596159811.3076477,316.2308216344742,0.5368388230333881,0
1596159811.3176477,318.03120615595856,0.5368388230333881,0
1596159811.3276477,319.8309040319351,0.5368388230333881,0
1596159811.3376477,321.6311598073868,0.5368388230333881,0
1596159811.3476477,323.43223097437897,0.5368388230333881,0
1596159811.3576477,325.23252966517487,0.5368388230333881,0
1596159811.3676476,327.0326137792496,0.5368388230333881,0
1596159811.3776476,328.8317108404068,0.5368388230333881,0
1596159811.3876476,330.6328249227432,0.5368388230333881,0
1596159811.3976476,332.4311065923599,0.5368388230333881,0
1596159811.4076476,334.23312189692535,0.5368388230333881,0
1596159811.4176476,336.0332489263443,0.5368388230333881,0
1596159811.4276476,337.8337621938614,0.5368388230333881,0
1596159811.4376476,339.63277342433014,0.5368388230333881,0
1596159811.4476476,341.4313555013565,0.5368388230333881,0
1596159811.4576476,343.2327699911026,0.5368388230333881,0
1596159811.4676476,345.0318241369156,0.5368388230333881,0
1596159811.4776475,346.8341827642349,0.5368388230333881,0
1596159811.4876337,348.6282587301163,0.5368388230333881,0
1596159811.4876337,348.6282587301163,0.5368388230333881,0
1596159811.4876475,348.6529350530533,0.5368388230333881,0
1596159811.4976475,350.431046510878,0.5368388230333881,0
1596159811.5076475,352.23164560908356,0.5368388230333881,0
1596159811.5176475,354.03340342158356,0.5368388230333881,0
1596159811.5276475,355.83099844569244,0.5368388230333881,0
1596159811.5376475,357.63211252802887,0.5368388230333881,0
1596159811.5476475,359.4330978643326,0.5368388230333881,0
1596159811.550817,360,0.5368388230333881,1
1596159811.550817,0,0,0
1596159811.560817,1.802229881286621,0,0
1596159811.570817,3.602442741394043,0,0
1596159811.580817,5.400123596191406,0,0
1596159811.590817,7.200679779052734,0,0
1596159811.600817,9.001579284667969,0,0
1596159811.610817,10.802865028381348,0,0
1596159811.620817,12.600674629211426,0,0
1596159811.630817,14.400372505187988,0,0
1596159811.640817,16.2013578414917,0,0
1596159811.650817,18.00062656402588,0,0
1596159811.660817,19.80161190032959,0,0
1596159811.670817,21.60264015197754,0,0
1596159811.680817,23.4028959274292,0,0
1596159811.6908169,25.20092010498047,0,0
1596159811.7008169,27.001304626464844,0,0
1596159811.7108169,28.802332878112793,0,0
1596159811.7208169,30.60117244720459,0,0
1596159811.7308168,32.402286529541016,0,0
1596159811.7408168,34.20018196105957,0,0
1596159811.7508168,36.00215435028076,0,0
1596159811.7608168,37.80262470245361,0,0
1596159811.7708168,39.602837562561035,0,0
1596159811.7808168,41.40167713165283,0,0
1596159811.7908168,43.20201873779297,0,0
1596159811.8008168,45.000901222229004,0,0
1596159811.8108168,46.80244445800781,0,0
1596159811.8208168,48.60334396362305,0,0
1596159811.8308167,50.402655601501465,0,0
1596159811.8408167,52.200937271118164,0,0
1596159811.8508167,54.000892639160156,0,0
1596159811.8608167,55.80084800720215,0,0
1596159811.8708167,57.60101795196533,0,0
1596159811.8808167,59.401187896728516,0,0
1596159811.8908167,61.20032787322998,0,0
1596159811.9008167,63.00079822540283,0,0
1596159811.9108167,64.80144023895264,0,0
1596159811.9208167,66.6016960144043,0,0
1596159811.9308167,68.40169429779053,0,0
1596159811.9408166,70.2022933959961,0,0
1596159811.9508166,72.00229167938232,0,0
1596159811.9608166,73.80297660827637,0,0
1596159811.9708166,75.6027603149414,0,0
1596159811.9808166,77.40082740783691,0,0
1596159811.9908166,79.20026779174805,0,0
1596159812.0008166,81.00138187408447,0,0
1596159812.0108166,82.80262470245361,0,0
1596159812.0208166,84.60305213928223,0,0
1596159812.0308166,86.40223503112793,0,0
1596159812.0408165,88.20098876953125,0,0
1596159812.0508165,90.00051498413086,0,0
1596159812.0608165,91.80278778076172,0,0
1596159812.0708165,93.60089778900146,0,0
1596159812.0808165,95.40141105651855,0,0
1596159812.0908165,97.2026538848877,0,0
1596159812.1008165,99.00153636932373,0,0
1596159812.1108165,100.80110549926758,0,0
1596159812.1208165,102.60114669799805,0,0
1596159812.1308165,104.40226078033447,0,0
1596159812.1408165,106.20140075683594,0,0
1596159812.1508164,108.00324440002441,0,0
1596159812.1608164,109.80289936065674,0,0
1596159812.1708164,111.60010814666748,0,0
1596159812.1808164,113.40208053588867,0,0
1596159812.1908164,115.20199298858643,0,0
1596159812.2008164,117.00194835662842,0,0
1596159812.2108164,118.79992961883545,0,0
1596159812.2208164,120.6018590927124,0,0
1596159812.2308164,122.40117073059082,0,0
1596159812.2408164,124.2000961303711,0,0
1596159812.2508163,126.00224018096924,0,0
1596159812.2608163,127.80219554901123,0,0
1596159812.2708163,129.60082054138184,0,0
1596159812.2808163,131.40326499938965,0,0
1596159812.2908163,133.20086002349854,0,0
1596159812.3008163,135.0023603439331,0,0
1596159812.3108163,136.80171489715576,0,0
1596159812.3208163,138.6031723022461,0,0
1596159812.3308163,140.40295600891113,0,0
1596159812.3408163,142.2008514404297,0,0
1596159812.3508162,144.00110721588135,0,0
1596159812.3577366,145.2455234527588,0,0
1596159812.3577366,145.2455234527588,0.0,0
1596159812.3608162,145.80041885375977,0.0,0
1596159812.3708162,147.60149002075195,0.0,0
1596159812.3808162,149.40316200256348,0.0,0
1596159812.3908162,151.20307445526123,0.0,0
1596159812.4008162,153.00071239471436,0.0,0
1596159812.4108162,154.8019552230835,0.0,0
1596159812.4208162,156.60285472869873,0.0,0
1596159812.4308162,158.40062141418457,0.0,0
1596159812.4408162,160.20199298858643,0.0,0
1596159812.4508162,162.00199127197266,0.0,0
1596159812.4608161,163.80224704742432,0.0,0
1596159812.4708161,165.6013011932373,0.0,0
1596159812.4808161,167.39996910095215,0.0,0
1596159812.490816,169.20237064361572,0.0,0
1596159812.500816,171.00043773651123,0.0,0
1596159812.510816,172.8019380569458,0.0,0
1596159812.520816,174.60086345672607,0.0,0
1596159812.530816,176.4007329940796,0.0,0
1596159812.540816,178.20180416107178,0.0,0
1596159812.550816,180.00296115875244,0.0,0
1596159812.560816,181.80128574371338,0.0,0
1596159812.570816,183.601713180542,0.0,0
1596159812.580816,185.40261268615723,0.0,0
1596159812.590816,187.2009801864624,0.0,0
1596159812.600816,189.00042057037354,0.0,0
1596159812.610816,190.80230712890625,0.0,0
1596159812.620816,192.60149002075195,0.0,0
1596159812.630816,194.40024375915527,0.0,0
1596159812.640816,196.20075702667236,0.0,0
1596159812.650816,198.0018711090088,0.0,0
1596159812.660816,199.8025131225586,0.0,0
1596159812.670816,201.6016960144043,0.0,0
1596159812.680816,203.40002059936523,0.0,0
1596159812.690816,205.20328044891357,0.0,0
1596159812.700816,207.00190544128418,0.0,0
1596159812.710816,208.80078792572021,0.0,0
1596159812.720816,210.59992790222168,0.0,0
1596159812.730816,212.40155696868896,0.0,0
1596159812.7408159,214.20104026794434,0.0,0
1596159812.7508159,216.00056648254395,0.0,0
1596159812.7608159,217.80039310455322,0.0,0
1596159812.7708158,219.5998764038086,0.0,0
1596159812.7808158,221.40013217926025,0.0,0
1596159812.7908158,223.200044631958,0.0,0
1596159812.8008158,225.00253200531006,0.0,0
1596159812.8108158,226.8000841140747,0.0,0
1596159812.8208158,228.6002540588379,0.0,0
1596159812.8308158,230.4019260406494,0.0,0
1596159812.8408158,232.20218181610107,0.0,0
1596159812.8508158,234.0009355545044,0.0,0
1596159812.8608158,235.80114841461182,0.0,0
1596159812.8708158,237.60050296783447,0.0,0
1596159812.8808157,239.4016170501709,0.0,0
1596159812.8908157,241.20200157165527,0.0,0
1596159812.9008157,243.00058364868164,0.0,0
1596159812.9108157,244.8021697998047,0.0,0
1596159812.9208157,246.60186767578125,0.0,0
1596159812.9308157,248.40276718139648,0.0,0
1596159812.9408157,250.20156383514404,0.0,0
1596159812.9508157,252.00061798095703,0.0,0
1596159812.9608157,253.8028049468994,0.0,0
1596159812.9708157,255.60031414031982,0.0,0
1596159812.9808156,257.4019432067871,0.0,0
1596159812.9908156,259.2005681991577,0.0,0
1596159813.0008156,261.0006523132324,0.0,0
1596159813.0108156,262.7997922897339,0.0,0
1596159813.0208156,264.6030521392822,0.0,0
1596159813.0308156,266.40305042266846,0.0,0
1596159813.0408156,268.2012891769409,0.0,0
1596159813.0508156,270.00287532806396,0.0,0
1596159813.0608156,271.80137157440186,0.0,0
1596159813.0708156,273.6014127731323,0.0,0
1596159813.0808156,275.40265560150146,0.0,0
1596159813.0908155,277.2011947631836,0.0,0
1596159813.1008155,279.00089263916016,0.0,0
1596159813.1108155,280.8011054992676,0.0,0
1596159813.1208155,282.60226249694824,0.0,0
1596159813.1308155,284.40067291259766,0.0,0
1596159813.1408155,286.20118618011475,0.0,0
1596159813.1508155,288.00217151641846,0.0,0
1596159813.1608155,289.8008394241333,0.0,0
1596159813.1708155,291.60118103027344,0.0,0
1596159813.1808155,293.4003210067749,0.0,0
1596159813.1908154,295.2010488510132,0.0,0
1596159813.2008154,297.00186252593994,0.0,0
1596159813.2108154,298.80250453948975,0.0,0
1596159813.2208154,300.6015157699585,0.0,0
1596159813.2308154,302.4009132385254,0.0,0
1596159813.2408154,304.2002248764038,0.0,0
1596159813.2508154,306.00078105926514,0.0,0
1596159813.2608154,307.80086517333984,0.0,0
1596159813.2708154,309.6021509170532,0.0,0
1596159813.2808154,311.40283584594727,0.0,0
1596159813.2908154,313.20133209228516,0.0,0
1596159813.3008153,315.0004291534424,0.0,0
1596159813.3108153,316.8009424209595,0.0,0
1596159813.3208153,318.60300064086914,0.0,0
1596159813.3308153,320.4018831253052,0.0,0
1596159813.3408153,322.201452255249,0.0,0
1596159813.3508153,324.0027379989624,0.0,0
1596159813.357849,325.265736579895,0.0,0
1596159813.357849,325.265736579895,0.0,0
1596159813.3608153,325.8008050918579,0.0,0
1596159813.3708153,327.6006746292114,0.0,0
1596159813.3808153,329.40221786499023,0.0,0
1596159813.3908153,331.2007141113281,0.0,0
1596159813.4008152,333.0029010772705,0.0,0
1596159813.4108152,334.7998094558716,0.0,0
1596159813.4208152,336.6020393371582,0.0,0
1596159813.4308152,338.4029817581177,0.0,0
1596159813.4408152,340.2019500732422,0.0,0
1596159813.4508152,342.00018882751465,0.0,0
1596159813.4608152,343.80104541778564,0.0,0
1596159813.4708152,345.6003999710083,0.0,0
1596159813.4808152,347.4000549316406,0.0,0
1596159813.4908152,349.2007827758789,0.0,0
1596159813.5008152,351.0020685195923,0.0,0
1596159813.5108151,352.8017234802246,0.0,0
1596159813.5208151,354.60107803344727,0.0,0
1596159813.5308151,356.4007329940796,0.0,0
1596159813.540815,358.2009029388428,0.0,0
1596159813.5508258,360,0.0,1
1596159813.5508258,0,0,0
1596159813.5608258,1.801285743713379,0,0
1596159813.5708258,3.6009836196899414,0,0
1596159813.5808258,5.400338172912598,0,0
1596159813.5908258,7.202010154724121,0,0
1596159813.6008258,9.001493453979492,0,0
1596159813.6108258,10.800375938415527,0,0
1596159813.6208258,12.600460052490234,0,0
1596159813.6308258,14.40208911895752,0,0
1596159813.6408257,16.202473640441895,0,0
1596159813.6508257,18.000969886779785,0,0
1596159813.6608257,19.80281352996826,0,0
1596159813.6708257,21.6031551361084,0,0
1596159813.6808257,23.402037620544434,0,0
1596159813.6908257,25.203237533569336,0,0
1596159813.7008257,27.001004219055176,0,0
1596159813.7108257,28.801603317260742,0,0
1596159813.7208257,30.60245990753174,0,0
1596159813.7308257,32.39996910095215,0,0
1596159813.7408257,34.20249938964844,0,0
1596159813.7508256,36.0016393661499,0,0
1596159813.7608256,37.803354263305664,0,0
1596159813.7708256,39.602580070495605,0,0
1596159813.7808256,41.401634216308594,0,0
1596159813.7908256,43.200130462646484,0,0
1596159813.8008256,45.0029182434082,0,0
1596159813.8108256,46.80253028869629,0,0
1596159813.8208256,48.602399826049805,0,0
1596159813.8308256,50.39999485015869,0,0
1596159813.8408256,52.20110893249512,0,0
1596159813.8508255,54.00235176086426,0,0
1596159813.8608255,55.801663398742676,0,0
1596159813.8708255,57.60209083557129,0,0
1596159813.8808255,59.40110206604004,0,0
1596159813.8908255,61.203203201293945,0,0
1596159813.9008255,63.00337314605713,0,0
1596159813.9108255,64.80045318603516,0,0
1596159813.9208255,66.60092353820801,0,0
1596159813.9308255,68.40242385864258,0,0
1596159813.9408255,70.20049095153809,0,0
1596159813.9508255,72.00289249420166,0,0
1596159813.9608254,73.80001544952393,0,0
1596159813.9708254,75.60027122497559,0,0
1596159813.9808254,77.4025011062622,0,0
1596159813.9908254,79.20288562774658,0,0
1596159814.0008254,81.00009441375732,0,0
1596159814.0108254,82.80069351196289,0,0
1596159814.0208254,84.60039138793945,0,0
1596159814.0308254,86.40154838562012,0,0
1596159814.0408254,88.20038795471191,0,0
1596159814.0508254,90.0023603439331,0,0
1596159814.0608253,91.80270195007324,0,0
1596159814.0708253,93.60334396362305,0,0
1596159814.0808253,95.40321350097656,0,0
1596159814.0908253,97.20282554626465,0,0
1596159814.1008253,99.0023946762085,0,0
1596159814.1108253,100.80295085906982,0,0
1596159814.1208253,102.60157585144043,0,0
1596159814.1308253,104.40097332000732,0,0
1596159814.1408253,106.20011329650879,0,0
1596159814.1508253,108.00212860107422,0,0
1596159814.1608253,109.8011827468872,0,0
1596159814.1708252,111.60208225250244,0,0
1596159814.1808252,113.40298175811768,0,0
1596159814.1908252,115.20259380340576,0,0
1596159814.2008252,117.00053215026855,0,0
1596159814.2108252,118.80095958709717,0,0
1596159814.2208252,120.6018590927124,0,0
1596159814.2308252,122.40155696868896,0,0
1596159814.2408252,124.20121192932129,0,0
1596159814.2508252,126.00301265716553,0,0
1596159814.2608252,127.80210971832275,0,0
1596159814.2708251,129.6009063720703,0,0
1596159814.2808251,131.40270709991455,0,0
1596159814.2908251,133.20210456848145,0,0
1596159814.300825,135.0020170211792,0,0
1596159814.310825,136.8023157119751,0,0
1596159814.320825,138.59995365142822,0,0
1596159814.330825,140.4026985168457,0,0
1596159814.340825,142.20149517059326,0,0
1596159814.350825,144.00080680847168,0,0
1596159814.3579617,145.2844476699829,0,0
1596159814.3579617,145.2844476699829,0.0,0
1596159814.360825,145.8021354675293,0.0,0
1596159814.370825,147.60011672973633,0.0,0
1596159814.380825,149.40075874328613,0.0,0
1596159814.390825,151.2010145187378,0.0,0
1596159814.400825,153.00011157989502,0.0,0
1596159814.410825,154.80002403259277,0.0,0
1596159814.420825,156.60053730010986,0.0,0
1596159814.430825,158.4001064300537,0.0,0
1596159814.440825,160.20293712615967,0.0,0
1596159814.450825,162.00186252593994,0.0,0
1596159814.460825,163.80181789398193,0.0,0
1596159814.470825,165.60035705566406,0.0,0
1596159814.480825,167.40297317504883,0.0,0
1596159814.490825,169.2002248764038,0.0,0
1596159814.500825,171.00030899047852,0.0,0
1596159814.510825,172.80176639556885,0.0,0
1596159814.520825,174.60210800170898,0.0,0
1596159814.530825,176.40210628509521,0.0,0
1596159814.540825,178.19987297058105,0.0,0
1596159814.5508249,180.00154495239258,0.0,0
1596159814.5608249,181.80201530456543,0.0,0
1596159814.5708249,183.60265731811523,0.0,0
1596159814.5808249,185.40128231048584,0.0,0
1596159814.5908248,187.19990730285645,0.0,0
1596159814.6008248,189.0012788772583,0.0,0
1596159814.6108248,190.79994678497314,0.0,0
1596159814.6208248,192.60084629058838,0.0,0
1596159814.6308248,194.40045833587646,0.0,0
1596159814.6408248,196.20007038116455,0.0,0
1596159814.6508248,198.00049781799316,0.0,0
1596159814.6608248,199.80294227600098,0.0,0
1596159814.6708248,201.59985065460205,0.0,0
1596159814.6808248,203.40319633483887,0.0,0
1596159814.6908247,205.20276546478271,0.0,0
1596159814.7008247,207.00229167938232,0.0,0
1596159814.7108247,208.80284786224365,0.0,0
1596159814.7208247,210.60070037841797,0.0,0
1596159814.7308247,212.4030590057373,0.0,0
1596159814.7408247,214.2007827758789,0.0,0
1596159814.7508247,216.00189685821533,0.0,0
1596159814.7608247,217.80107975006104,0.0,0
1596159814.7708247,219.60185050964355,0.0,0
1596159814.7808247,221.4007329940796,0.0,0
1596159814.7908247,223.2013750076294,0.0,0
1596159814.8008246,225.00304698944092,0.0,0
1596159814.8108246,226.80283069610596,0.0,0
1596159814.8208246,228.60051155090332,0.0,0
1596159814.8308246,230.40106773376465,0.0,0
1596159814.8408246,232.20050811767578,0.0,0
1596159814.8508246,234.00033473968506,0.0,0
1596159814.8608246,235.7999038696289,0.0,0
1596159814.8708246,237.60140419006348,0.0,0
1596159814.8808246,239.40114498138428,0.0,0
1596159814.8908246,241.19998455047607,0.0,0
1596159814.9008245,243.00212860107422,0.0,0
1596159814.9108245,244.80131149291992,0.0,0
1596159814.9208245,246.60019397735596,0.0,0
1596159814.9308245,248.40096473693848,0.0,0
1596159814.9408245,250.20237922668457,0.0,0
1596159814.9508245,252.0027208328247,0.0,0
1596159814.9608245,253.8026762008667,0.0,0
1596159814.9708245,255.60142993927002,0.0,0
1596159814.9808245,257.402286529541,0.0,0
1596159814.9908245,259.2023277282715,0.0,0
1596159815.0008245,261.0000944137573,0.0,0
1596159815.0108244,262.800350189209,0.0,0
1596159815.0208244,264.5997476577759,0.0,0
1596159815.0308244,266.4026641845703,0.0,0
1596159815.0408244,268.201847076416,0.0,0
1596159815.0508244,270.0001287460327,0.0,0
1596159815.0608244,271.8007707595825,0.0,0
1596159815.0643494,272.4342441558838,0.0,0
1596159815.0643494,272.4342441558838,0.0,0
1596159815.0708244,273.6008548736572,0.0,0
1596159815.0808244,275.4001235961914,0.0,0
1596159815.0908244,277.2008943557739,0.0,0
1596159815.1008244,279.0029525756836,0.0,0
1596159815.1108243,280.80140590667725,0.0,0
1596159815.1208243,282.60127544403076,0.0,0
1596159815.1308243,284.4015312194824,0.0,0
1596159815.1408243,286.2014436721802,0.0,0
1596159815.1508243,288.00148487091064,0.0,0
1596159815.1608243,289.80135440826416,0.0,0
1596159815.1708243,291.6029405593872,0.0,0
1596159815.1808243,293.40160846710205,0.0,0
1596159815.1908243,295.2025079727173,0.0,0
1596159815.2008243,297.0028495788574,0.0,0
1596159815.2108243,298.7999725341797,0.0,0
1596159815.2208242,300.6028461456299,0.0,0
1596159815.2308242,302.3997974395752,0.0,0
1596159815.2408242,304.19992446899414,0.0,0
1596159815.2508242,306.00013732910156,0.0,0
1596159815.2608242,307.80266761779785,0.0,0
1596159815.2708242,309.602108001709,0.0,0
1596159815.2808242,311.3999605178833,0.0,0
1596159815.2908242,313.2009029388428,0.0,0
1596159815.3008242,315.0024461746216,0.0,0
1596159815.3108242,316.80102825164795,0.0,0
1596159815.3208241,318.6021852493286,0.0,0
1596159815.3308241,320.4022693634033,0.0,0
1596159815.3408241,322.20123767852783,0.0,0
1596159815.350824,324.0017509460449,0.0,0
1596159815.360824,325.8008909225464,0.0,0
1596159815.370824,327.6023483276367,0.0,0
1596159815.380824,329.4020462036133,0.0,0
1596159815.390824,331.2004566192627,0.0,0
1596159815.400824,333.0015277862549,0.0,0
1596159815.410824,334.8022127151489,0.0,0
1596159815.420824,336.60229682922363,0.0,0
1596159815.430824,338.40070724487305,0.0,0
1596159815.440824,340.20212173461914,0.0,0
1596159815.450824,342.00186252593994,0.0,0
1596159815.460824,343.80117416381836,0.0,0
1596159815.470824,345.6003999710083,0.0,0
1596159815.480824,347.40220069885254,0.0,0
1596159815.490824,349.2027997970581,0.0,0
1596159815.500824,350.9999656677246,0.0,0
1596159815.510824,352.8029251098633,0.0,0
1596159815.520824,354.6000051498413,0.0,0
1596159815.530824,356.4004325866699,0.0,0
1596159815.540824,358.2021903991699,0.0,0
1596159815.5508287,360,0.0,1
1596159815.5508287,0,0,0
1596159815.5608287,1.8007278442382812,0,0
1596159815.5708287,3.600039482116699,0,0
1596159815.5808287,5.402398109436035,0,0
1596159815.5908287,7.202911376953125,0,0
1596159815.6008286,9.003124237060547,0,0
1596159815.6108286,10.80106258392334,0,0
1596159815.6208286,12.60007381439209,0,0
1596159815.6308286,14.402217864990234,0,0
1596159815.6408286,16.20011329650879,0,0
1596159815.6508286,18.00281524658203,0,0
1596159815.6608286,19.801054000854492,0,0
1596159815.6708286,21.60332679748535,0,0
1596159815.6808286,23.40285301208496,0,0
1596159815.6908286,25.2011775970459,0,0
1596159815.7008286,27.0003604888916,0,0
1596159815.7108285,28.803234100341797,0,0
1596159815.7208285,30.60164451599121,0,0
1596159815.7308285,32.40112781524658,0,0
1596159815.7408285,34.20125484466553,0,0
1596159815.7508285,36.00314140319824,0,0
1596159815.7608285,37.80301094055176,0,0
1596159815.7708285,39.6027946472168,0,0
1596159815.7808285,41.402320861816406,0,0
1596159815.7908285,43.200645446777344,0,0
1596159815.8008285,45.00205993652344,0,0
1596159815.8108284,46.80055618286133,0,0
1596159815.8208284,48.601412773132324,0,0
1596159815.8308284,50.40278434753418,0,0
1596159815.8408284,52.20145225524902,0,0
1596159815.8508284,54.00333881378174,0,0
1596159815.8608284,55.803208351135254,0,0
1596159815.8708284,57.60063171386719,0,0
1596159815.8808284,59.40157413482666,0,0
1596159815.8908284,61.202731132507324,0,0
1596159815.9008284,63.00066947937012,0,0
1596159815.9108284,64.80264186859131,0,0
1596159815.9208283,66.60229682922363,0,0
1596159815.9308283,68.40306758880615,0,0
1596159815.9408283,70.20092010498047,0,0
1596159815.9508283,72.00267791748047,0,0
1596159815.9608283,73.80048751831055,0,0
1596159815.9708283,75.60237407684326,0,0
1596159815.9808283,77.40147113800049,0,0
1596159815.9908283,79.20185565948486,0,0
1596159816.0008283,81.00022315979004,0,0
1596159816.0108283,82.80017852783203,0,0
1596159816.0208282,84.60172176361084,0,0
1596159816.0308282,86.40004634857178,0,0
1596159816.0408282,88.20017337799072,0,0
1596159816.0508282,90.0014591217041,0,0
1596159816.0608282,91.80051326751709,0,0
1596159816.0708282,93.60304355621338,0,0
1596159816.0808282,95.40166854858398,0,0
1596159816.0908282,97.20304012298584,0,0
1596159816.1008282,99.00153636932373,0,0
1596159816.1108282,100.80260753631592,0,0
1596159816.1208282,102.60003089904785,0,0
1596159816.1308281,104.40032958984375,0,0
1596159816.1408281,106.20088577270508,0,0
1596159816.1508281,108.00260066986084,0,0
1596159816.160828,109.8022985458374,0,0
1596159816.170828,111.60053730010986,0,0
1596159816.180828,113.40075016021729,0,0
1596159816.190828,115.20036220550537,0,0
1596159816.200828,116.99993133544922,0,0
1596159816.210828,118.80113124847412,0,0
1596159816.220828,120.60173034667969,0,0
1596159816.230828,122.40134239196777,0,0
1596159816.240828,124.20013904571533,0,0
1596159816.250828,126.00327014923096,0,0
1596159816.260828,127.80073642730713,0,0
1596159816.270828,129.60124969482422,0,0
1596159816.280828,131.4019775390625,0,0
1596159816.290828,133.20274829864502,0,0
1596159816.300828,135.002703666687,0,0
1596159816.310828,136.80047035217285,0,0
1596159816.320828,138.60162734985352,0,0
1596159816.330828,140.4003381729126,0,0
1596159816.340828,142.20312595367432,0,0
1596159816.350828,144.00312423706055,0,0
1596159816.3582118,145.328950881958,0,0
1596159816.3582118,145.328950881958,0.0,0
1596159816.360828,145.80132007598877,0.0,0
1596159816.370828,147.60015964508057,0.0,0
1596159816.380828,149.40007209777832,0.0,0
1596159816.390828,151.20088577270508,0.0,0
1596159816.400828,153.00191402435303,0.0,0
1596159816.4108279,154.80032444000244,0.0,0
1596159816.4208279,156.60049438476562,0.0,0
1596159816.4308279,158.40319633483887,0.0,0
1596159816.4408278,160.2031946182251,0.0,0
1596159816.4508278,162.00066089630127,0.0,0
1596159816.4608278,163.8026762008667,0.0,0
1596159816.4708278,165.59997081756592,0.0,0
1596159816.4808278,167.40099906921387,0.0,0
1596159816.4908278,169.2012119293213,0.0,0
1596159816.5008278,171.00103855133057,0.0,0
1596159816.5108278,172.80146598815918,0.0,0
1596159816.5208278,174.60013389587402,0.0,0
1596159816.5308278,176.4030933380127,0.0,0
1596159816.5408278,178.20201873779297,0.0,0
1596159816.5508277,180.00025749206543,0.0,0
1596159816.5608277,181.80205821990967,0.0,0
1596159816.5708277,183.60321521759033,0.0,0
1596159816.5808277,185.39990901947021,0.0,0
1596159816.5908277,187.20192432403564,0.0,0
1596159816.6008277,189.0016222000122,0.0,0
1596159816.6108277,190.80286502838135,0.0,0
1596159816.6208277,192.602219581604,0.0,0
1596159816.6308277,194.40080165863037,0.0,0
1596159816.6408277,196.2031602859497,0.0,0
1596159816.6508276,198.00307273864746,0.0,0
1596159816.6608276,199.80148315429688,0.0,0
1596159816.6708276,201.6002368927002,0.0,0
1596159816.6808276,203.40173721313477,0.0,0
1596159816.6908276,205.20293712615967,0.0,0
1596159816.7008276,207.00143337249756,0.0,0
1596159816.7108276,208.8019895553589,0.0,0
1596159816.7208276,210.60104370117188,0.0,0
1596159816.7308276,212.40074157714844,0.0,0
1596159816.7408276,214.20069694519043,0.0,0
1596159816.7508276,216.00292682647705,0.0,0
1596159816.7608275,217.80009269714355,0.0,0
1596159816.7708275,219.60197925567627,0.0,0
1596159816.7808275,221.40270709991455,0.0,0
1596159816.7908275,223.20030212402344,0.0,0
1596159816.8008275,225.000901222229,0.0,0
1596159816.8108275,226.79991245269775,0.0,0
1596159816.8208275,228.60235691070557,0.0,0
1596159816.8308275,230.40188312530518,0.0,0
1596159816.8408275,232.2002935409546,0.0,0
1596159816.8508275,234.000506401062,0.0,0
1596159816.8608274,235.80016136169434,0.0,0
1596159816.8708274,237.60213375091553,0.0,0
1596159816.8808274,239.40148830413818,0.0,0
1596159816.8908274,241.20019912719727,0.0,0
1596159816.9008274,242.9998540878296,0.0,0
1596159816.9108274,244.80079650878906,0.0,0
1596159816.9208274,246.60285472869873,0.0,0
1596159816.9308274,248.4010934829712,0.0,0
1596159816.9408274,250.19989013671875,0.0,0
1596159816.9508274,251.99988842010498,0.0,0
1596159816.9608274,253.8014316558838,0.0,0
1596159816.9708273,255.6000566482544,0.0,0
1596159816.9808273,257.4008274078369,0.0,0
1596159816.9908273,259.2030143737793,0.0,0
1596159817.0008273,261.00035190582275,0.0,0
1596159817.0108273,262.8024959564209,0.0,0
1596159817.0208273,264.6011209487915,0.0,0
1596159817.0308273,266.4006042480469,0.0,0
1596159817.0408273,268.1998300552368,0.0,0
1596159817.0508273,270.0009870529175,0.0,0
1596159817.0608273,271.8014144897461,0.0,0
1596159817.0658214,272.6986885070801,0.0,0
1596159817.0658214,272.6986885070801,0.0,0
1596159817.0708272,273.59986782073975,0.0,0
1596159817.0808272,275.4024410247803,0.0,0
1596159817.0908272,277.20080852508545,0.0,0
1596159817.1008272,279.00278091430664,0.0,0
1596159817.1108272,280.80016136169434,0.0,0
1596159817.1208272,282.5998592376709,0.0,0
1596159817.1308272,284.40247535705566,0.0,0
1596159817.1408272,286.20174407958984,0.0,0
1596159817.1508272,288.0006694793701,0.0,0
1596159817.1608272,289.8028564453125,0.0,0
1596159817.1708272,291.60040855407715,0.0,0
1596159817.1808271,293.402681350708,0.0,0
1596159817.1908271,295.2021646499634,0.0,0
1596159817.2008271,297.0004892349243,0.0,0
1596159817.210827,298.80040168762207,0.0,0
1596159817.220827,300.6026315689087,0.0,0
1596159817.230827,302.40267276763916,0.0,0
1596159817.240827,304.20228481292725,0.0,0
1596159817.250827,306.00090980529785,0.0,0
1596159817.260827,307.8018522262573,0.0,0
1596159817.270827,309.6022367477417,0.0,0
1596159817.280827,311.40257835388184,0.0,0
1596159817.290827,313.20030212402344,0.0,0
1596159817.300827,315.0007724761963,0.0,0
1596159817.310827,316.8017578125,0.0,0
1596159817.320827,318.6007261276245,0.0,0
1596159817.330827,320.40175437927246,0.0,0
1596159817.340827,322.1999502182007,0.0,0
1596159817.350827,324.00278091430664,0.0,0
1596159817.360827,325.80265045166016,0.0,0
1596159817.370827,327.60003089904785,0.0,0
1596159817.380827,329.40020084381104,0.0,0
1596159817.390827,331.2028169631958,0.0,0
1596159817.400827,333.0025577545166,0.0,0
1596159817.410827,334.8025131225586,0.0,0
1596159817.420827,336.6017818450928,0.0,0
1596159817.430827,338.4015655517578,0.0,0
1596159817.440827,340.2001476287842,0.0,0
1596159817.450827,341.99997425079346,0.0,0
1596159817.4608269,343.8021183013916,0.0,0
1596159817.4708269,345.60070037841797,0.0,0
1596159817.4808269,347.40095615386963,0.0,0
1596159817.4908268,349.2018127441406,0.0,0
1596159817.5008268,350.9998369216919,0.0,0
1596159817.5108268,352.80189514160156,0.0,0
1596159817.5208268,354.60283756256104,0.0,0
1596159817.5308268,356.40124797821045,0.0,0
1596159817.5408268,358.20266246795654,0.0,0
1596159817.550838,360,0.0,1
1596159817.550838,0,0,0
1596159817.560838,1.802058219909668,0,0
1596159817.570838,3.6012840270996094,0,0
1596159817.580838,5.401711463928223,0,0
1596159817.590838,7.200679779052734,0,0
1596159817.600838,9.001665115356445,0,0
1596159817.610838,10.802006721496582,0,0
1596159817.620838,12.60230541229248,0,0
1596159817.630838,14.400887489318848,0,0
1596159817.640838,16.20208740234375,0,0
1596159817.650838,18.003029823303223,0,0
1596159817.660838,19.80006694793701,0,0
1596159817.6708379,21.602554321289062,0,0
1596159817.6808379,23.401823043823242,0,0
1596159817.6908379,25.200791358947754,0,0
1596159817.7008379,26.999974250793457,0,0
1596159817.7108378,28.801345825195312,0,0
1596159817.7208378,30.601987838745117,0,0
1596159817.7308378,32.40237236022949,0,0
1596159817.7408378,34.201083183288574,0,0
1596159817.7508378,36.00112438201904,0,0
1596159817.7608378,37.80202388763428,0,0
1596159817.7708378,39.602065086364746,0,0
1596159817.7808378,41.40322208404541,0,0
1596159817.7908378,43.20094585418701,0,0
1596159817.8008378,45.00317573547363,0,0
1596159817.8108377,46.80107116699219,0,0
1596159817.8208377,48.60021114349365,0,0
1596159817.8308377,50.40308475494385,0,0
1596159817.8408377,52.20162391662598,0,0
1596159817.8508377,54.00278091430664,0,0
1596159817.8608377,55.8001184463501,0,0
1596159817.8708377,57.60324954986572,0,0
1596159817.8808377,59.401445388793945,0,0
1596159817.8908377,61.20007038116455,0,0
1596159817.9008377,63.00277233123779,0,0
1596159817.9108377,64.80079650878906,0,0
1596159817.9208376,66.60053730010986,0,0
1596159817.9308376,68.40105056762695,0,0
1596159817.9408376,70.19997596740723,0,0
1596159817.9508376,72.0014762878418,0,0
1596159817.9608376,73.80053043365479,0,0
1596159817.9708376,75.60318946838379,0,0
1596159817.9808376,77.40108489990234,0,0
1596159817.9908376,79.200439453125,0,0
1596159818.0008376,81.00065231323242,0,0
1596159818.0108376,82.80026435852051,0,0
1596159818.0208375,84.60305213928223,0,0
1596159818.0308375,86.40064716339111,0,0
1596159818.0408375,88.20240497589111,0,0
1596159818.0508375,90.00223159790039,0,0
1596159818.0608375,91.80059909820557,0,0
1596159818.0708375,93.60175609588623,0,0
1596159818.0808375,95.4006814956665,0,0
1596159818.0908375,97.20089435577393,0,0
1596159818.1008375,99.00179386138916,0,0
1596159818.1108375,100.80290794372559,0,0
1596159818.1208375,102.60046005249023,0,0
1596159818.1308374,104.40028667449951,0,0
1596159818.1408374,106.20157241821289,0,0
1596159818.1508374,108.00148487091064,0,0
1596159818.1608374,109.80096817016602,0,0
1596159818.1708374,111.60195350646973,0,0
1596159818.1808374,113.40027809143066,0,0
1596159818.1908374,115.2029800415039,0,0
1596159818.2008374,117.00100421905518,0,0
1596159818.2108374,118.80014419555664,0,0
1596159818.2208374,120.59988498687744,0,0
1596159818.2308373,122.40224361419678,0,0
1596159818.2408373,124.20052528381348,0,0
1596159818.2508373,126.00000858306885,0,0
1596159818.2608373,127.80309677124023,0,0
1596159818.2708373,129.6016788482666,0,0
1596159818.2808373,131.40081882476807,0,0
1596159818.2908373,133.20197582244873,0,0
1596159818.3008373,135.00107288360596,0,0
1596159818.3108373,136.80132865905762,0,0
1596159818.3208373,138.60270023345947,0,0
1596159818.3308372,140.39986610412598,0,0
1596159818.3408372,142.20205307006836,0,0
1596159818.3508372,144.00054931640625,0,0
1596159818.3584347,145.3674030303955,0,0
1596159818.3584347,145.3674030303955,0.0,0
1596159818.3608372,145.80059051513672,0.0,0
1596159818.3708372,147.6016616821289,0.0,0
1596159818.3808372,149.4002866744995,0.0,0
1596159818.3908372,151.20075702667236,0.0,0
1596159818.4008372,153.00161361694336,0.0,0
1596159818.4108372,154.80032444000244,0.0,0
1596159818.4208372,156.6007947921753,0.0,0
1596159818.4308372,158.40152263641357,0.0,0
1596159818.4408371,160.20160675048828,0.0,0
1596159818.4508371,162.00031757354736,0.0,0
1596159818.4608371,163.79984378814697,0.0,0
1596159818.470837,165.60104370117188,0.0,0
1596159818.480837,167.40155696868896,0.0,0
1596159818.490837,169.2030143737793,0.0,0
1596159818.500837,171.00103855133057,0.0,0
1596159818.510837,172.80073642730713,0.0,0
1596159818.520837,174.60227966308594,0.0,0
1596159818.530837,176.40103340148926,0.0,0
1596159818.540837,178.20086002349854,0.0,0
1596159818.550837,180.0007724761963,0.0,0
1596159818.560837,181.8032169342041,0.0,0
1596159818.570837,183.60102653503418,0.0,0
1596159818.580837,185.40162563323975,0.0,0
1596159818.590837,187.20316886901855,0.0,0
1596159818.600837,189.0027379989624,0.0,0
1596159818.610837,190.80097675323486,0.0,0
1596159818.620837,192.60307788848877,0.0,0
1596159818.630837,194.40303325653076,0.0,0
1596159818.640837,196.2024736404419,0.0,0
1596159818.650837,198.0024290084839,0.0,0
1596159818.660837,199.80277061462402,0.0,0
1596159818.670837,201.60010814666748,0.0,0
1596159818.680837,203.4010934829712,0.0,0
1596159818.690837,205.20315170288086,0.0,0
1596159818.700837,207.00190544128418,0.0,0
1596159818.710837,208.80091667175293,0.0,0
1596159818.7208369,210.60190200805664,0.0,0
1596159818.7308369,212.40117073059082,0.0,0
1596159818.7408369,214.20095443725586,0.0,0
1596159818.7508368,216.00026607513428,0.0,0
1596159818.7608368,217.8024959564209,0.0,0
1596159818.7708368,219.6009922027588,0.0,0
1596159818.7808368,221.40146255493164,0.0,0
1596159818.7908368,223.19995880126953,0.0,0
1596159818.8008368,225.0012445449829,0.0,0
1596159818.8108368,226.80034160614014,0.0,0
1596159818.8208368,228.59995365142822,0.0,0
1596159818.8308368,230.40136814117432,0.0,0
1596159818.8408368,232.20218181610107,0.0,0
1596159818.8508368,234.00256633758545,0.0,0
1596159818.8608367,235.80059051513672,0.0,0
1596159818.8708367,237.60286331176758,0.0,0
1596159818.8808367,239.40170288085938,0.0,0
1596159818.8908367,241.20118618011475,0.0,0
1596159818.9008367,243.00045490264893,0.0,0
1596159818.9108367,244.8011827468872,0.0,0
1596159818.9208367,246.60199642181396,0.0,0
1596159818.9308367,248.40238094329834,0.0,0
1596159818.9408367,250.19989013671875,0.0,0
1596159818.9508367,252.00010299682617,0.0,0
1596159818.9608366,253.80130290985107,0.0,0
1596159818.9708366,255.60065746307373,0.0,0
1596159818.9808366,257.402286529541,0.0,0
1596159818.9908366,259.2000102996826,0.0,0
