Type = Mirollor Strogatz (-ish),Function = Peskin,Refract =0,Epsilon =0.3,Gamma =8,Start_phase =53
Timestamp,Phase,Offset,Ping?
1596159879,53,0,0
1596159879.01,54.797380447387695,0.29444444444444445,0
1596159879.02,56.598151206970215,0.29444444444444445,0
1596159879.03,58.399136543273926,0.29444444444444445,0
1596159879.04,60.19728946685791,0.29444444444444445,0
1596159879.05,61.999691009521484,0.29444444444444445,0
1596159879.06,63.7975435256958,0.29444444444444445,0
1596159879.07,65.5969409942627,0.29444444444444445,0
1596159879.08,67.3990421295166,0.29444444444444445,0
1596159879.09,69.19775295257568,0.29444444444444445,0
1596159879.1,70.99753665924072,0.29444444444444445,0
1596159879.11,72.79762077331543,0.29444444444444445,0
1596159879.12,74.59688949584961,0.29444444444444445,0
1596159879.1299999,76.39770317077637,0.29444444444444445,0
1596159879.1399999,78.19907474517822,0.29444444444444445,0
1596159879.1499999,79.99915885925293,0.29444444444444445,0
1596159879.1599998,81.79967212677002,0.29444444444444445,0
1596159879.1699998,83.59675216674805,0.29444444444444445,0
1596159879.1799998,85.39941120147705,0.29444444444444445,0
1596159879.1899998,87.199538230896,0.29444444444444445,0
1596159879.1999998,88.99923610687256,0.29444444444444445,0
1596159879.2099998,90.79901981353761,0.29444444444444445,0
1596159879.2199998,92.59670066833498,0.29444444444444445,0
1596159879.2299998,94.3963556289673,0.29444444444444445,0
1596159879.2399998,96.19819927215578,0.29444444444444445,0
1596159879.2499998,97.99918460845949,0.29444444444444445,0
1596159879.2599998,99.79712295532228,0.29444444444444445,0
1596159879.2699997,101.59703540802003,0.29444444444444445,0
1596159879.2799997,103.39935111999513,0.29444444444444445,0
1596159879.2899997,105.19690322875978,0.29444444444444445,0
1596159879.2999997,106.99883270263673,0.29444444444444445,0
1596159879.3099997,108.79780101776124,0.29444444444444445,0
1596159879.313862,109.49152755737306,0.29444444444444445,0
1596159879.313862,109.49152755737306,0.29444444444444445,0
1596159879.3199997,110.59745597839357,0.29444444444444445,0
1596159879.3299997,112.39861297607423,0.29444444444444445,0
1596159879.3399997,114.19680881500246,0.29444444444444445,0
1596159879.3489764,115.81209945678712,0.29444444444444445,0
1596159879.3489764,115.81209945678712,0.29444444444444445,0
1596159879.3499997,115.99856662750246,0.29444444444444445,0
1596159879.3599997,117.79654788970949,0.29444444444444445,0
1596159879.3699996,119.59796237945558,0.29444444444444445,0
1596159879.3799996,121.39663028717042,0.29444444444444445,0
1596159879.3899996,123.19697189331056,0.29444444444444445,0
1596159879.3999996,124.99825763702394,0.29444444444444445,0
1596159879.4099996,126.79868507385255,0.29444444444444445,0
1596159879.4199996,128.59876918792725,0.29444444444444445,0
1596159879.4299996,130.39786624908447,0.29444444444444445,0
1596159879.4399996,132.1982936859131,0.29444444444444445,0
1596159879.4499996,133.99932193756104,0.29444444444444445,0
1596159879.4599996,135.79893398284912,0.29444444444444445,0
1596159879.4699996,137.59957599639893,0.29444444444444445,0
1596159879.4799995,139.39935970306396,0.29444444444444445,0
1596159879.4899995,141.1990146636963,0.29444444444444445,0
1596159879.4999995,142.9972105026245,0.29444444444444445,0
1596159879.5099995,144.7970371246338,0.29444444444444445,0
1596159879.5199995,146.59862327575684,0.29444444444444445,0
1596159879.5299995,148.3974199295044,0.29444444444444445,0
1596159879.5399995,150.19767570495605,0.29444444444444445,0
1596159879.5499995,151.99784564971924,0.29444444444444445,0
1596159879.5599995,153.79672813415527,0.29444444444444445,0
1596159879.5699995,155.59925842285156,0.29444444444444445,0
1596159879.5799994,157.3986988067627,0.29444444444444445,0
1596159879.5899994,159.19916915893555,0.29444444444444445,0
1596159879.5999994,160.99723625183105,0.29444444444444445,0
1596159879.6099994,162.79835033416748,0.29444444444444445,0
1596159879.6199994,164.597318649292,0.29444444444444445,0
1596159879.6299994,166.398175239563,0.29444444444444445,0
1596159879.6399994,168.19654273986816,0.29444444444444445,0
1596159879.6499994,169.99791431427002,0.29444444444444445,0
1596159879.6599994,171.79872798919678,0.29444444444444445,0
1596159879.6699994,173.5994987487793,0.29444444444444445,0
1596159879.6799994,175.39919662475586,0.29444444444444445,0
1596159879.6899993,177.198637008667,0.29444444444444445,0
1596159879.6999993,178.99902153015137,0.29444444444444445,0
1596159879.7099993,180.79786109924316,0.29444444444444445,0
1596159879.7199993,182.5989751815796,0.29444444444444445,0
1596159879.7299993,184.39901638031006,0.29444444444444445,0
1596159879.7399993,186.19931507110596,0.29444444444444445,0
1596159879.7499993,187.99811172485352,0.29444444444444445,0
1596159879.7599993,189.79729461669922,0.29444444444444445,0
1596159879.7699993,191.59900951385498,0.29444444444444445,0
1596159879.7799993,193.39647579193115,0.29444444444444445,0
1596159879.7899992,195.19754695892334,0.29444444444444445,0
1596159879.7999992,196.99956226348877,0.29444444444444445,0
1596159879.8099992,198.79801559448242,0.29444444444444445,0
1596159879.8199992,200.5979709625244,0.29444444444444445,0
1596159879.8299992,202.3982696533203,0.29444444444444445,0
1596159879.8399992,204.1980104446411,0.29444444444444445,0
1596159879.8499992,205.9972791671753,0.29444444444444445,0
1596159879.8599992,207.79629039764404,0.29444444444444445,0
1596159879.8699992,209.59826278686523,0.29444444444444445,0
1596159879.8799992,211.3994197845459,0.29444444444444445,0
1596159879.8899992,213.1977014541626,0.29444444444444445,0
1596159879.8999991,214.99907302856445,0.29444444444444445,0
1596159879.9099991,216.7989854812622,0.29444444444444445,0
1596159879.9199991,218.5976104736328,0.29444444444444445,0
1596159879.929999,220.39855289459229,0.29444444444444445,0
1596159879.939999,222.19945240020752,0.29444444444444445,0
1596159879.949999,223.99674701690674,0.29444444444444445,0
1596159879.959999,225.79910564422607,0.29444444444444445,0
1596159879.969999,227.59635734558105,0.29444444444444445,0
1596159879.979999,229.39832973480225,0.29444444444444445,0
1596159879.989999,231.1980276107788,0.29444444444444445,0
1596159879.999999,232.9970817565918,0.29444444444444445,0
1596159880.009999,234.79725170135498,0.29444444444444445,0
1596159880.019999,236.5993528366089,0.29444444444444445,0
1596159880.029999,238.39823532104492,0.29444444444444445,0
1596159880.039999,240.19879150390625,0.29444444444444445,0
1596159880.049999,241.9980173110962,0.29444444444444445,0
1596159880.059999,243.79891681671143,0.29444444444444445,0
1596159880.069999,245.599515914917,0.29444444444444445,0
1596159880.079999,247.3977975845337,0.29444444444444445,0
1596159880.089999,249.19818210601807,0.29444444444444445,0
1596159880.099999,250.99633502960205,0.29444444444444445,0
1596159880.109999,252.7984790802002,0.29444444444444445,0
1596159880.119999,254.59723281860352,0.29444444444444445,0
1596159880.129999,256.3992910385132,0.29444444444444445,0
1596159880.139999,258.19744396209717,0.29444444444444445,0
1596159880.149999,259.9983434677124,0.29444444444444445,0
1596159880.159999,261.796968460083,0.29444444444444445,0
1596159880.169999,263.5973529815674,0.29444444444444445,0
1596159880.1799989,265.39773750305176,0.29444444444444445,0
1596159880.1899989,267.19679164886475,0.29444444444444445,0
1596159880.1999989,268.9985065460205,0.29444444444444445,0
1596159880.2099988,270.798376083374,0.29444444444444445,0
1596159880.2199988,272.59927558898926,0.29444444444444445,0
1596159880.2299988,274.39854431152344,0.29444444444444445,0
1596159880.2399988,276.1983280181885,0.29444444444444445,0
1596159880.2499988,277.99927043914795,0.29444444444444445,0
1596159880.2599988,279.7983675003052,0.29444444444444445,0
1596159880.2699988,281.59875202178955,0.29444444444444445,0
1596159880.2799988,283.3985357284546,0.29444444444444445,0
1596159880.2899988,285.197847366333,0.29444444444444445,0
1596159880.2999988,286.99720191955566,0.29444444444444445,0
1596159880.3099988,288.7994318008423,0.29444444444444445,0
1596159880.3199987,290.5963830947876,0.29444444444444445,0
1596159880.3299987,292.3980550765991,0.29444444444444445,0
1596159880.3399987,294.19848251342773,0.29444444444444445,0
1596159880.3499987,295.9983949661255,0.29444444444444445,0
1596159880.3599987,297.7981786727905,0.29444444444444445,0
1596159880.3699987,299.59736156463623,0.29444444444444445,0
1596159880.3799987,301.3967590332031,0.29444444444444445,0
1596159880.3899987,303.19774436950684,0.29444444444444445,0
1596159880.3999987,304.9984292984009,0.29444444444444445,0
1596159880.4099987,306.79632472991943,0.29444444444444445,0
1596159880.4199986,308.5970525741577,0.29444444444444445,0
1596159880.4299986,310.39885330200195,0.29444444444444445,0
1596159880.4399986,312.19610500335693,0.29444444444444445,0
1596159880.4499986,313.9978199005127,0.29444444444444445,0
1596159880.4599986,315.7993631362915,0.29444444444444445,0
1596159880.4699986,317.5989751815796,0.29444444444444445,0
1596159880.4799986,319.39867305755615,0.29444444444444445,0
1596159880.4899986,321.19652557373047,0.29444444444444445,0
1596159880.4999986,322.9993562698364,0.29444444444444445,0
1596159880.5099986,324.79712295532227,0.29444444444444445,0
1596159880.5199986,326.59776496887207,0.29444444444444445,0
1596159880.5299985,328.3967761993408,0.29444444444444445,0
1596159880.5399985,330.1984910964966,0.29444444444444445,0
1596159880.5499985,331.9975881576538,0.29444444444444445,0
1596159880.5599985,333.7974147796631,0.29444444444444445,0
1596159880.5699985,335.59642601013184,0.29444444444444445,0
1596159880.5799985,337.398398399353,0.29444444444444445,0
1596159880.5899985,339.1983108520508,0.29444444444444445,0
1596159880.5999985,340.996506690979,0.29444444444444445,0
1596159880.6099985,342.796462059021,0.29444444444444445,0
1596159880.6199985,344.5987777709961,0.29444444444444445,0
1596159880.6299984,346.3970594406128,0.29444444444444445,0
1596159880.6399984,348.1983451843262,0.29444444444444445,0
1596159880.6499984,349.9975709915161,0.29444444444444445,0
1596159880.6599984,351.7992858886719,0.29444444444444445,0
1596159880.6699984,353.5968379974365,0.29444444444444445,0
1596159880.6799984,355.3984670639038,0.29444444444444445,0
1596159880.6899984,357.19623374938965,0.29444444444444445,0
1596159880.6999984,358.9994077682495,0.29444444444444445,0
1596159880.7055943,360,0.29444444444444445,1
1596159880.7055943,0,0,0
1596159880.7155943,1.8007707595825195,0,0
1596159880.7255943,3.600296974182129,0,0
1596159880.7355943,5.401368141174316,0,0
1596159880.7455943,7.2005510330200195,0,0
1596159880.7555943,8.999991416931152,0,0
1596159880.7655942,10.800762176513672,0,0
1596159880.7755942,12.601490020751953,0,0
1596159880.7855942,14.401874542236328,0,0
1596159880.7955942,16.200413703918457,0,0
1596159880.8055942,18.00208568572998,0,0
1596159880.8155942,19.80388641357422,0,0
1596159880.8255942,21.600193977355957,0,0
1596159880.8355942,23.400793075561523,0,0
1596159880.8455942,25.200061798095703,0,0
1596159880.8555942,27.000489234924316,0,0
1596159880.8655941,28.80164623260498,0,0
1596159880.8755941,30.601601600646973,0,0
1596159880.8855941,32.40091323852539,0,0
1596159880.8955941,34.20086860656738,0,0
1596159880.905594,36.0016393661499,0,0
1596159880.915594,37.80073642730713,0,0
1596159880.925594,39.60094928741455,0,0
1596159880.935594,41.402878761291504,0,0
1596159880.945594,43.20150375366211,0,0
1596159880.955594,45.00244617462158,0,0
1596159880.965594,46.802659034729004,0,0
1596159880.975594,48.60300064086914,0,0
1596159880.985594,50.40128231048584,0,0
1596159880.995594,52.20231056213379,0,0
1596159881.005594,54.000163078308105,0,0
1596159881.015594,55.80136299133301,0,0
1596159881.025594,57.60007381439209,0,0
1596159881.035594,59.40234661102295,0,0
1596159881.045594,61.200928688049316,0,0
1596159881.055594,63.000712394714355,0,0
1596159881.065594,64.80247020721436,0,0
1596159881.075594,66.60221099853516,0,0
1596159881.085594,68.40259552001953,0,0
1596159881.095594,70.20280838012695,0,0
1596159881.105594,72.00199127197266,0,0
1596159881.115594,73.80151748657227,0,0
1596159881.125594,75.60117244720459,0,0
1596159881.135594,77.40284442901611,0,0
1596159881.145594,79.20198440551758,0,0
1596159881.1555939,81.0010814666748,0,0
1596159881.1655939,82.80253887176514,0,0
1596159881.1755939,84.60137844085693,0,0
1596159881.1855938,86.40202045440674,0,0
1596159881.1955938,88.20197582244873,0,0
1596159881.2040873,89.72873210906982,0,0
1596159881.2040873,89.72873210906982,0.0,0
1596159881.2055938,90.00240325927734,0.0,0
1596159881.2155938,91.80235862731934,0.0,0
1596159881.2255938,93.59999656677246,0.0,0
1596159881.2355938,95.40205478668213,0.0,0
1596159881.2455938,97.20201015472412,0.0,0
1596159881.2555938,99.00123596191406,0.0,0
1596159881.2655938,100.80179214477539,0.0,0
1596159881.2755938,102.60264873504639,0.0,0
1596159881.2855937,104.40208911895752,0.0,0
1596159881.2955937,106.20200157165527,0.0,0
1596159881.3055937,108.00002574920654,0.0,0
1596159881.3155937,109.80311393737793,0.0,0
1596159881.3255937,111.60289764404297,0.0,0
1596159881.3355937,113.40066432952881,0.0,0
1596159881.3455937,115.20225048065186,0.0,0
1596159881.3492022,115.84941387176514,0.0,0
1596159881.3492022,115.84941387176514,0.0,0
1596159881.3555937,117.00323581695557,0.0,0
1596159881.3655937,118.80044460296631,0.0,0
1596159881.3755937,120.59997081756592,0.0,0
1596159881.3855937,122.40074157714844,0.0,0
1596159881.3955936,124.20073986053467,0.0,0
1596159881.4055936,126.00168228149414,0.0,0
1596159881.4155936,127.80176639556885,0.0,0
1596159881.4255936,129.6024513244629,0.0,0
1596159881.4355936,131.3999605178833,0.0,0
1596159881.4455936,133.2029628753662,0.0,0
1596159881.4555936,135.0022315979004,0.0,0
1596159881.4655936,136.8025302886963,0.0,0
1596159881.4755936,138.60076904296875,0.0,0
1596159881.4855936,140.40184020996094,0.0,0
1596159881.4955935,142.2008514404297,0.0,0
1596159881.5055935,143.99990558624268,0.0,0
1596159881.5155935,145.80020427703857,0.0,0
1596159881.5255935,147.60015964508057,0.0,0
1596159881.5355935,149.4005012512207,0.0,0
1596159881.5455935,151.2005853652954,0.0,0
1596159881.5555935,153.00161361694336,0.0,0
1596159881.5655935,154.80212688446045,0.0,0
1596159881.5755935,156.6011381149292,0.0,0
1596159881.5855935,158.40057849884033,0.0,0
1596159881.5955935,160.2002763748169,0.0,0
1596159881.6055934,162.00173377990723,0.0,0
1596159881.6155934,163.8010025024414,0.0,0
1596159881.6255934,165.60228824615479,0.0,0
1596159881.6355934,167.40099906921387,0.0,0
1596159881.6455934,169.20005321502686,0.0,0
1596159881.6555934,170.99987983703613,0.0,0
1596159881.6655934,172.80253887176514,0.0,0
1596159881.6755934,174.6018934249878,0.0,0
1596159881.6855934,176.40317916870117,0.0,0
1596159881.6955934,178.2029628753662,0.0,0
1596159881.7055933,180.00038623809814,0.0,0
1596159881.7155933,181.80261611938477,0.0,0
1596159881.7255933,183.60033988952637,0.0,0
1596159881.7355933,185.40184020996094,0.0,0
1596159881.7455933,187.20072269439697,0.0,0
1596159881.7555933,189.00179386138916,0.0,0
1596159881.7655933,190.8002471923828,0.0,0
1596159881.7755933,192.60088920593262,0.0,0
1596159881.7855933,194.40101623535156,0.0,0
1596159881.7955933,196.19994163513184,0.0,0
1596159881.8055933,197.9999828338623,0.0,0
1596159881.8155932,199.8013973236084,0.0,0
1596159881.8255932,201.6003656387329,0.0,0
1596159881.8355932,203.40216636657715,0.0,0
1596159881.8455932,205.20246505737305,0.0,0
1596159881.8555932,207.0009183883667,0.0,0
1596159881.8655932,208.8015604019165,0.0,0
1596159881.8755932,210.60009956359863,0.0,0
1596159881.8855932,212.4003553390503,0.0,0
1596159881.8955932,214.20095443725586,0.0,0
1596159881.9055932,216.00133895874023,0.0,0
1596159881.9155931,217.7997922897339,0.0,0
1596159881.9255931,219.603009223938,0.0,0
1596159881.9355931,221.40000343322754,0.0,0
1596159881.945593,223.200044631958,0.0,0
1596159881.955593,225.00188827514648,0.0,0
1596159881.965593,226.80038452148438,0.0,0
1596159881.975593,228.60197067260742,0.0,0
1596159881.985593,230.40188312530518,0.0,0
1596159881.995593,232.2027826309204,0.0,0
1596159882.005593,234.00230884552002,0.0,0
1596159882.015593,235.79986095428467,0.0,0
1596159882.025593,237.60140419006348,0.0,0
1596159882.035593,239.40294742584229,0.0,0
1596159882.045593,241.20037078857422,0.0,0
1596159882.055593,243.00011157989502,0.0,0
1596159882.065593,244.8016119003296,0.0,0
1596159882.075593,246.60221099853516,0.0,0
1596159882.085593,248.40259552001953,0.0,0
1596159882.095593,250.201735496521,0.0,0
1596159882.105593,251.99984550476074,0.0,0
1596159882.115593,253.8013458251953,0.0,0
1596159882.125593,255.6031036376953,0.0,0
1596159882.135593,257.40232944488525,0.0,0
1596159882.145593,259.20061111450195,0.0,0
1596159882.155593,261.00249767303467,0.0,0
1596159882.165593,262.8011655807495,0.0,0
1596159882.175593,264.6009922027588,0.0,0
1596159882.185593,266.3999605178833,0.0,0
1596159882.1955929,268.200945854187,0.0,0
1596159882.2055929,270.00240325927734,0.0,0
1596159882.2155929,271.7997407913208,0.0,0
1596159882.2255929,273.60076904296875,0.0,0
1596159882.2355928,275.40252685546875,0.0,0
1596159882.2455928,277.20205307006836,0.0,0
1596159882.2555928,279.00235176086426,0.0,0
1596159882.2655928,280.80127716064453,0.0,0
1596159882.2755928,282.6016616821289,0.0,0
1596159882.2855928,284.40213203430176,0.0,0
1596159882.2955928,286.1998987197876,0.0,0
1596159882.3055928,288.00251483917236,0.0,0
1596159882.3155928,289.8008394241333,0.0,0
1596159882.3255928,291.6025114059448,0.0,0
1596159882.3355927,293.4018659591675,0.0,0
1596159882.3455927,295.2027225494385,0.0,0
1596159882.3555927,297.00263500213623,0.0,0
1596159882.3655927,298.8012170791626,0.0,0
1596159882.3755927,300.60267448425293,0.0,0
1596159882.3855927,302.40275859832764,0.0,0
1596159882.3955927,304.20069694519043,0.0,0
1596159882.4055927,306.00013732910156,0.0,0
1596159882.4155927,307.8020238876343,0.0,0
1596159882.4255927,309.60163593292236,0.0,0
1596159882.4355927,311.3998317718506,0.0,0
1596159882.4455926,313.20257663726807,0.0,0
1596159882.4555926,315.0029182434082,0.0,0
1596159882.4655926,316.79991245269775,0.0,0
1596159882.4755926,318.6021852493286,0.0,0
1596159882.4855926,320.40153980255127,0.0,0
1596159882.4955926,322.20269680023193,0.0,0
1596159882.5055926,324.0014934539795,0.0,0
1596159882.5155926,325.8017921447754,0.0,0
1596159882.5255926,327.60226249694824,0.0,0
1596159882.5355926,329.4018745422363,0.0,0
1596159882.5455925,331.20097160339355,0.0,0
1596159882.5555925,333.0023431777954,0.0,0
1596159882.5655925,334.80281352996826,0.0,0
1596159882.5755925,336.6011381149292,0.0,0
1596159882.5855925,338.40113639831543,0.0,0
1596159882.5955925,340.2010488510132,0.0,0
1596159882.6055925,342.00242042541504,0.0,0
1596159882.6155925,343.80271911621094,0.0,0
1596159882.6255925,345.6019449234009,0.0,0
1596159882.6355925,347.4020290374756,0.0,0
1596159882.6455925,349.20275688171387,0.0,0
1596159882.6555924,351.0003089904785,0.0,0
1596159882.6655924,352.80107975006104,0.0,0
1596159882.6755924,354.6027088165283,0.0,0
1596159882.6855924,356.4015054702759,0.0,0
1596159882.6955924,358.2012891769409,0.0,0
1596159882.7056048,360,0.0,1
1596159882.7056048,0,0,0
1596159882.7156048,1.8019294738769531,0,0
1596159882.7256048,3.6020565032958984,0,0
1596159882.7356048,5.400595664978027,0,0
1596159882.7456048,7.202310562133789,0,0
1596159882.7556047,9.000678062438965,0,0
1596159882.7656047,10.800118446350098,0,0
1596159882.7756047,12.601704597473145,0,0
1596159882.7856047,14.401917457580566,0,0
1596159882.7956047,16.202945709228516,0,0
1596159882.8056047,18.001785278320312,0,0
1596159882.8156047,19.80109691619873,0,0
1596159882.8256047,21.600708961486816,0,0
1596159882.8356047,23.400793075561523,0,0
1596159882.8456047,25.200576782226562,0,0
1596159882.8556046,27.001261711120605,0,0
1596159882.8656046,28.800015449523926,0,0
1596159882.8756046,30.601987838745117,0,0
1596159882.8856046,32.401771545410156,0,0
1596159882.8956046,34.201555252075195,0,0
1596159882.9056046,36.00202560424805,0,0
1596159882.9156046,37.80228137969971,0,0
1596159882.9256046,39.60305213928223,0,0
1596159882.9356046,41.40189170837402,0,0
1596159882.9456046,43.200860023498535,0,0
1596159882.9556046,45.000858306884766,0,0
1596159882.9656045,46.80055618286133,0,0
1596159882.9756045,48.60270023345947,0,0
1596159882.9856045,50.4012393951416,0,0
1596159882.9956045,52.20149517059326,0,0
1596159883.0030644,53.542728424072266,0,0
1596159883.0030644,246.59541241065233,1.072514911036556,0
1596159883.0056045,247.05340496436327,1.072514911036556,0
1596159883.0156045,248.8528453482744,1.072514911036556,0
1596159883.0256045,250.65567604438036,1.072514911036556,0
1596159883.0356045,252.45576015845506,1.072514911036556,0
1596159883.0456045,254.25378433600633,1.072514911036556,0
1596159883.0556045,256.05532757178514,1.072514911036556,0
1596159883.0656044,257.85262218848436,1.072514911036556,0
1596159883.0756044,259.65416542426317,1.072514911036556,0
1596159883.0856044,261.4527904166338,1.072514911036556,0
1596159883.0956044,263.25270286933153,1.072514911036556,0
1596159883.1056044,265.05514732733934,1.072514911036556,0
1596159883.1156044,266.8555318488237,1.072514911036556,0
1596159883.1256044,268.65308395758836,1.072514911036556,0
1596159883.1356044,270.4527389182207,1.072514911036556,0
1596159883.1456044,272.25604168311327,1.072514911036556,0
1596159883.1556044,274.05350796118944,1.072514911036556,0
1596159883.1656044,275.85269085303514,1.072514911036556,0
1596159883.1756043,277.6535903586504,1.072514911036556,0
1596159883.1856043,279.45273033515184,1.072514911036556,0
1596159883.1956043,281.2541877402422,1.072514911036556,0
1596159883.2056043,283.0530702246782,1.072514911036556,0
1596159883.2156043,284.854613460457,1.072514911036556,0
1596159883.2256043,286.6552125586626,1.072514911036556,0
1596159883.2356043,288.4532796515581,1.072514911036556,0
1596159883.2456043,290.25310627356737,1.072514911036556,0
1596159883.2556043,292.0550357474443,1.072514911036556,0
1596159883.2656043,293.85413280860155,1.072514911036556,0
1596159883.2756042,295.65353027716844,1.072514911036556,0
1596159883.2856042,297.4537002219316,1.072514911036556,0
1596159883.2956042,299.2529689444658,1.072514911036556,0
1596159883.3056042,301.0535680426714,1.072514911036556,0
1596159883.3156042,302.8545533789751,1.072514911036556,0
1596159883.3256042,304.65515247718065,1.072514911036556,0
1596159883.3356042,306.454807437813,1.072514911036556,0
1596159883.3456042,308.2551061286089,1.072514911036556,0
1596159883.349422,308.9397775305864,1.072514911036556,0
1596159883.349422,308.9397775305864,1.072514911036556,0
1596159883.3556042,310.05570522681444,1.072514911036556,0
1596159883.3656042,311.85364357367723,1.072514911036556,0
1596159883.3756042,313.65600220099657,1.072514911036556,0
1596159883.3856041,315.4540692938921,1.072514911036556,0
1596159883.3956041,317.2547542227861,1.072514911036556,0
1596159883.4056041,319.0544520987627,1.072514911036556,0
1596159883.415604,320.8534204138872,1.072514911036556,0
1596159883.425604,322.65522114173143,1.072514911036556,0
1596159883.435604,324.4559489859697,1.072514911036556,0
1596159883.445604,326.2556897772905,1.072514911036556,0
1596159883.455604,328.05547348395555,1.072514911036556,0
1596159883.465604,329.85521427527635,1.072514911036556,0
1596159883.475604,331.65538422003954,1.072514911036556,0
1596159883.485604,333.4555112494585,1.072514911036556,0
1596159883.495604,335.25486580268114,1.072514911036556,0
1596159883.505604,337.0555507315752,1.072514911036556,0
1596159883.515604,338.85434738532274,1.072514911036556,0
1596159883.525604,340.65310112372606,1.072514911036556,0
1596159883.535604,342.4533568991777,1.072514911036556,0
1596159883.545604,344.2542134894487,1.072514911036556,0
1596159883.555604,346.0547267569658,1.072514911036556,0
1596159883.565604,347.8545533789751,1.072514911036556,0
1596159883.575604,349.6550666464922,1.072514911036556,0
1596159883.585604,351.45420662299364,1.072514911036556,0
1596159883.595604,353.2525312079546,1.072514911036556,0
1596159883.605604,355.05270115271776,1.072514911036556,0
1596159883.615604,356.8558322562334,1.072514911036556,0
1596159883.625604,358.65484348670213,1.072514911036556,0
1596159883.6330953,360,1.072514911036556,1
1596159883.6330953,0,0,0
1596159883.6430953,1.8005561828613281,0,0
1596159883.6530952,3.603086471557617,0,0
1596159883.6630952,5.401625633239746,0,0
1596159883.6730952,7.203340530395508,0,0
1596159883.6830952,9.002695083618164,0,0
1596159883.6930952,10.802392959594727,0,0
1596159883.7030952,12.601447105407715,0,0
1596159883.7130952,14.402432441711426,0,0
1596159883.7230952,16.200714111328125,0,0
1596159883.7330952,18.002429008483887,0,0
1596159883.7430952,19.80062484741211,0,0
1596159883.7530951,21.601181030273438,0,0
1596159883.7630951,23.402080535888672,0,0
1596159883.7730951,25.20263671875,0,0
1596159883.7830951,27.002463340759277,0,0
1596159883.793095,28.801045417785645,0,0
1596159883.803095,30.601859092712402,0,0
1596159883.813095,32.401041984558105,0,0
1596159883.823095,34.20176982879639,0,0
1596159883.833095,36.001853942871094,0,0
1596159883.843095,37.79996395111084,0,0
1596159883.853095,39.601593017578125,0,0
1596159883.863095,41.403136253356934,0,0
1596159883.873095,43.20150375366211,0,0
1596159883.883095,45.00154495239258,0,0
1596159883.893095,46.80042743682861,0,0
1596159883.903095,48.60304355621338,0,0
1596159883.913095,50.40248394012451,0,0
1596159883.923095,52.201409339904785,0,0
1596159883.933095,54.00012016296387,0,0
1596159883.943095,55.80084800720215,0,0
1596159883.953095,57.60204792022705,0,0
1596159883.963095,59.40041542053223,0,0
1596159883.973095,61.20131492614746,0,0
1596159883.983095,63.00157070159912,0,0
1596159883.993095,64.80131149291992,0,0
1596159884.003095,66.60251140594482,0,0
1596159884.013095,68.40040683746338,0,0
1596159884.023095,70.20040512084961,0,0
1596159884.033095,72.00066089630127,0,0
1596159884.0430949,73.8015604019165,0,0
1596159884.0530949,75.60091495513916,0,0
1596159884.0630949,77.4021577835083,0,0
1596159884.0709217,78.8087511062622,0,0
1596159884.0709217,78.8087511062622,0.0,0
1596159884.0730948,79.20176982879639,0.0,0
1596159884.0830948,81.0007381439209,0.0,0
1596159884.0930948,82.8010368347168,0.0,0
1596159884.1030948,84.6022367477417,0.0,0
1596159884.1130948,86.40090465545654,0.0,0
1596159884.1230948,88.20051670074463,0.0,0
1596159884.1330948,90.00300407409668,0.0,0
1596159884.1430948,91.80192947387695,0.0,0
1596159884.1530948,93.60171318054199,0.0,0
1596159884.1630948,95.40003776550293,0.0,0
1596159884.1730947,97.20025062561035,0.0,0
1596159884.1830947,99.00286674499512,0.0,0
1596159884.1930947,100.80265045166016,0.0,0
1596159884.2030947,102.60251998901367,0.0,0
1596159884.2130947,104.40080165863037,0.0,0
1596159884.2230947,106.20075702667236,0.0,0
1596159884.2330947,108.00204277038574,0.0,0
1596159884.2430947,109.80272769927979,0.0,0
1596159884.2530947,111.60019397735596,0.0,0
1596159884.2630947,113.40109348297119,0.0,0
1596159884.2730947,115.19989013671875,0.0,0
1596159884.2830946,117.00254917144775,0.0,0
1596159884.2930946,118.80237579345703,0.0,0
1596159884.3030946,120.60018539428711,0.0,0
1596159884.3130946,122.39988327026367,0.0,0
1596159884.3230946,124.20262813568115,0.0,0
1596159884.3330946,126.00181102752686,0.0,0
1596159884.3430946,127.80022144317627,0.0,0
1596159884.3530946,129.60137844085693,0.0,0
1596159884.3630946,131.40043258666992,0.0,0
1596159884.3730946,133.20188999176025,0.0,0
1596159884.3830945,135.00047206878662,0.0,0
1596159884.3930945,136.80274486541748,0.0,0
1596159884.4030945,138.60201358795166,0.0,0
1596159884.4130945,140.40265560150146,0.0,0
1596159884.4230945,142.20239639282227,0.0,0
1596159884.4330945,144.00123596191406,0.0,0
1596159884.4430945,145.8008909225464,0.0,0
1596159884.4530945,147.6000738143921,0.0,0
1596159884.4630945,149.40213203430176,0.0,0
1596159884.4730945,151.20041370391846,0.0,0
1596159884.4830945,153.00157070159912,0.0,0
1596159884.4930944,154.8021697998047,0.0,0
1596159884.5030944,156.6022539138794,0.0,0
1596159884.5130944,158.40014934539795,0.0,0
1596159884.5230944,160.20250797271729,0.0,0
1596159884.5330944,162.0029354095459,0.0,0
1596159884.5430944,163.80005836486816,0.0,0
1596159884.5530944,165.60258865356445,0.0,0
1596159884.5630944,167.40211486816406,0.0,0
1596159884.5730944,169.20275688171387,0.0,0
1596159884.5830944,171.00060939788818,0.0,0
1596159884.5930943,172.802152633667,0.0,0
1596159884.6030943,174.60116386413574,0.0,0
1596159884.6130943,176.40214920043945,0.0,0
1596159884.6230943,178.2020616531372,0.0,0
1596159884.6330943,180.00004291534424,0.0,0
1596159884.6430943,181.799955368042,0.0,0
1596159884.6530943,183.60287189483643,0.0,0
1596159884.6630943,185.40244102478027,0.0,0
1596159884.6730943,187.2028684616089,0.0,0
1596159884.6830943,189.00187969207764,0.0,0
1596159884.6930943,190.8008909225464,0.0,0
1596159884.7030942,192.5998592376709,0.0,0
1596159884.7130942,194.40131664276123,0.0,0
1596159884.7230942,196.2026882171631,0.0,0
1596159884.7330942,198.00066947937012,0.0,0
1596159884.7430942,199.8025131225586,0.0,0
1596159884.7530942,201.60199642181396,0.0,0
1596159884.7630942,203.4022092819214,0.0,0
1596159884.7730942,205.20272254943848,0.0,0
1596159884.7830942,207.0021629333496,0.0,0
1596159884.7930942,208.79992961883545,0.0,0
1596159884.8030941,210.60035705566406,0.0,0
1596159884.8130941,212.4021577835083,0.0,0
1596159884.8230941,214.19983863830566,0.0,0
1596159884.8330941,216.00125312805176,0.0,0
1596159884.843094,217.80210971832275,0.0,0
1596159884.853094,219.60094928741455,0.0,0
1596159884.863094,221.4019775390625,0.0,0
1596159884.873094,223.20188999176025,0.0,0
1596159884.883094,225.00261783599854,0.0,0
1596159884.893094,226.80025577545166,0.0,0
1596159884.903094,228.60064029693604,0.0,0
1596159884.913094,230.40222644805908,0.0,0
1596159884.923094,232.2023105621338,0.0,0
1596159884.933094,234.0030813217163,0.0,0
1596159884.943094,235.79986095428467,0.0,0
1596159884.953094,237.60273456573486,0.0,0
1596159884.963094,239.40234661102295,0.0,0
1596159884.973094,241.20054244995117,0.0,0
1596159884.983094,243.00294399261475,0.0,0
1596159884.993094,244.80199813842773,0.0,0
1596159885.003094,246.60143852233887,0.0,0
1596159885.0035448,246.68091773986816,0.0,0
1596159885.0035448,246.68091773986816,0.0,0
1596159885.013094,248.40075016021729,0.0,0
1596159885.023094,250.2022933959961,0.0,0
1596159885.033094,252.00233459472656,0.0,0
1596159885.043094,253.80117416381836,0.0,0
1596159885.053094,255.60181617736816,0.0,0
1596159885.063094,257.39984035491943,0.0,0
1596159885.073094,259.2014265060425,0.0,0
1596159885.083094,261.0002660751343,0.0,0
1596159885.0930939,262.79974937438965,0.0,0
1596159885.1030939,264.60283756256104,0.0,0
1596159885.1130939,266.40167713165283,0.0,0
1596159885.1230938,268.2012462615967,0.0,0
1596159885.1330938,270.00163078308105,0.0,0
1596159885.1430938,271.8025302886963,0.0,0
1596159885.1530938,273.6012840270996,0.0,0
1596159885.1630938,275.4014539718628,0.0,0
1596159885.1730938,277.20192432403564,0.0,0
1596159885.1830938,278.99999141693115,0.0,0
1596159885.1930938,280.80050468444824,0.0,0
1596159885.2030938,282.60015964508057,0.0,0
1596159885.2130938,284.40067291259766,0.0,0
1596159885.2230937,286.19985580444336,0.0,0
1596159885.2330937,287.9997682571411,0.0,0
1596159885.2430937,289.80212688446045,0.0,0
1596159885.2530937,291.6011381149292,0.0,0
1596159885.2630937,293.4006643295288,0.0,0
1596159885.2730937,295.20092010498047,0.0,0
1596159885.2830937,297.00074672698975,0.0,0
1596159885.2930937,298.80104541778564,0.0,0
1596159885.3030937,300.6001853942871,0.0,0
1596159885.3130937,302.4018144607544,0.0,0
1596159885.3230937,304.2030143737793,0.0,0
1596159885.3330936,306.002197265625,0.0,0
1596159885.3430936,307.8004789352417,0.0,0
1596159885.3530936,309.6028804779053,0.0,0
1596159885.3630936,311.4012908935547,0.0,0
1596159885.3730936,313.20197582244873,0.0,0
1596159885.3830936,315.0013732910156,0.0,0
1596159885.3930936,316.80205821990967,0.0,0
1596159885.4030936,318.6019706726074,0.0,0
1596159885.4130936,320.4029130935669,0.0,0
1596159885.4230936,322.2014093399048,0.0,0
1596159885.4330935,324.00269508361816,0.0,0
1596159885.4430935,325.7996892929077,0.0,0
1596159885.4530935,327.60307788848877,0.0,0
1596159885.4630935,329.4019603729248,0.0,0
1596159885.4730935,331.2007999420166,0.0,0
1596159885.4830935,332.9997253417969,0.0,0
1596159885.4930935,334.8022985458374,0.0,0
1596159885.5030935,336.60173892974854,0.0,0
1596159885.5130935,338.4001064300537,0.0,0
1596159885.5230935,340.20087718963623,0.0,0
1596159885.5330935,342.00066089630127,0.0,0
1596159885.5430934,343.79980087280273,0.0,0
1596159885.5530934,345.601601600647,0.0,0
1596159885.5630934,347.40108489990234,0.0,0
1596159885.5730934,349.20241355895996,0.0,0
1596159885.5830934,350.99992275238037,0.0,0
1596159885.5930934,352.80266761779785,0.0,0
1596159885.6030934,354.6003484725952,0.0,0
1596159885.6130934,356.40172004699707,0.0,0
1596159885.6230934,358.2004737854004,0.0,0
1596159885.6330986,360,0.0,1
1596159885.6330986,0,0,0
1596159885.6430986,1.8011140823364258,0,0
1596159885.6530986,3.6018848419189453,0,0
1596159885.6630986,5.401239395141602,0,0
1596159885.6730986,7.200508117675781,0,0
1596159885.6830986,9.002394676208496,0,0
1596159885.6930985,10.800161361694336,0,0
1596159885.7030985,12.600159645080566,0,0
1596159885.7130985,14.4010591506958,0,0
1596159885.7230985,16.200413703918457,0,0
1596159885.7330985,18.001656532287598,0,0
1596159885.7430985,19.80289936065674,0,0
1596159885.7530985,21.60289764404297,0,0
1596159885.7630985,23.401737213134766,0,0
1596159885.7730985,25.200705528259277,0,0
1596159885.7830985,27.002034187316895,0,0
1596159885.7930984,28.802590370178223,0,0
1596159885.8030984,30.60237407684326,0,0
1596159885.8130984,32.402586936950684,0,0
1596159885.8230984,34.20237064361572,0,0
1596159885.8330984,36.00228309631348,0,0
1596159885.8430984,37.800865173339844,0,0
1596159885.8530984,39.60030555725098,0,0
1596159885.8630984,41.40176296234131,0,0
1596159885.8730984,43.202834129333496,0,0
1596159885.8830984,45.00081539154053,0,0
1596159885.8930984,46.800899505615234,0,0
1596159885.9030983,48.600382804870605,0,0
1596159885.9130983,50.4026985168457,0,0
1596159885.9230983,52.20321178436279,0,0
1596159885.9330983,54.00123596191406,0,0
1596159885.9430983,55.80106258392334,0,0
1596159885.9530983,57.60127544403076,0,0
1596159885.9630983,59.401445388793945,0,0
1596159885.9730983,61.20238780975342,0,0
1596159885.9830983,63.00058364868164,0,0
1596159885.9930983,64.80234146118164,0,0
1596159886.0030982,66.60010814666748,0,0
1596159886.0130982,68.40130805969238,0,0
1596159886.0230982,70.20182132720947,0,0
1596159886.0330982,72.00169086456299,0,0
1596159886.0430982,73.80130290985107,0,0
1596159886.0530982,75.60070037841797,0,0
1596159886.0630982,77.4032735824585,0,0
1596159886.0699003,78.62430095672607,0,0
1596159886.0699003,78.62430095672607,0.0,0
1596159886.0730982,79.19992446899414,0.0,0
1596159886.0830982,81.00103855133057,0.0,0
1596159886.0930982,82.80022144317627,0.0,0
1596159886.1030982,84.60000514984131,0.0,0
1596159886.1130981,86.40008926391602,0.0,0
1596159886.1230981,88.20013046264648,0.0,0
1596159886.1330981,90.00128746032715,0.0,0
1596159886.143098,91.8014144897461,0.0,0
1596159886.153098,93.60265731811523,0.0,0
1596159886.163098,95.4017972946167,0.0,0
1596159886.173098,97.2006368637085,0.0,0
1596159886.183098,99.00067806243896,0.0,0
1596159886.193098,100.8006763458252,0.0,0
1596159886.203098,102.60251998901367,0.0,0
1596159886.213098,104.40084457397461,0.0,0
1596159886.223098,106.20268821716309,0.0,0
1596159886.233098,108.00062656402588,0.0,0
1596159886.243098,109.80135440826416,0.0,0
1596159886.253098,111.60053730010986,0.0,0
1596159886.263098,113.40126514434814,0.0,0
1596159886.273098,115.20250797271729,0.0,0
1596159886.283098,117.0014762878418,0.0,0
1596159886.293098,118.80190372467041,0.0,0
1596159886.303098,120.60224533081055,0.0,0
1596159886.313098,122.40194320678711,0.0,0
1596159886.323098,124.20082569122314,0.0,0
1596159886.333098,126.00035190582275,0.0,0
1596159886.343098,127.80039310455322,0.0,0
1596159886.353098,129.60176467895508,0.0,0
1596159886.363098,131.40111923217773,0.0,0
1596159886.373098,133.2008171081543,0.0,0
1596159886.383098,135.00038623809814,0.0,0
1596159886.3930979,136.80132865905762,0.0,0
1596159886.4030979,138.6027431488037,0.0,0
1596159886.4130979,140.40196895599365,0.0,0
1596159886.4230978,142.20239639282227,0.0,0
1596159886.4330978,144.00110721588135,0.0,0
1596159886.4430978,145.80252170562744,0.0,0
1596159886.4530978,147.60106086730957,0.0,0
1596159886.4630978,149.40221786499023,0.0,0
1596159886.4730978,151.20298862457275,0.0,0
1596159886.4830978,153.00264358520508,0.0,0
1596159886.4930978,154.80010986328125,0.0,0
1596159886.5030978,156.60221099853516,0.0,0
1596159886.5130978,158.40044975280762,0.0,0
1596159886.5230978,160.20147800445557,0.0,0
1596159886.5330977,162.00220584869385,0.0,0
1596159886.5430977,163.80310535430908,0.0,0
1596159886.5530977,165.60070037841797,0.0,0
1596159886.5630977,167.4023723602295,0.0,0
1596159886.5730977,169.20061111450195,0.0,0
1596159886.5830977,171.00048065185547,0.0,0
1596159886.5930977,172.8017234802246,0.0,0
1596159886.6030977,174.59983348846436,0.0,0
1596159886.6130977,176.40077590942383,0.0,0
1596159886.6230977,178.20013046264648,0.0,0
1596159886.6330976,180.0013303756714,0.0,0
1596159886.6430976,181.80201530456543,0.0,0
1596159886.6530976,183.60270023345947,0.0,0
1596159886.6630976,185.40175437927246,0.0,0
1596159886.6730976,187.20261096954346,0.0,0
1596159886.6830976,189.00290966033936,0.0,0
1596159886.6930976,190.80299377441406,0.0,0
1596159886.7030976,192.6009750366211,0.0,0
1596159886.7130976,194.40114498138428,0.0,0
1596159886.7230976,196.2020444869995,0.0,0
1596159886.7330976,198.00272941589355,0.0,0
1596159886.7430975,199.8011827468872,0.0,0
1596159886.7530975,201.6002368927002,0.0,0
1596159886.7630975,203.4031105041504,0.0,0
1596159886.7730975,205.20293712615967,0.0,0
1596159886.7830975,207.00109004974365,0.0,0
1596159886.7930975,208.80271911621094,0.0,0
1596159886.8030975,210.60104370117188,0.0,0
1596159886.8130975,212.40031242370605,0.0,0
1596159886.8230975,214.20129776000977,0.0,0
1596159886.8330975,216.00090980529785,0.0,0
1596159886.8430974,217.80163764953613,0.0,0
1596159886.8530974,219.6004343032837,0.0,0
1596159886.8630974,221.40034675598145,0.0,0
1596159886.8730974,223.20244789123535,0.0,0
1596159886.8830974,225.00051498413086,0.0,0
1596159886.8930974,226.80025577545166,0.0,0
1596159886.9030974,228.59986782073975,0.0,0
1596159886.9130974,230.4004669189453,0.0,0
1596159886.9230974,232.2024393081665,0.0,0
1596159886.9330974,233.99977684020996,0.0,0
1596159886.9430974,235.80132007598877,0.0,0
1596159886.9530973,237.6020050048828,0.0,0
1596159886.9630973,239.40268993377686,0.0,0
1596159886.9730973,241.2028169631958,0.0,0
1596159886.9830973,243.00084114074707,0.0,0
1596159886.9930973,244.8020839691162,0.0,0
1596159887.0025175,246.49539470672607,0.0,0
1596159887.0025175,246.49539470672607,0.0,0
1596159887.0030973,246.60130977630615,0.0,0
1596159887.0130973,248.40117931365967,0.0,0
1596159887.0230973,250.20216464996338,0.0,0
1596159887.0330973,251.99988842010498,0.0,0
1596159887.0430973,253.80220413208008,0.0,0
1596159887.0530972,255.6001853942871,0.0,0
1596159887.0630972,257.4025011062622,0.0,0
1596159887.0730972,259.2028856277466,0.0,0
1596159887.0830972,261.00013732910156,0.0,0
1596159887.0930972,262.80077934265137,0.0,0
1596159887.1030972,264.60060596466064,0.0,0
1596159887.1130972,266.40193462371826,0.0,0
1596159887.1230972,268.2019329071045,0.0,0
1596159887.1330972,270.0023603439331,0.0,0
1596159887.1430972,271.80115699768066,0.0,0
1596159887.1530972,273.60257148742676,0.0,0
1596159887.1630971,275.40050983428955,0.0,0
1596159887.1730971,277.20183849334717,0.0,0
1596159887.1830971,279.00123596191406,0.0,0
1596159887.193097,280.8001184463501,0.0,0
1596159887.203097,282.60037422180176,0.0,0
1596159887.213097,284.40290451049805,0.0,0
1596159887.223097,286.2029027938843,0.0,0
1596159887.233097,288.00114154815674,0.0,0
1596159887.243097,289.80144023895264,0.0,0
1596159887.253097,291.6030693054199,0.0,0
1596159887.263097,293.4001922607422,0.0,0
1596159887.273097,295.20122051239014,0.0,0
1596159887.283097,297.00207710266113,0.0,0
1596159887.293097,298.8018608093262,0.0,0
1596159887.303097,300.60070037841797,0.0,0
1596159887.313097,302.4008274078369,0.0,0
1596159887.323097,304.2025852203369,0.0,0
1596159887.333097,305.9997510910034,0.0,0
1596159887.343097,307.8029680252075,0.0,0
1596159887.353097,309.6005630493164,0.0,0
1596159887.363097,311.4003896713257,0.0,0
1596159887.373097,313.20167541503906,0.0,0
1596159887.383097,315.00128746032715,0.0,0
1596159887.393097,316.8002986907959,0.0,0
1596159887.403097,318.60244274139404,0.0,0
1596159887.413097,320.4011535644531,0.0,0
1596159887.423097,322.1997356414795,0.0,0
1596159887.433097,324.0003776550293,0.0,0
1596159887.4430969,325.80252170562744,0.0,0
1596159887.4530969,327.601318359375,0.0,0
1596159887.4630969,329.4023036956787,0.0,0
1596159887.4730968,331.20298862457275,0.0,0
1596159887.4830968,332.9997253417969,0.0,0
1596159887.4930968,334.8029851913452,0.0,0
1596159887.5030968,336.60006523132324,0.0,0
1596159887.5130968,338.4022092819214,0.0,0
1596159887.5230968,340.2025079727173,0.0,0
1596159887.5330968,342.00074672698975,0.0,0
1596159887.5430968,343.80117416381836,0.0,0
1596159887.5530968,345.6010437011719,0.0,0
1596159887.5630968,347.40095615386963,0.0,0
1596159887.5730968,349.1998815536499,0.0,0
1596159887.5830967,351.0029697418213,0.0,0
1596159887.5930967,352.8015947341919,0.0,0
1596159887.6030967,354.6018934249878,0.0,0
1596159887.6130967,356.40202045440674,0.0,0
1596159887.6230967,358.20231914520264,0.0,0
1596159887.6330967,359.99969959259033,0.0,0
1596159887.6331186,360,0.0,1
1596159887.6331186,0,0,0
1596159887.6431186,1.8015861511230469,0,0
1596159887.6531186,3.6004257202148438,0,0
1596159887.6631186,5.401196479797363,0,0
1596159887.6731186,7.202868461608887,0,0
1596159887.6831186,9.002223014831543,0,0
1596159887.6931186,10.802993774414062,0,0
1596159887.7031186,12.602992057800293,0,0
1596159887.7131186,14.40157413482666,0,0
1596159887.7231185,16.2033748626709,0,0
1596159887.7331185,18.003158569335938,0,0
1596159887.7431185,19.802298545837402,0,0
1596159887.7531185,21.601781845092773,0,0
1596159887.7631185,23.400750160217285,0,0
1596159887.7731185,25.200276374816895,0,0
1596159887.7831185,27.002720832824707,0,0
1596159887.7931185,28.801774978637695,0,0
1596159887.8031185,30.600571632385254,0,0
1596159887.8131185,32.4012565612793,0,0
1596159887.8231184,34.201340675354004,0,0
1596159887.8331184,36.00236892700195,0,0
1596159887.8431184,37.801551818847656,0,0
1596159887.8531184,39.60197925567627,0,0
1596159887.8631184,41.40047550201416,0,0
1596159887.8731184,43.2031774520874,0,0
1596159887.8831184,45.00072956085205,0,0
1596159887.8931184,46.8023157119751,0,0
1596159887.9031184,48.60154151916504,0,0
1596159887.9131184,50.403170585632324,0,0
1596159887.9231184,52.20304012298584,0,0
1596159887.9331183,54.00226593017578,0,0
1596159887.9431183,55.802650451660156,0,0
1596159887.9531183,57.60149002075195,0,0
1596159887.9631183,59.401187896728516,0,0
1596159887.9731183,61.20114326477051,0,0
1596159887.9831183,63.00230026245117,0,0
1596159887.9931183,64.8031997680664,0,0
1596159888.0031183,66.60319805145264,0,0
1596159888.0131183,68.40293884277344,0,0
1596159888.0231183,70.20306587219238,0,0
1596159888.0331182,72.00010299682617,0,0
1596159888.0431182,73.80289077758789,0,0
1596159888.0531182,75.60142993927002,0,0
1596159888.0631182,77.40117073059082,0,0
1596159888.0701342,78.66279602050781,0,0
1596159888.0701342,78.66279602050781,0.0,0
1596159888.0731182,79.20056819915771,0.0,0
1596159888.0831182,81.00069522857666,0.0,0
1596159888.0931182,82.80236721038818,0.0,0
1596159888.1031182,84.60292339324951,0.0,0
1596159888.1131182,86.40275001525879,0.0,0
1596159888.1231182,88.20030212402344,0.0,0
1596159888.1331182,90.00205993652344,0.0,0
1596159888.1431181,91.80253028869629,0.0,0
1596159888.1531181,93.60312938690186,0.0,0
1596159888.1631181,95.40081024169922,0.0,0
1596159888.173118,97.20183849334717,0.0,0
1596159888.183118,99.00192260742188,0.0,0
1596159888.193118,100.80166339874268,0.0,0
1596159888.203118,102.60071754455566,0.0,0
1596159888.213118,104.403076171875,0.0,0
1596159888.223118,106.20037078857422,0.0,0
1596159888.233118,108.00135612487793,0.0,0
1596159888.243118,109.80135440826416,0.0,0
1596159888.253118,111.60135269165039,0.0,0
1596159888.263118,113.40302467346191,0.0,0
1596159888.273118,115.20169258117676,0.0,0
1596159888.283118,116.99993133544922,0.0,0
1596159888.293118,118.8021183013916,0.0,0
1596159888.303118,120.60318946838379,0.0,0
1596159888.313118,122.40224361419678,0.0,0
1596159888.323118,124.20005321502686,0.0,0
1596159888.333118,126.00266933441162,0.0,0
1596159888.343118,127.80245304107666,0.0,0
1596159888.353118,129.60309505462646,0.0,0
1596159888.363118,131.39991760253906,0.0,0
1596159888.373118,133.20313453674316,0.0,0
1596159888.383118,135.00287532806396,0.0,0
1596159888.393118,136.80162906646729,0.0,0
1596159888.403118,138.60141277313232,0.0,0
1596159888.413118,140.40132522583008,0.0,0
1596159888.4231179,142.20308303833008,0.0,0
1596159888.4331179,144.00325298309326,0.0,0
1596159888.4431179,145.80153465270996,0.0,0
1596159888.4531178,147.60015964508057,0.0,0
1596159888.4631178,149.40067291259766,0.0,0
1596159888.4731178,151.20187282562256,0.0,0
1596159888.4831178,153.00152778625488,0.0,0
1596159888.4931178,154.8030710220337,0.0,0
1596159888.5031178,156.60173892974854,0.0,0
1596159888.5131178,158.4012222290039,0.0,0
1596159888.5231178,160.20044803619385,0.0,0
1596159888.5331178,162.00164794921875,0.0,0
1596159888.5431178,163.80138874053955,0.0,0
1596159888.5531178,165.6001853942871,0.0,0
1596159888.5631177,167.40022659301758,0.0,0
1596159888.5731177,169.20069694519043,0.0,0
1596159888.5831177,171.0025405883789,0.0,0
1596159888.5931177,172.80090808868408,0.0,0
1596159888.6031177,174.60060596466064,0.0,0
1596159888.6131177,176.40081882476807,0.0,0
1596159888.6231177,178.2024908065796,0.0,0
1596159888.6331177,180.0002145767212,0.0,0
1596159888.6431177,181.80278778076172,0.0,0
1596159888.6531177,183.60154151916504,0.0,0
1596159888.6631176,185.4030418395996,0.0,0
1596159888.6731176,187.20110893249512,0.0,0
1596159888.6831176,189.0026092529297,0.0,0
1596159888.6931176,190.80016136169434,0.0,0
1596159888.7031176,192.60247707366943,0.0,0
1596159888.7131176,194.40157413482666,0.0,0
1596159888.7231176,196.20243072509766,0.0,0
1596159888.7331176,198.0008840560913,0.0,0
1596159888.7431176,199.80165481567383,0.0,0
1596159888.7531176,201.6011381149292,0.0,0
1596159888.7631176,203.40105056762695,0.0,0
1596159888.7731175,205.20302295684814,0.0,0
1596159888.7831175,207.00267791748047,0.0,0
1596159888.7931175,208.80284786224365,0.0,0
1596159888.8031175,210.6029748916626,0.0,0
1596159888.8131175,212.4025011062622,0.0,0
1596159888.8231175,214.20086860656738,0.0,0
1596159888.8331175,216.00206851959229,0.0,0
1596159888.8431175,217.80107975006104,0.0,0
1596159888.8531175,219.60185050964355,0.0,0
1596159888.8631175,221.40047550201416,0.0,0
1596159888.8731174,223.20279121398926,0.0,0
1596159888.8831174,225.00261783599854,0.0,0
1596159888.8931174,226.80171489715576,0.0,0
1596159888.9031174,228.60124111175537,0.0,0
1596159888.9131174,230.40226936340332,0.0,0
1596159888.9231174,232.2013235092163,0.0,0
1596159888.9331174,234.00110721588135,0.0,0
1596159888.9431174,235.80204963684082,0.0,0
1596159888.9531174,237.600417137146,0.0,0
1596159888.9631174,239.40131664276123,0.0,0
1596159888.9731174,241.2001132965088,0.0,0
1596159888.9831173,243.00174236297607,0.0,0
1596159888.9931173,244.80242729187012,0.0,0
1596159889.0027554,246.53461933135986,0.0,0
1596159889.0027554,246.53461933135986,0.0,0
1596159889.0031173,246.60143852233887,0.0,0
1596159889.0131173,248.40182304382324,0.0,0
1596159889.0231173,250.20293712615967,0.0,0
1596159889.0331173,252.0001459121704,0.0,0
1596159889.0431173,253.80108833312988,0.0,0
1596159889.0531173,255.6013011932373,0.0,0
1596159889.0631173,257.40275859832764,0.0,0
1596159889.0731173,259.2030143737793,0.0,0
1596159889.0831172,261.0028409957886,0.0,0
1596159889.0931172,262.80052185058594,0.0,0
1596159889.1031172,264.6028804779053,0.0,0
1596159889.1131172,266.4015054702759,0.0,0
1596159889.1231172,268.2021903991699,0.0,0
1596159889.1331172,270.00171661376953,0.0,0
1596159889.1431172,271.8004274368286,0.0,0
1596159889.1531172,273.6030864715576,0.0,0
1596159889.1631172,275.400595664978,0.0,0
1596159889.1731172,277.2017526626587,0.0,0
1596159889.1831172,278.99977684020996,0.0,0
1596159889.1931171,280.8009338378906,0.0,0
1596159889.2031171,282.60101795196533,0.0,0
1596159889.2131171,284.4009304046631,0.0,0
1596159889.223117,286.2014865875244,0.0,0
1596159889.233117,288.00225734710693,0.0,0
1596159889.243117,289.8029851913452,0.0,0
1596159889.253117,291.60075187683105,0.0,0
1596159889.263117,293.40216636657715,0.0,0
1596159889.273117,295.2004051208496,0.0,0
1596159889.283117,297.0001029968262,0.0,0
1596159889.293117,298.8012170791626,0.0,0
1596159889.303117,300.6009578704834,0.0,0
1596159889.313117,302.4027156829834,0.0,0
1596159889.323117,304.20061111450195,0.0,0
1596159889.333117,306.00048065185547,0.0,0
1596159889.343117,307.7997922897339,0.0,0
1596159889.353117,309.60193634033203,0.0,0
1596159889.363117,311.402063369751,0.0,0
1596159889.373117,313.20000171661377,0.0,0
1596159889.383117,315.0015449523926,0.0,0
1596159889.393117,316.79999828338623,0.0,0
1596159889.403117,318.6022710800171,0.0,0
1596159889.413117,320.40008068084717,0.0,0
1596159889.423117,322.20080852508545,0.0,0
1596159889.433117,324.0002489089966,0.0,0
1596159889.443117,325.79994678497314,0.0,0
1596159889.453117,327.6029920578003,0.0,0
1596159889.463117,329.40011501312256,0.0,0
1596159889.4731169,331.20028495788574,0.0,0
1596159889.4831169,332.99993991851807,0.0,0
1596159889.4931169,334.80135440826416,0.0,0
1596159889.5031168,336.60006523132324,0.0,0
1596159889.5131168,338.4003210067749,0.0,0
1596159889.5231168,340.2007055282593,0.0,0
1596159889.5331168,342.0012617111206,0.0,0
1596159889.5431168,343.8003158569336,0.0,0
1596159889.5531168,345.6018590927124,0.0,0
1596159889.5631168,347.4014711380005,0.0,0
1596159889.5731168,349.2012548446655,0.0,0
1596159889.5831168,351.00258350372314,0.0,0
1596159889.5931168,352.80155181884766,0.0,0
1596159889.6031168,354.60129261016846,0.0,0
1596159889.6131167,356.4013338088989,0.0,0
1596159889.6231167,358.2012462615967,0.0,0
1596159889.6331234,360,0.0,1
1596159889.6331234,0,0,0
1596159889.6431234,1.8002128601074219,0,0
1596159889.6531234,3.600039482116699,0,0
1596159889.6631234,5.401153564453125,0,0
1596159889.6731234,7.202739715576172,0,0
1596159889.6831234,9.001321792602539,0,0
1596159889.6931233,10.802521705627441,0,0
1596159889.7031233,12.600116729736328,0,0
1596159889.7131233,14.402432441711426,0,0
1596159889.7231233,16.201958656311035,0,0
1596159889.7331233,18.000755310058594,0,0
1596159889.7431233,19.800710678100586,0,0
1596159889.7531233,21.600022315979004,0,0
1596159889.7631233,23.403239250183105,0,0
1596159889.7731233,25.202808380126953,0,0
1596159889.7831233,27.002034187316895,0,0
1596159889.7931232,28.801002502441406,0,0
1596159889.8031232,30.60263156890869,0,0
1596159889.8131232,32.40224361419678,0,0
1596159889.8231232,34.20168399810791,0,0
1596159889.8331232,36.002583503723145,0,0
1596159889.8431232,37.802066802978516,0,0
1596159889.8531232,39.603095054626465,0,0
1596159889.8631232,41.400089263916016,0,0
1596159889.8731232,43.200602531433105,0,0
1596159889.8831232,45.003132820129395,0,0
1596159889.8931231,46.80055618286133,0,0
1596159889.9031231,48.602399826049805,0,0
1596159889.9131231,50.400638580322266,0,0
1596159889.9231231,52.20170974731445,0,0
1596159889.933123,54.00033473968506,0,0
1596159889.943123,55.80299377441406,0,0
1596159889.953123,57.60110378265381,0,0
1596159889.963123,59.402947425842285,0,0
1596159889.973123,61.20028495788574,0,0
1596159889.983123,63.00105571746826,0,0
1596159889.993123,64.80238437652588,0,0
1596159890.003123,66.60088062286377,0,0
1596159890.013123,68.40066432952881,0,0
1596159890.023123,70.20242214202881,0,0
1596159890.033123,72.00314998626709,0,0
1596159890.043123,73.80271911621094,0,0
1596159890.053123,75.59997081756592,0,0
1596159890.063123,77.40044116973877,0,0
1596159890.0703702,78.70442390441895,0,0
1596159890.0703702,78.70442390441895,0.0,0
1596159890.073123,79.20056819915771,0.0,0
1596159890.083123,81.00138187408447,0.0,0
1596159890.093123,82.80258178710938,0.0,0
1596159890.103123,84.60185050964355,0.0,0
1596159890.113123,86.40073299407959,0.0,0
1596159890.123123,88.20158958435059,0.0,0
1596159890.133123,90.00184535980225,0.0,0
1596159890.143123,91.80180072784424,0.0,0
1596159890.153123,93.6031723022461,0.0,0
1596159890.163123,95.40252685546875,0.0,0
1596159890.173123,97.20308303833008,0.0,0
1596159890.1831229,99.0023946762085,0.0,0
1596159890.1931229,100.80307960510254,0.0,0
1596159890.2031229,102.6009750366211,0.0,0
1596159890.2131228,104.40187454223633,0.0,0
1596159890.2231228,106.20165824890137,0.0,0
1596159890.2331228,107.9999828338623,0.0,0
1596159890.2431228,109.80096817016602,0.0,0
1596159890.2531228,111.60010814666748,0.0,0
1596159890.2631228,113.40169429779053,0.0,0
1596159890.2731228,115.20083427429199,0.0,0
1596159890.2831228,117.00220584869385,0.0,0
1596159890.2931228,118.8012170791626,0.0,0
1596159890.3031228,120.60263156890869,0.0,0
1596159890.3131227,122.40185737609863,0.0,0
1596159890.3231227,124.20262813568115,0.0,0
1596159890.3331227,126.00142478942871,0.0,0
1596159890.3431227,127.80069351196289,0.0,0
1596159890.3531227,129.6004343032837,0.0,0
1596159890.3631227,131.4006471633911,0.0,0
1596159890.3731227,133.2013750076294,0.0,0
1596159890.3831227,135.001802444458,0.0,0
1596159890.3931227,136.80235862731934,0.0,0
1596159890.4031227,138.60248565673828,0.0,0
1596159890.4131227,140.4012393951416,0.0,0
1596159890.4231226,142.20012187957764,0.0,0
1596159890.4331226,144.0027379989624,0.0,0
1596159890.4431226,145.8002471923828,0.0,0
1596159890.4531226,147.60033130645752,0.0,0
1596159890.4631226,149.40032958984375,0.0,0
1596159890.4731226,151.20273113250732,0.0,0
1596159890.4831226,153.00315856933594,0.0,0
1596159890.4931226,154.80255603790283,0.0,0
1596159890.5031226,156.6014814376831,0.0,0
1596159890.5131226,158.4001922607422,0.0,0
1596159890.5231225,160.20010471343994,0.0,0
1596159890.5331225,162.0029354095459,0.0,0
1596159890.5431225,163.80147457122803,0.0,0
1596159890.5531225,165.60100078582764,0.0,0
1596159890.5631225,167.40224361419678,0.0,0
1596159890.5731225,169.19992446899414,0.0,0
1596159890.5831225,171.00013732910156,0.0,0
1596159890.5931225,172.80232429504395,0.0,0
1596159890.6031225,174.60017681121826,0.0,0
1596159890.6131225,176.40184879302979,0.0,0
1596159890.6231225,178.20180416107178,0.0,0
1596159890.6331224,180.0022315979004,0.0,0
1596159890.6431224,181.80317401885986,0.0,0
1596159890.6531224,183.60162734985352,0.0,0
1596159890.6631224,185.4004669189453,0.0,0
1596159890.6731224,187.20256805419922,0.0,0
1596159890.6831224,189.0016222000122,0.0,0
1596159890.6931224,190.80166339874268,0.0,0
1596159890.7031224,192.60286331176758,0.0,0
1596159890.7131224,194.40058708190918,0.0,0
1596159890.7231224,196.20298862457275,0.0,0
1596159890.7331223,198.0013132095337,0.0,0
1596159890.7431223,199.8019552230835,0.0,0
1596159890.7531223,201.60173892974854,0.0,0
1596159890.7631223,203.39989185333252,0.0,0
1596159890.7731223,205.2028512954712,0.0,0
1596159890.7831223,207.00143337249756,0.0,0
1596159890.7931223,208.80186080932617,0.0,0
1596159890.8031223,210.60052871704102,0.0,0
1596159890.8131223,212.40241527557373,0.0,0
1596159890.8231223,214.200439453125,0.0,0
1596159890.8331223,216.00000858306885,0.0,0
1596159890.8431222,217.80253887176514,0.0,0
1596159890.8531222,219.60283756256104,0.0,0
1596159890.8631222,221.40124797821045,0.0,0
1596159890.8731222,223.20146083831787,0.0,0
1596159890.8831222,224.99995708465576,0.0,0
1596159890.8931222,226.80180072784424,0.0,0
1596159890.9031222,228.60068321228027,0.0,0
1596159890.9131222,230.4021406173706,0.0,0
1596159890.9231222,232.20235347747803,0.0,0
1596159890.9331222,234.00132179260254,0.0,0
1596159890.9431221,235.80162048339844,0.0,0
1596159890.9531221,237.60230541229248,0.0,0
1596159890.9631221,239.40178871154785,0.0,0
1596159890.9731221,241.20037078857422,0.0,0
1596159890.983122,243.00058364868164,0.0,0
1596159890.993122,244.8021697998047,0.0,0
1596159891.002982,246.57453060150146,0.0,0
1596159891.002982,246.57453060150146,0.0,0
1596159891.003122,246.60306930541992,0.0,0
1596159891.013122,248.4012222290039,0.0,0
1596159891.023122,250.20014762878418,0.0,0
1596159891.033122,252.00233459472656,0.0,0
1596159891.043122,253.80306243896484,0.0,0
1596159891.053122,255.60087203979492,0.0,0
1596159891.063122,257.39975452423096,0.0,0
1596159891.073122,259.2018127441406,0.0,0
1596159891.083122,261.00236892700195,0.0,0
1596159891.093122,262.7998352050781,0.0,0
1596159891.103122,264.6015930175781,0.0,0
1596159891.113122,266.4014196395874,0.0,0
1596159891.123122,268.20300579071045,0.0,0
1596159891.133122,270.00038623809814,0.0,0
1596159891.143122,271.8024444580078,0.0,0
1596159891.153122,273.6013698577881,0.0,0
1596159891.163122,275.4011106491089,0.0,0
1596159891.173122,277.19982147216797,0.0,0
1596159891.183122,279.00033473968506,0.0,0
1596159891.193122,280.8003759384155,0.0,0
1596159891.203122,282.60003089904785,0.0,0
1596159891.213122,284.4026470184326,0.0,0
1596159891.223122,286.202130317688,0.0,0
1596159891.2331219,288.0005407333374,0.0,0
1596159891.2431219,289.80255603790283,0.0,0
1596159891.2531219,291.6015672683716,0.0,0
1596159891.2631218,293.40216636657715,0.0,0
1596159891.2731218,295.2018213272095,0.0,0
1596159891.2831218,297.0009183883667,0.0,0
1596159891.2931218,298.80216121673584,0.0,0
1596159891.3031218,300.60293197631836,0.0,0
1596159891.3131218,302.39975452423096,0.0,0
1596159891.3231218,304.2016410827637,0.0,0
1596159891.3331218,306.0014247894287,0.0,0
1596159891.3431218,307.8006076812744,0.0,0
1596159891.3531218,309.60107803344727,0.0,0
1596159891.3631217,311.3997459411621,0.0,0
1596159891.3731217,313.2029628753662,0.0,0
1596159891.3831217,315.0023603439331,0.0,0
1596159891.3931217,316.8002986907959,0.0,0
1596159891.4031217,318.60300064086914,0.0,0
1596159891.4131217,320.40149688720703,0.0,0
1596159891.4231217,322.19982147216797,0.0,0
1596159891.4331217,324.0026521682739,0.0,0
1596159891.4431217,325.80286502838135,0.0,0
1596159891.4531217,327.60226249694824,0.0,0
1596159891.4631217,329.40011501312256,0.0,0
1596159891.4731216,331.20007038116455,0.0,0
1596159891.4831216,333.0023002624512,0.0,0
1596159891.4931216,334.80234146118164,0.0,0
1596159891.5031216,336.60229682922363,0.0,0
1596159891.5131216,338.3998489379883,0.0,0
1596159891.5231216,340.20134925842285,0.0,0
1596159891.5331216,342.00289249420166,0.0,0
1596159891.5431216,343.8019895553589,0.0,0
1596159891.5531216,345.60100078582764,0.0,0
1596159891.5631216,347.40074157714844,0.0,0
1596159891.5731215,349.1997957229614,0.0,0
1596159891.5831215,351.0020685195923,0.0,0
1596159891.5931215,352.80279636383057,0.0,0
1596159891.6031215,354.60082054138184,0.0,0
1596159891.6131215,356.3998317718506,0.0,0
1596159891.6231215,358.20086002349854,0.0,0
1596159891.6331341,360,0.0,1
1596159891.6331341,0,0,0
1596159891.643134,1.802229881286621,0,0
1596159891.653134,3.6022281646728516,0,0
1596159891.663134,5.400638580322266,0,0
1596159891.673134,7.203340530395508,0,0
1596159891.683134,9.000592231750488,0,0
1596159891.693134,10.802693367004395,0,0
1596159891.703134,12.600245475769043,0,0
1596159891.713134,14.401359558105469,0,0
1596159891.723134,16.201786994934082,0,0
1596159891.733134,18.001956939697266,0,0
1596159891.743134,19.800753593444824,0,0
1596159891.753134,21.601009368896484,0,0
1596159891.763134,23.402724266052246,0,0
1596159891.773134,25.20014762878418,0,0
1596159891.783134,27.000317573547363,0,0
1596159891.793134,28.802719116210938,0,0
1596159891.803134,30.603103637695312,0,0
1596159891.813134,32.402029037475586,0,0
1596159891.823134,34.20001029968262,0,0
1596159891.833134,36.00086688995361,0,0
1596159891.843134,37.80198097229004,0,0
1596159891.853134,39.60193634033203,0,0
1596159891.863134,41.40275001525879,0,0
1596159891.873134,43.20300579071045,0,0
1596159891.883134,45.000600814819336,0,0
1596159891.8931339,46.80055618286133,0,0
1596159891.9031339,48.60072612762451,0,0
1596159891.9131339,50.40329933166504,0,0
1596159891.9231339,52.20003604888916,0,0
1596159891.9331338,54.00076389312744,0,0
1596159891.9431338,55.800676345825195,0,0
1596159891.9531338,57.601447105407715,0,0
1596159891.9631338,59.402947425842285,0,0
1596159891.9731338,61.20290279388428,0,0
1596159891.9831338,63.003201484680176,0,0
1596159891.9931338,64.80165481567383,0,0
1596159892.0031338,66.60006523132324,0,0
1596159892.0131338,68.4005355834961,0,0
1596159892.0231338,70.20285129547119,0,0
1596159892.0331337,72.00151920318604,0,0
1596159892.0431337,73.80134582519531,0,0
1596159892.0531337,75.60310363769531,0,0
1596159892.0631337,77.40185737609863,0,0
1596159892.070597,78.74330520629883,0,0
1596159892.070597,78.74330520629883,0.0,0
1596159892.0731337,79.20001029968262,0.0,0
1596159892.0831337,81.00258350372314,0.0,0
1596159892.0931337,82.80206680297852,0.0,0
1596159892.1031337,84.60236549377441,0.0,0
1596159892.1131337,86.40038967132568,0.0,0
1596159892.1231337,88.20313453674316,0.0,0
1596159892.1331336,90.0003433227539,0.0,0
1596159892.1431336,91.80244445800781,0.0,0
1596159892.1531336,93.60214233398438,0.0,0
1596159892.1631336,95.40239810943604,0.0,0
1596159892.1731336,97.20110893249512,0.0,0
1596159892.1831336,99.00106430053711,0.0,0
1596159892.1931336,100.8006763458252,0.0,0
1596159892.2031336,102.60294914245605,0.0,0
1596159892.2131336,104.4007158279419,0.0,0
1596159892.2231336,106.20140075683594,0.0,0
1596159892.2331336,108.00247192382812,0.0,0
1596159892.2431335,109.80247020721436,0.0,0
1596159892.2531335,111.6022539138794,0.0,0
1596159892.2631335,113.40092182159424,0.0,0
1596159892.2731335,115.20092010498047,0.0,0
1596159892.2831335,116.99997425079346,0.0,0
1596159892.2931335,118.80293369293213,0.0,0
1596159892.3031335,120.60142993927002,0.0,0
1596159892.3131335,122.40147113800049,0.0,0
1596159892.3231335,124.20172691345215,0.0,0
1596159892.3331335,126.00327014923096,0.0,0
1596159892.3431334,127.8013801574707,0.0,0
1596159892.3531334,129.60034847259521,0.0,0
1596159892.3631334,131.40133380889893,0.0,0
1596159892.3731334,133.20274829864502,0.0,0
1596159892.3831334,134.99991416931152,0.0,0
1596159892.3931334,136.80222988128662,0.0,0
1596159892.4031334,138.60209941864014,0.0,0
1596159892.4131334,140.39986610412598,0.0,0
1596159892.4231334,142.2009801864624,0.0,0
1596159892.4331334,144.00192260742188,0.0,0
1596159892.4431334,145.8008909225464,0.0,0
1596159892.4531333,147.60011672973633,0.0,0
1596159892.4631333,149.40256118774414,0.0,0
1596159892.4731333,151.2015724182129,0.0,0
1596159892.4831333,153.00281524658203,0.0,0
1596159892.4931333,154.80053901672363,0.0,0
1596159892.5031333,156.60096645355225,0.0,0
1596159892.5131333,158.401780128479,0.0,0
1596159892.5231333,160.20104885101318,0.0,0
1596159892.5331333,162.00289249420166,0.0,0
1596159892.5431333,163.8003158569336,0.0,0
1596159892.5531332,165.60087203979492,0.0,0
1596159892.5631332,167.4019432067871,0.0,0
1596159892.5731332,169.20125484466553,0.0,0
1596159892.5831332,171.0024118423462,0.0,0
1596159892.5931332,172.8028392791748,0.0,0
1596159892.6031332,174.6023654937744,0.0,0
1596159892.6131332,176.4026641845703,0.0,0
1596159892.6231332,178.20214748382568,0.0,0
1596159892.6331332,180.00244617462158,0.0,0
1596159892.6431332,181.79999828338623,0.0,0
1596159892.6531332,183.60012531280518,0.0,0
1596159892.6631331,185.4030418395996,0.0,0
1596159892.6731331,187.20162391662598,0.0,0
1596159892.6831331,189.0000343322754,0.0,0
1596159892.693133,190.80003261566162,0.0,0
1596159892.703133,192.60136127471924,0.0,0
1596159892.713133,194.40131664276123,0.0,0
1596159892.723133,196.20195865631104,0.0,0
1596159892.733133,198.0027723312378,0.0,0
1596159892.743133,199.80298519134521,0.0,0
1596159892.753133,201.6024684906006,0.0,0
1596159892.763133,203.4001064300537,0.0,0
1596159892.773133,205.20212173461914,0.0,0
1596159892.783133,207.00207710266113,0.0,0
1596159892.793133,208.80203247070312,0.0,0
1596159892.803133,210.60228824615479,0.0,0
1596159892.813133,212.3997974395752,0.0,0
1596159892.823133,214.20039653778076,0.0,0
1596159892.833133,216.00030899047852,0.0,0
1596159892.843133,217.802152633667,0.0,0
1596159892.853133,219.6024513244629,0.0,0
1596159892.863133,221.40257835388184,0.0,0
1596159892.873133,223.1999158859253,0.0,0
1596159892.883133,225.00085830688477,0.0,0
1596159892.893133,226.80055618286133,0.0,0
1596159892.903133,228.6012840270996,0.0,0
1596159892.913133,230.39995193481445,0.0,0
1596159892.923133,232.20316886901855,0.0,0
1596159892.933133,234.0010643005371,0.0,0
1596159892.9431329,235.80029010772705,0.0,0
1596159892.9531329,237.60011672973633,0.0,0
1596159892.9631329,239.40075874328613,0.0,0
1596159892.9731328,241.20217323303223,0.0,0
1596159892.9831328,243.00307273864746,0.0,0
1596159892.9931328,244.80131149291992,0.0,0
1596159893.0031328,246.6024684906006,0.0,0
1596159893.0032086,246.61341190338135,0.0,0
1596159893.0032086,246.61341190338135,0.0,0
1596159893.0131328,248.4012222290039,0.0,0
1596159893.0231328,250.1998472213745,0.0,0
1596159893.0331328,251.99988842010498,0.0,0
1596159893.0431328,253.80310535430908,0.0,0
1596159893.0531328,255.60022830963135,0.0,0
1596159893.0631328,257.4000120162964,0.0,0
1596159893.0731328,259.2007827758789,0.0,0
1596159893.0831327,261.0012102127075,0.0,0
1596159893.0931327,262.8023672103882,0.0,0
1596159893.1031327,264.6005630493164,0.0,0
1596159893.1131327,266.40056133270264,0.0,0
1596159893.1231327,268.20176124572754,0.0,0
1596159893.1331327,270.0019311904907,0.0,0
1596159893.1431327,271.8018436431885,0.0,0
1596159893.1531327,273.60209941864014,0.0,0
1596159893.1631327,275.40141105651855,0.0,0
1596159893.1731327,277.2017526626587,0.0,0
1596159893.1831326,279.0016222000122,0.0,0
1596159893.1931326,280.8007621765137,0.0,0
1596159893.2031326,282.60239124298096,0.0,0
1596159893.2131326,284.40032958984375,0.0,0
1596159893.2231326,286.2014865875244,0.0,0
1596159893.2331326,287.9998540878296,0.0,0
1596159893.2431326,289.8022127151489,0.0,0
1596159893.2531326,291.60040855407715,0.0,0
1596159893.2631326,293.40147972106934,0.0,0
1596159893.2731326,295.2010917663574,0.0,0
1596159893.2831326,297.0020341873169,0.0,0
1596159893.2931325,298.8017749786377,0.0,0
1596159893.3031325,300.6027603149414,0.0,0
1596159893.3131325,302.4027156829834,0.0,0
1596159893.3231325,304.2019844055176,0.0,0
1596159893.3331325,306.00103855133057,0.0,0
1596159893.3431325,307.80099391937256,0.0,0
1596159893.3531325,309.59983348846436,0.0,0
1596159893.3631325,311.40249252319336,0.0,0
1596159893.3731325,313.2016324996948,0.0,0
1596159893.3831325,315.0015449523926,0.0,0
1596159893.3931324,316.8018865585327,0.0,0
1596159893.4031324,318.601713180542,0.0,0
1596159893.4131324,320.40209770202637,0.0,0
1596159893.4231324,322.2011089324951,0.0,0
1596159893.4331324,324.002480506897,0.0,0
1596159893.4431324,325.8011054992676,0.0,0
1596159893.4531324,327.6002025604248,0.0,0
1596159893.4631324,329.4023895263672,0.0,0
1596159893.4731324,331.2002420425415,0.0,0
1596159893.4831324,333.00058364868164,0.0,0
1596159893.4931324,334.8022985458374,0.0,0
1596159893.5031323,336.59972190856934,0.0,0
1596159893.5131323,338.4012222290039,0.0,0
1596159893.5231323,340.2019929885864,0.0,0
1596159893.5331323,342.0003604888916,0.0,0
1596159893.5431323,343.7997579574585,0.0,0
1596159893.5531323,345.6003999710083,0.0,0
1596159893.5631323,347.402286529541,0.0,0
1596159893.5731323,349.20262813568115,0.0,0
1596159893.5831323,351.0009527206421,0.0,0
1596159893.5931323,352.8000497817993,0.0,0
1596159893.6031322,354.603009223938,0.0,0
1596159893.6131322,356.40034675598145,0.0,0
1596159893.6231322,358.20030212402344,0.0,0
1596159893.6331477,360,0.0,1
1596159893.6331477,0,0,0
1596159893.6431477,1.8012428283691406,0,0
1596159893.6531477,3.603386878967285,0,0
1596159893.6631477,5.402870178222656,0,0
1596159893.6731477,7.200980186462402,0,0
1596159893.6831477,9.001965522766113,0,0
1596159893.6931477,10.803251266479492,0,0
1596159893.7031476,12.602005004882812,0,0
1596159893.7131476,14.399986267089844,0,0
1596159893.7231476,16.20213031768799,0,0
1596159893.7331476,18.002171516418457,0,0
1596159893.7431476,19.799981117248535,0,0
1596159893.7531476,21.602811813354492,0,0
1596159893.7631476,23.401050567626953,0,0
1596159893.7731476,25.20066261291504,0,0
1596159893.7831476,27.002334594726562,0,0
1596159893.7931476,28.801560401916504,0,0
1596159893.8031476,30.60245990753174,0,0
1596159893.8131475,32.40022659301758,0,0
1596159893.8231475,34.20164108276367,0,0
1596159893.8331475,36.00262641906738,0,0
1596159893.8431475,37.80099391937256,0,0
1596159893.8531475,39.60176467895508,0,0
1596159893.8631475,41.40219211578369,0,0
1596159893.8731475,43.20197582244873,0,0
1596159893.8831475,45.001630783081055,0,0
1596159893.8931475,46.80317401885986,0,0
1596159893.9031475,48.601927757263184,0,0
1596159893.9131474,50.40282726287842,0,0
1596159893.9231474,52.2029972076416,0,0
1596159893.9331474,54.0003776550293,0,0
1596159893.9431474,55.80132007598877,0,0
1596159893.9531474,57.60264873504639,0,0
1596159893.9631474,59.40264701843262,0,0
1596159893.9731474,61.2007999420166,0,0
1596159893.9831474,63.002986907958984,0,0
1596159893.9931474,64.80071067810059,0,0
