Timestamp,Phase,Offset,Ping?
1595620404.0001032,59.999939999999995,0,0
1595620404.0101316,61.80255611938476,0.333333,0
1595620404.020134,63.602983556213374,0.333333,0
1595620404.0301204,65.40053566497802,0.333333,0
1595620404.0401263,67.20160683197021,0.333333,0
1595620404.050133,69.00280674499511,0.333333,0
1595620404.0601172,70.79997261566162,0.333333,0
1595620404.0701282,72.60194500488281,0.333333,0
1595620404.0801258,74.40151413482666,0.333333,0
1595620404.0901296,76.2021990637207,0.333333,0
1595620404.1001284,78.00198277038574,0.333333,0
1595620404.110132,79.80262478393554,0.333333,0
1595620404.1201231,81.60103519958496,0.333333,0
1595620404.1301193,83.40034683746337,0.333333,0
1595620404.1401312,85.20249088806152,0.333333,0
1595620404.150128,87.00188835662841,0.333333,0
1595620404.1601174,88.79999836486816,0.333333,0
1595620404.1701307,90.60239990753173,0.333333,0
1595620404.1801257,92.40149696868896,0.333333,0
1595620404.1901271,94.20175274414062,0.333333,0
1595620404.2001243,96.00123604339599,0.333333,0
1595620404.2101266,97.8016634802246,0.333333,0
1595620404.220135,99.60316380065917,0.333333,0
1595620404.2301242,101.40123089355468,0.333333,0
1595620404.240133,103.20281704467773,0.333333,0
1595620404.250134,105.00298698944091,0.333333,0
1595620404.2601278,106.80186947387695,0.333333,0
1595620404.2701209,108.60062321228027,0.333333,0
1595620404.2801268,110.40169437927246,0.333333,0
1595620404.2901294,112.20216473144531,0.333333,0
1595620404.30012,114.00048931640625,0.333333,0
1595620404.310118,115.80010136169433,0.333333,0
1595620404.320132,117.60263165039062,0.333333,0
1595620404.330133,119.4028015951538,0.333333,0
1595620404.3401198,121.20043953460693,0.333333,0
1595620404.350132,123.00262650054931,0.333333,0
1595620404.3533504,123.58194073242187,0.333333,0
1595620404.3533504,130.87273077943414,0.37383738915006814,0
1595620404.360133,132.09358649232476,0.37383738915006814,0
1595620404.37013,133.89306979158013,0.37383738915006814,0
1595620404.3801198,135.69122271516412,0.37383738915006814,0
1595620404.3901184,137.49096350648492,0.37383738915006814,0
1595620404.400117,139.29070429780572,0.37383738915006814,0
1595620404.410125,141.09216170289605,0.37383738915006814,0
1595620404.4201248,142.89211707093804,0.37383738915006814,0
1595620404.4301238,144.69194369294732,0.37383738915006814,0
1595620404.4401166,146.4906545160064,0.37383738915006814,0
1595620404.4501278,148.29266982057183,0.37383738915006814,0
1595620404.4601262,150.0923676965484,0.37383738915006814,0
1595620404.470126,151.89232306459039,0.37383738915006814,0
1595620404.4801242,153.69202094056695,0.37383738915006814,0
1595620404.4901233,155.49184756257623,0.37383738915006814,0
1595620404.5001307,157.29317622163384,0.37383738915006814,0
1595620404.5101316,159.09334616639703,0.37383738915006814,0
1595620404.5201316,160.89334444978326,0.37383738915006814,0
1595620404.530118,162.6908965585479,0.37383738915006814,0
1595620404.5401251,164.49218230226128,0.37383738915006814,0
1595620404.550134,166.29376845338433,0.37383738915006814,0
1595620404.5601323,168.0934663293609,0.37383738915006814,0
1595620404.5701303,169.89312128999322,0.37383738915006814,0
1595620404.580124,171.69196085908501,0.37383738915006814,0
1595620404.5901177,173.49084334352105,0.37383738915006814,0
1595620404.6001337,175.29371695497125,0.37383738915006814,0
1595620404.6101277,177.09264235475152,0.37383738915006814,0
1595620404.620119,178.89109568574517,0.37383738915006814,0
1595620404.6301215,180.69152312257378,0.37383738915006814,0
1595620404.640128,182.49268012025445,0.37383738915006814,0
1595620404.6501348,184.2939229486236,0.37383738915006814,0
1595620404.6601298,186.09302000978082,0.37383738915006814,0
1595620404.6701307,187.893189954544,0.37383738915006814,0
1595620404.6801171,189.69074206330865,0.37383738915006814,0
1595620404.6901345,191.49387316682427,0.37383738915006814,0
1595620404.7001207,193.29138236024468,0.37383738915006814,0
1595620404.7101216,195.09155230500787,0.37383738915006814,0
1595620404.7201276,196.89262347200005,0.37383738915006814,0
1595620404.7301233,198.69184927919,0.37383738915006814,0
1595620404.7401288,200.4928346154937,0.37383738915006814,0
1595620404.7501314,202.29330496766656,0.37383738915006814,0
1595620404.760134,204.0937753198394,0.37383738915006814,0
1595620404.770128,205.89270071961968,0.37383738915006814,0
1595620404.7801225,207.69171195008843,0.37383738915006814,0
1595620404.7901335,209.49368433930962,0.37383738915006814,0
1595620404.8001213,211.2914939401397,0.37383738915006814,0
1595620404.8101187,213.0910201547393,0.37383738915006814,0
1595620404.8201177,214.8908467767486,0.37383738915006814,0
1595620404.8301284,216.69277625062554,0.37383738915006814,0
1595620404.8401241,218.49200205781548,0.37383738915006814,0
1595620404.8501196,220.2911849496612,0.37383738915006814,0
1595620404.8601303,222.09311442353814,0.37383738915006814,0
1595620404.8701344,223.89384226777642,0.37383738915006814,0
1595620404.880128,225.69268183686822,0.37383738915006814,0
1595620404.8901289,227.4928517816314,0.37383738915006814,0
1595620404.90013,229.29306464173882,0.37383738915006814,0
1595620404.9101303,231.0931058404693,0.37383738915006814,0
1595620404.9201238,232.8919454095611,0.37383738915006814,0
1595620404.9301264,234.69241576173394,0.37383738915006814,0
1595620404.9401288,236.49284319856255,0.37383738915006814,0
1595620404.9501178,238.29086737611382,0.37383738915006814,0
1595620404.9601245,240.09206728913873,0.37383738915006814,0
1595620404.9701166,241.8906493661651,0.37383738915006814,0
1595620404.9801257,243.69227843263238,0.37383738915006814,0
1595620404.9901323,245.49347834565728,0.37383738915006814,0
1595620405.0001168,247.29068713166802,0.37383738915006814,0
1595620405.0101225,249.09171538331597,0.37383738915006814,0
1595620405.0201225,250.8917136667022,0.37383738915006814,0
1595620405.0301225,252.69171195008843,0.37383738915006814,0
1595620405.0401218,254.49158148744195,0.37383738915006814,0
1595620405.0501235,256.2918801782379,0.37383738915006814,0
1595620405.0601213,258.09149222352596,0.37383738915006814,0
1595620405.0701313,259.8932929513702,0.37383738915006814,0
1595620405.080123,261.6917891977081,0.37383738915006814,0
1595620405.0901334,263.4936757562408,0.37383738915006814,0
1595620405.1001174,265.29079871156307,0.37383738915006814,0
1595620405.1101232,267.091826963211,0.37383738915006814,0
1595620405.12013,268.89306979158016,0.37383738915006814,0
1595620405.1301248,270.69212393739315,0.37383738915006814,0
1595620405.1401253,272.49220805146786,0.37383738915006814,0
1595620405.1501324,274.29349379518123,0.37383738915006814,0
1595620405.1601264,276.0924191949615,0.37383738915006814,0
1595620405.1701336,277.8937049386749,0.37383738915006814,0
1595620405.180135,279.69396071412655,0.37383738915006814,0
1595620405.1901205,281.49134116151424,0.37383738915006814,0
1595620405.2001255,283.2922406671295,0.37383738915006814,0
1595620405.2101212,285.0914664743194,0.37383738915006814,0
1595620405.2201185,286.890992688919,0.37383738915006814,0
1595620405.230126,288.69232134797664,0.37383738915006814,0
1595620405.240134,290.493778753067,0.37383738915006814,0
1595620405.2501233,292.2918458459625,0.37383738915006814,0
1595620405.2601345,294.0938611505279,0.37383738915006814,0
1595620405.2701228,295.89175658204647,0.37383738915006814,0
1595620405.2801337,297.69372897126766,0.37383738915006814,0
1595620405.2901344,299.4938560006866,0.37383738915006814,0
1595620405.3001246,301.29209475495907,0.37383738915006814,0
1595620405.310116,303.0905480859527,0.37383738915006814,0
1595620405.3201208,304.8914046762237,0.37383738915006814,0
1595620405.3301306,306.6931624887237,0.37383738915006814,0
1595620405.3401237,308.49191622712704,0.37383738915006814,0
1595620405.3501332,310.2936311242828,0.37383738915006814,0
1595620405.3601198,312.0912261483917,0.37383738915006814,0
1595620405.370126,313.8923402307281,0.37383738915006814,0
1595620405.380128,315.69268183686825,0.37383738915006814,0
1595620405.3901277,317.49263720491024,0.37383738915006814,0
1595620405.400116,319.2905326364288,0.37383738915006814,0
1595620405.4101293,321.09293417909237,0.37383738915006814,0
1595620405.4201257,322.892288732315,0.37383738915006814,0
1595620405.430132,324.69340281465145,0.37383738915006814,0
1595620405.4401288,326.4928431985626,0.37383738915006814,0
1595620405.450124,328.29198317506405,0.37383738915006814,0
1595620405.46012,330.0912518975982,0.37383738915006814,0
1595620405.4701347,331.89391093232723,0.37383738915006814,0
1595620405.480125,333.6921496865997,0.37383738915006814,0
1595620405.49012,335.4912467477569,0.37383738915006814,0
1595620405.500129,337.2928758142242,0.37383738915006814,0
1595620405.5101175,339.090814161087,0.37383738915006814,0
1595620405.5201247,340.8920999048004,0.37383738915006814,0
1595620405.5301266,342.6924415109405,0.37383738915006814,0
1595620405.5401325,344.4935126779327,0.37383738915006814,0
1595620405.5501337,346.2937255380401,0.37383738915006814,0
1595620405.5601218,348.09157805421444,0.37383738915006814,0
1595620405.5701182,349.8909326074371,0.37383738915006814,0
1595620405.5801277,351.69264750459286,0.37383738915006814,0
1595620405.5901275,353.49260287263485,0.37383738915006814,0
1595620405.6001284,355.29277281739803,0.37383738915006814,0
1595620405.6101265,357.09242777803036,0.37383738915006814,0
1595620405.6201324,358.89349894502254,0.37383738915006814,0
1595620405.626286,360,0.37383738915006814,1
1595620405.626286,0,0,0
1595620405.636288,1.8003416061401367,0,0
1595620405.6462915,3.6009836196899414,0,0
1595620405.6562958,5.401754379272461,0,0
1595620405.6662984,7.2022247314453125,0,0
1595620405.6763024,9.002952575683594,0,0
1595620405.6862872,10.800204277038574,0,0
1595620405.6963015,12.602777481079102,0,0
1595620405.7062902,14.400758743286133,0,0
1595620405.716292,16.20105743408203,0,0
1595620405.7263014,18.002772331237793,0,0
1595620405.7362995,19.802427291870117,0,0
1595620405.7463064,21.603670120239258,0,0
1595620405.756299,23.4023380279541,0,0
1595620405.7662928,25.201220512390137,0,0
1595620405.776288,27.0003604888916,0,0
1595620405.7862926,28.80117416381836,0,0
1595620405.7962873,30.600228309631348,0,0
1595620405.8063066,32.40370273590088,0,0
1595620405.8162885,34.200439453125,0,0
1595620405.8263063,36.0036563873291,0,0
1595620405.8362958,37.80176639556885,0,0
1595620405.8462946,39.60155010223389,0,0
1595620405.8563023,41.40292167663574,0,0
1595620405.866292,43.20107460021973,0,0
1595620405.8762863,45.00004291534424,0,0
1595620405.8862872,46.80021286010742,0,0
1595620405.8962867,48.600125312805176,0,0
1595620405.9062977,50.40209770202637,0,0
1595620405.9162962,52.20183849334717,0,0
1595620405.9263043,54.0032958984375,0,0
1595620405.9362981,55.802178382873535,0,0
1595620405.9462936,57.60136127471924,0,0
1595620405.9562984,59.402217864990234,0,0
1595620405.9662926,61.201186180114746,0,0
1595620405.9762952,63.0016565322876,0,0
1595620405.9862983,64.80221271514893,0,0
1595620405.9962864,66.60006523132324,0,0
1595620406.0062947,68.40156555175781,0,0
1595620406.0163002,70.20255088806152,0,0
1595620406.0262856,71.99993133544922,0,0
1595620406.0362883,73.80040168762207,0,0
1595620406.0462866,75.60009956359863,0,0
1595620406.0563018,77.40284442901611,0,0
1595620406.0662856,79.19992446899414,0,0
1595620406.0763037,81.00318431854248,0,0
1595620406.0862892,82.80056476593018,0,0
1595620406.096288,84.60034847259521,0,0
1595620406.1062999,86.40249252319336,0,0
1595620406.1162863,88.20004463195801,0,0
1595620406.126302,90.00287532806396,0,0
1595620406.1362872,91.80021286010742,0,0
1595620406.146295,93.60162734985352,0,0
1595620406.1562908,95.40085315704346,0,0
1595620406.166295,97.20162391662598,0,0
1595620406.1762857,98.99994850158691,0,0
1595620406.186293,100.8012342453003,0,0
1595620406.1962996,102.6024341583252,0,0
1595620406.2062936,104.40135955810547,0,0
1595620406.2162895,106.20062828063965,0,0
1595620406.2262998,108.00247192382812,0,0
1595620406.23629,109.80071067810059,0,0
1595620406.2462974,111.6020393371582,0,0
1595620406.2496755,112.21010684967041,0,0
1595620406.2496755,118.82319091187732,0.03673935590114952,0
1595620406.2563033,120.0161945663573,0.03673935590114952,0
1595620406.2663023,121.81602118836658,0.03673935590114952,0
1595620406.2762878,123.61340163575427,0.03673935590114952,0
1595620406.2863038,125.41627524720447,0.03673935590114952,0
1595620406.2962978,127.21520064698474,0.03673935590114952,0
1595620406.3062928,129.01429770814198,0.03673935590114952,0
1595620406.3162904,130.81386683808583,0.03673935590114952,0
1595620406.3262892,132.61365054475087,0.03673935590114952,0
1595620406.3362882,134.41347716676015,0.03673935590114952,0
1595620406.3462942,136.21454833375233,0.03673935590114952,0
1595620406.356286,138.01308749543446,0.03673935590114952,0
1595620406.366299,139.81540320740956,0.03673935590114952,0
1595620406.376302,141.6159593902709,0.03673935590114952,0
1595620406.3862882,143.4134685836913,0.03673935590114952,0
1595620406.3963017,145.2159130416991,0.03673935590114952,0
1595620406.4062855,147.01299308167714,0.03673935590114952,0
1595620406.4162896,148.81372092591542,0.03673935590114952,0
1595620406.426287,150.61324714051503,0.03673935590114952,0
1595620406.4362986,152.41534827576893,0.03673935590114952,0
1595620406.4462876,154.2133724533202,0.03673935590114952,0
1595620406.4563055,156.0165893875243,0.03673935590114952,0
1595620406.4662857,157.81302569733876,0.03673935590114952,0
1595620406.4762852,159.6129381500365,0.03673935590114952,0
1595620406.4862924,161.4142238937499,0.03673935590114952,0
1595620406.496292,163.21417926179188,0.03673935590114952,0
1595620406.5062864,165.0131475769164,0.03673935590114952,0
1595620406.5162914,166.81404708253163,0.03673935590114952,0
1595620406.5263033,168.61619113312977,0.03673935590114952,0
1595620406.5363007,170.41571734772938,0.03673935590114952,0
1595620406.5462937,172.2144710861327,0.03673935590114952,0
1595620406.5563061,174.01670096741933,0.03673935590114952,0
1595620406.5662873,175.81330893861073,0.03673935590114952,0
1595620406.5762954,177.61476634370106,0.03673935590114952,0
1595620406.586299,179.41540835725087,0.03673935590114952,0
1595620406.596293,181.21433375703114,0.03673935590114952,0
1595620406.6063008,183.01574824677724,0.03673935590114952,0
1595620406.6162949,184.8146736465575,0.03673935590114952,0
1595620406.6262977,186.6151869140746,0.03673935590114952,0
1595620406.636286,188.41308234559315,0.03673935590114952,0
1595620406.646299,190.21539805756825,0.03673935590114952,0
1595620406.656291,192.01398013459462,0.03673935590114952,0
1595620406.666299,193.81543753968495,0.03673935590114952,0
1595620406.6763003,195.61565039979237,0.03673935590114952,0
1595620406.6862886,197.41354583131093,0.03673935590114952,0
1595620406.6962874,199.21332953797597,0.03673935590114952,0
1595620406.7063005,201.0156881652953,0.03673935590114952,0
1595620406.716294,202.8145277343871,0.03673935590114952,0
1595620406.726286,204.61306689606923,0.03673935590114952,0
1595620406.7362893,206.4136659942748,0.03673935590114952,0
1595620406.7462862,208.21310637818593,0.03673935590114952,0
1595620406.7562861,210.01310466157216,0.03673935590114952,0
1595620406.7662914,211.81404708253163,0.03673935590114952,0
1595620406.7763023,213.61601947175282,0.03673935590114952,0
1595620406.7862875,215.41335700379628,0.03673935590114952,0
1595620406.7963026,217.21605895386952,0.03673935590114952,0
1595620406.806305,219.01648639069813,0.03673935590114952,0
1595620406.8162925,220.81425307618397,0.03673935590114952,0
1595620406.8262901,222.61382220612782,0.03673935590114952,0
1595620406.8362956,224.41480754243153,0.03673935590114952,0
1595620406.8462896,226.2137329422118,0.03673935590114952,0
1595620406.8562968,228.01501868592518,0.03673935590114952,0
1595620406.8662994,229.81548903809804,0.03673935590114952,0
1595620406.8762906,231.61389945374745,0.03673935590114952,0
1595620406.8862948,233.41467021332997,0.03673935590114952,0
1595620406.8962963,235.21492598878163,0.03673935590114952,0
1595620406.9063027,237.0160829864623,0.03673935590114952,0
1595620406.9162898,238.81376384125966,0.03673935590114952,0
1595620406.9262989,240.61539290772694,0.03673935590114952,0
1595620406.9362936,242.41444705353993,0.03673935590114952,0
1595620406.9462984,244.21530364381093,0.03673935590114952,0
1595620406.9563005,246.0156881652953,0.03673935590114952,0
1595620406.966295,247.81469939576405,0.03673935590114952,0
1595620406.9762912,249.61401103364247,0.03673935590114952,0
1595620406.986298,251.4152538620116,0.03673935590114952,0
1595620406.996295,253.21469424592274,0.03673935590114952,0
1595620407.0062966,255.01499293671864,0.03673935590114952,0
1595620407.0162852,256.8129312835814,0.03673935590114952,0
1595620407.0262916,258.61408828126207,0.03673935590114952,0
1595620407.0363028,260.4161035858275,0.03673935590114952,0
1595620407.046296,262.2148573242308,0.03673935590114952,0
1595620407.0562901,264.01382563935533,0.03673935590114952,0
1595620407.0663009,265.8157551132323,0.03673935590114952,0
1595620407.0762854,267.612963899243,0.03673935590114952,0
1595620407.0862992,269.4154512725951,0.03673935590114952,0
1595620407.0962958,271.214848741162,0.03673935590114952,0
1595620407.1062953,273.0147611938597,0.03673935590114952,0
1595620407.1162965,274.81497405396715,0.03673935590114952,0
1595620407.1262913,276.61402819978014,0.03673935590114952,0
1595620407.1362946,278.4146272979857,0.03673935590114952,0
1595620407.1462922,280.21419642792955,0.03673935590114952,0
1595620407.156294,282.0145380340697,0.03673935590114952,0
1595620407.1663032,283.816167100537,0.03673935590114952,0
1595620407.176298,285.61522124634996,0.03673935590114952,0
1595620407.186293,287.4143183075072,0.03673935590114952,0
1595620407.1962967,289.21500323640123,0.03673935590114952,0
1595620407.2062874,291.01332782136217,0.03673935590114952,0
1595620407.2162974,292.8151285492064,0.03673935590114952,0
1595620407.2262895,294.6137106262328,0.03673935590114952,0
1595620407.2362895,296.413708909619,0.03673935590114952,0
1595620407.2462869,298.2132351242186,0.03673935590114952,0
1595620407.2562926,300.01426337586656,0.03673935590114952,0
1595620407.2662983,301.8152916275145,0.03673935590114952,0
1595620407.2762926,303.614259942639,0.03673935590114952,0
1595620407.2862892,305.4136574112059,0.03673935590114952,0
1595620407.296298,307.21524356232896,0.03673935590114952,0
1595620407.3063047,309.01644347535387,0.03673935590114952,0
1595620407.316303,310.81614135133043,0.03673935590114952,0
1595620407.3263023,312.61601088868395,0.03673935590114952,0
1595620407.3362944,314.4145929657103,0.03673935590114952,0
1595620407.3462853,316.2129604660155,0.03673935590114952,0
1595620407.356295,318.0147182785155,0.03673935590114952,0
1595620407.366285,319.8129141174437,0.03673935590114952,0
1595620407.3762975,321.61514399873033,0.03673935590114952,0
1595620407.3862984,323.4153139434935,0.03673935590114952,0
1595620407.3962932,325.2143680893065,0.03673935590114952,0
1595620407.406296,327.0148813568236,0.03673935590114952,0
1595620407.416289,328.8136350952269,0.03673935590114952,0
1595620407.4262903,330.61384795533434,0.03673935590114952,0
1595620407.4363,332.41560576783434,0.03673935590114952,0
1595620407.4462984,334.2153036438109,0.03673935590114952,0
1595620407.4562871,336.01328490601793,0.03673935590114952,0
1595620407.4662907,337.81392691956773,0.03673935590114952,0
1595620407.476294,339.6145260177733,0.03673935590114952,0
1595620407.4862938,341.4144813858153,0.03673935590114952,0
1595620407.4963014,343.21585296021715,0.03673935590114952,0
1595620407.5062916,345.0140917144896,0.03673935590114952,0
1595620407.516296,346.81486247407213,0.03673935590114952,0
1595620407.5263011,348.6158048950316,0.03673935590114952,0
1595620407.5362976,350.41515944825426,0.03673935590114952,0
1595620407.5463047,352.21644519196764,0.03673935590114952,0
1595620407.556295,354.0146839462401,0.03673935590114952,0
1595620407.5662978,355.8151972137572,0.03673935590114952,0
1595620407.5762978,357.6151954971434,0.03673935590114952,0
1595620407.5862873,359.41330550538316,0.03673935590114952,0
1595620407.5895708,360,0.03673935590114952,1
1595620407.5895708,0,0,0
1595620407.5995867,1.8028736114501953,0,0
1595620407.609571,3.600039482116699,0,0
1595620407.6195734,5.4004669189453125,0,0
1595620407.6295812,7.201881408691406,0,0
1595620407.6395874,9.002995491027832,0,0
1595620407.649575,10.800762176513672,0,0
1595620407.6595838,12.602348327636719,0,0
1595620407.6695843,14.402432441711426,0,0
1595620407.6795871,16.202945709228516,0,0
1595620407.6895852,18.00260066986084,0,0
1595620407.6995785,19.8013973236084,0,0
1595620407.7095838,21.60233974456787,0,0
1595620407.7195854,23.40263843536377,0,0
1595620407.7295823,25.202078819274902,0,0
1595620407.7395852,27.002592086791992,0,0
1595620407.7495847,28.802504539489746,0,0
1595620407.75959,30.60344696044922,0,0
1595620407.7695787,32.40142822265625,0,0
1595620407.7795897,34.20340061187744,0,0
1595620407.78958,36.00168228149414,0,0
1595620407.7995758,37.80090808868408,0,0
1595620407.8095818,39.60197925567627,0,0
1595620407.8195858,41.40270709991455,0,0
1595620407.829576,43.20094585418701,0,0
1595620407.8395739,45.0005578994751,0,0
1595620407.8495705,46.79995536804199,0,0
1595620407.859579,48.6014986038208,0,0
1595620407.8695722,50.40025234222412,0,0
1595620407.8795826,52.202138900756836,0,0
1595620407.8895748,54.0007209777832,0,0
1595620407.8995898,55.803422927856445,0,0
1595620407.9095762,57.600975036621094,0,0
1595620407.9195738,59.40054416656494,0,0
1595620407.929578,61.20131492614746,0,0
1595620407.9395866,63.00285816192627,0,0
1595620407.9495778,64.80126857757568,0,0
1595620407.959571,66.600022315979,0,0
1595620407.9695826,68.40212345123291,0,0
1595620407.9795892,70.20332336425781,0,0
1595620407.9895737,72.00053215026855,0,0
1595620407.9995883,73.80314826965332,0,0
1595620408.0095825,75.60211658477783,0,0
1595620408.0195765,77.4010419845581,0,0
1595620408.0295827,79.20215606689453,0,0
1595620408.0395863,81.00279808044434,0,0
1595620408.0495892,82.80331134796143,0,0
1595620408.0595744,84.60064888000488,0,0
1595620408.0695877,86.40305042266846,0,0
1595620408.0795794,88.20154666900635,0,0
1595620408.0895846,90.00248908996582,0,0
1595620408.0995862,91.80278778076172,0,0
1595620408.1095767,93.60106945037842,0,0
1595620408.1195846,95.40248394012451,0,0
1595620408.1295776,97.20123767852783,0,0
1595620408.1323347,97.69751071929932,0,0
1595620408.1323347,103.53863407478568,0.032450685308257565,0
1595620408.1395776,104.84235931740042,0.032450685308257565,0
1595620408.1495793,106.64265800819632,0.032450685308257565,0
1595620408.1595778,108.44239879951712,0.032450685308257565,0
1595620408.169583,110.2433412204766,0.032450685308257565,0
1595620408.1795702,112.04102207527396,0.032450685308257565,0
1595620408.1895833,113.8433807025933,0.032450685308257565,0
1595620408.1995814,115.64303566322562,0.032450685308257565,0
1595620408.2095864,117.44393516884085,0.032450685308257565,0
1595620408.2195833,119.24337555275198,0.032450685308257565,0
1595620408.2295716,121.04127098427054,0.032450685308257565,0
1595620408.2395813,122.84302879677054,0.032450685308257565,0
1595620408.2495704,124.64105297432181,0.032450685308257565,0
1595620408.2595887,126.44435573921439,0.032450685308257565,0
1595620408.2695825,128.24323822365042,0.032450685308257565,0
1595620408.2795842,130.04353691444632,0.032450685308257565,0
1595620408.289581,131.84297729835745,0.032450685308257565,0
1595620408.2995787,133.6425464283013,0.032450685308257565,0
1595620408.3095737,135.44164348945853,0.032450685308257565,0
1595620408.3195753,137.24194218025443,0.032450685308257565,0
1595620408.32958,139.04279877052542,0.032450685308257565,0
1595620408.3395767,140.84219623909232,0.032450685308257565,0
1595620408.3495705,142.64107872352835,0.032450685308257565,0
1595620408.3595865,144.44395233497855,0.032450685308257565,0
1595620408.3695867,146.24399353370902,0.032450685308257565,0
1595620408.3795803,148.0428331028008,0.032450685308257565,0
1595620408.3895893,149.8444621692681,0.032450685308257565,0
1595620408.3995717,151.6412847171807,0.032450685308257565,0
1595620408.409572,153.44132591591116,0.032450685308257565,0
1595620408.419583,155.2433412204766,0.032450685308257565,0
1595620408.4295747,157.04183746681448,0.032450685308257565,0
1595620408.4395716,158.84127785072562,0.032450685308257565,0
1595620408.4495752,160.64191986427542,0.032450685308257565,0
1595620408.4595742,162.4417464862847,0.032450685308257565,0
1595620408.4695852,164.2437188755059,0.032450685308257565,0
1595620408.4795702,166.0410134922051,0.032450685308257565,0
1595620408.4895756,167.84199882850882,0.032450685308257565,0
1595620408.4995794,169.64268375740286,0.032450685308257565,0
1595620408.5095873,171.44409824714896,0.032450685308257565,0
1595620408.519584,173.24349571571585,0.032450685308257565,0
1595620408.529585,175.04366566047904,0.032450685308257565,0
1595620408.5395823,176.84319187507865,0.032450685308257565,0
1595620408.549583,178.6433189044976,0.032450685308257565,0
1595620408.5595753,180.4419438968682,0.032450685308257565,0
1595620408.5695872,182.24408794746634,0.032450685308257565,0
1595620408.5795777,184.04236961708304,0.032450685308257565,0
1595620408.5895803,185.8428399692559,0.032450685308257565,0
1595620408.5995712,187.64120746956107,0.032450685308257565,0
1595620408.609586,189.44386650429007,0.032450685308257565,0
1595620408.6195862,191.24390770302054,0.032450685308257565,0
1595620408.6295764,193.042146457293,0.032450685308257565,0
1595620408.6395772,194.84227348671195,0.032450685308257565,0
1595620408.649583,196.64334465370413,0.032450685308257565,0
1595620408.659587,198.44402958259818,0.032450685308257565,0
1595620408.669575,200.2418820987725,0.032450685308257565,0
1595620408.6795752,202.04192329750296,0.032450685308257565,0
1595620408.6895735,203.84162117347952,0.032450685308257565,0
1595620408.6995778,205.64239193306204,0.032450685308257565,0
1595620408.7095888,207.44436432228323,0.032450685308257565,0
1595620408.7195833,209.24337555275198,0.032450685308257565,0
1595620408.729571,211.04118515358206,0.032450685308257565,0
1595620408.7395804,212.8428571353936,0.032450685308257565,0
1595620408.7495725,214.64143921241995,0.032450685308257565,0
1595620408.7595704,216.44105125770804,0.032450685308257565,0
1595620408.7695696,218.24092079506156,0.032450685308257565,0
1595620408.7795787,220.04254986152884,0.032450685308257565,0
1595620408.7895856,221.84379268989798,0.032450685308257565,0
1595620408.7995791,223.64263225898978,0.032450685308257565,0
1595620408.8095834,225.4434030185723,0.032450685308257565,0
1595620408.8195727,227.2414701114678,0.032450685308257565,0
1595620408.829579,229.04262710914847,0.032450685308257565,0
1595620408.8395777,230.84236790046927,0.032450685308257565,0
1595620408.8495803,232.64283825264212,0.032450685308257565,0
1595620408.8595707,234.44111992225882,0.032450685308257565,0
1595620408.8695695,236.24090362892386,0.032450685308257565,0
1595620408.87958,238.04279018745657,0.032450685308257565,0
1595620408.8895707,239.8411147724175,0.032450685308257565,0
1595620408.8995879,241.6442029605889,0.032450685308257565,0
1595620408.9095833,243.4433858524346,0.032450685308257565,0
1595620408.9195855,245.24377037391898,0.032450685308257565,0
1595620408.929582,247.04316784248587,0.032450685308257565,0
1595620408.9395704,248.84106327400443,0.032450685308257565,0
1595620408.949574,250.64170528755423,0.032450685308257565,0
1595620408.959578,252.4424331317925,0.032450685308257565,0
1595620408.9695747,254.2418306003594,0.032450685308257565,0
1595620408.9795842,256.0435454975152,0.032450685308257565,0
1595620408.9895856,257.84380127296686,0.032450685308257565,0
1595620408.9995716,259.64126755104303,0.032450685308257565,0
1595620409.0095882,261.44426990852594,0.032450685308257565,0
1595620409.0195856,263.24379612312555,0.032450685308257565,0
1595620409.0295842,265.04353691444635,0.032450685308257565,0
1595620409.0395756,266.84199024544,0.032450685308257565,0
1595620409.0495782,268.64246059761285,0.032450685308257565,0
1595620409.0595787,270.44254471168756,0.032450685308257565,0
1595620409.0695882,272.2442596088433,0.032450685308257565,0
1595620409.0795856,274.04378582344293,0.032450685308257565,0
1595620409.0895832,275.8433549533868,0.032450685308257565,0
1595620409.0995755,277.6419799457574,0.032450685308257565,0
1595620409.1095765,279.44214989052057,0.032450685308257565,0
1595620409.1195824,281.24322105751276,0.032450685308257565,0
1595620409.1295743,283.0417602191949,0.032450685308257565,0
1595620409.1395757,284.84201599464654,0.032450685308257565,0
1595620409.149582,286.64313007698297,0.032450685308257565,0
1595620409.159581,288.44295669899225,0.032450685308257565,0
1595620409.1695774,290.2423112522149,0.032450685308257565,0
1595620409.17957,292.04097915992975,0.032450685308257565,0
1595620409.1895795,293.8426940570855,0.032450685308257565,0
1595620409.1995876,295.64415146217584,0.032450685308257565,0
1595620409.209586,297.4438493381524,0.032450685308257565,0
1595620409.2195852,299.2437188755059,0.032450685308257565,0
1595620409.2295847,301.0436313282037,0.032450685308257565,0
1595620409.239582,302.8431575428033,0.032450685308257565,0
1595620409.2495806,304.6428983341241,0.032450685308257565,0
1595620409.2595859,306.44384075508356,0.032450685308257565,0
1595620409.2695837,308.24345280037164,0.032450685308257565,0
1595620409.279588,310.04422355995416,0.032450685308257565,0
1595620409.289573,311.8415181766534,0.032450685308257565,0
1595620409.2995708,313.64113022194147,0.032450685308257565,0
1595620409.309578,315.44241596565485,0.032450685308257565,0
1595620409.319578,317.2424142490411,0.032450685308257565,0
1595620409.329577,319.04224087105035,0.032450685308257565,0
1595620409.3395884,320.84429909096,0.032450685308257565,0
1595620409.3495862,322.6439111362481,0.032450685308257565,0
1595620409.3595848,324.4436519275689,0.032450685308257565,0
1595620409.3695734,326.2415902744317,0.032450685308257565,0
1595620409.379573,328.0415456424737,0.032450685308257565,0
1595620409.389575,329.84188724861383,0.032450685308257565,0
1595620409.39958,331.64278675422906,0.032450685308257565,0
1595620409.4095752,333.44192673073053,0.032450685308257565,0
1595620409.4195848,335.2436416278863,0.032450685308257565,0
1595620409.429582,337.0431678424859,0.032450685308257565,0
1595620409.4395766,338.84217907295465,0.032450685308257565,0
1595620409.4495728,340.64149071083307,0.032450685308257565,0
1595620409.4595785,342.442518962481,0.032450685308257565,0
1595620409.4695752,344.2419164310479,0.032450685308257565,0
1595620409.4795876,346.04414631233453,0.032450685308257565,0
1595620409.4895825,347.84324337349176,0.032450685308257565,0
1595620409.4995809,349.6429412494683,0.032450685308257565,0
1595620409.5095842,351.4435403476739,0.032450685308257565,0
1595620409.519588,353.24422527656793,0.032450685308257565,0
1595620409.5295722,355.04139114723444,0.032450685308257565,0
1595620409.5395768,356.8422048221612,0.032450685308257565,0
1595620409.5495858,358.6438338886285,0.032450685308257565,0
1595620409.5571244,360,0.032450685308257565,1
1595620409.5571244,0,0,0
1595620409.5671334,1.8016290664672852,0,0
1595620409.5771246,3.600039482116699,0,0
1595620409.587127,5.4004669189453125,0,0
1595620409.5971265,7.200379371643066,0,0
1595620409.6071317,9.001321792602539,0,0
1595620409.617137,10.802264213562012,0,0
1595620409.627135,12.601919174194336,0,0
1595620409.6371343,14.401788711547852,0,0
1595620409.6471326,16.201486587524414,0,0
1595620409.6571276,18.00058364868164,0,0
1595620409.6671247,19.80006694793701,0,0
1595620409.6771376,21.60238265991211,0,0
1595620409.6871407,23.402938842773438,0,0
1595620409.6971247,25.200061798095703,0,0
1595620409.7071404,27.00289249420166,0,0
1595620409.7171342,28.801774978637695,0,0
1595620409.7271338,30.60168743133545,0,0
1595620409.7371337,32.40168571472168,0,0
1595620409.7471392,34.20267105102539,0,0
1595620409.7571263,36.000351905822754,0,0
1595620409.767136,37.802109718322754,0,0
1595620409.7771356,39.60202217102051,0,0
1595620409.7871318,41.401333808898926,0,0
1595620409.7971377,43.20240497589111,0,0
1595620409.8071303,45.00107288360596,0,0
1595620409.8171396,46.80274486541748,0,0
1595620409.8271413,48.60304355621338,0,0
1595620409.837129,50.40085315704346,0,0
1595620409.847143,52.20334053039551,0,0
1595620409.8571427,54.0032958984375,0,0
1595620409.8671405,55.802907943725586,0,0
1595620409.8771317,57.601318359375,0,0
1595620409.887129,59.40084457397461,0,0
1595620409.8971329,61.20152950286865,0,0
1595620409.907132,63.00135612487793,0,0
1595620409.9171288,64.80079650878906,0,0
1595620409.927124,66.59993648529053,0,0
1595620409.9371266,68.40040683746338,0,0
1595620409.947127,70.20049095153809,0,0
1595620409.9571402,72.00284957885742,0,0
1595620409.9671276,73.80057334899902,0,0
1595620409.9771392,75.60267448425293,0,0
1595620409.9871294,77.40091323852539,0,0
1595620409.9971266,79.20039653778076,0,0
1595620409.998709,79.48522567749023,0,0
1595620409.998709,84.48644036998041,0.027784526069389914,0
1595620410.0071292,86.0020815824438,0.027784526069389914,0
1595620410.017128,87.80186528910883,0.027784526069389914,0
1595620410.0271246,89.60126275767573,0.027784526069389914,0
1595620410.0371423,91.40443677653559,0.027784526069389914,0
1595620410.047142,93.20439214457758,0.027784526069389914,0
1595620410.0571244,95.00121469249018,0.027784526069389914,0
1595620410.0671337,96.8028866743017,0.027784526069389914,0
1595620410.0771422,98.60442991008051,0.027784526069389914,0
1595620410.0871396,100.40395612468012,0.027784526069389914,0
1595620410.0971239,102.20112199534663,0.027784526069389914,0
1595620410.1071384,104.00373811473139,0.027784526069389914,0
1595620410.1171248,105.80129022349604,0.027784526069389914,0
1595620410.1271384,107.60373468150385,0.027784526069389914,0
1595620410.1371326,109.40270299662836,0.027784526069389914,0
1595620410.1471345,111.2030446027685,0.027784526069389914,0
1595620410.1571357,113.00325746287592,0.027784526069389914,0
1595620410.16713,114.80222577800043,0.027784526069389914,0
1595620410.1771362,116.60333986033686,0.027784526069389914,0
1595620410.187126,118.40149278392084,0.027784526069389914,0
1595620410.1971335,120.2028643583227,0.027784526069389914,0
1595620410.2071376,122.00359220256098,0.027784526069389914,0
1595620410.217128,123.80187387217768,0.027784526069389914,0
1595620410.2271385,125.6037604307104,0.027784526069389914,0
1595620410.2371368,127.40345830668696,0.027784526069389914,0
1595620410.2471292,129.20208329905756,0.027784526069389914,0
1595620410.2571366,131.00341195811518,0.027784526069389914,0
1595620410.267127,132.80169362773188,0.027784526069389914,0
1595620410.2771308,134.60237855662592,0.027784526069389914,0
1595620410.2871346,136.40306348551997,0.027784526069389914,0
1595620410.2971394,138.20392007579096,0.027784526069389914,0
1595620410.307128,140.00185842265375,0.027784526069389914,0
1595620410.3171396,141.80395955790766,0.027784526069389914,0
1595620410.327142,143.60438699473627,0.027784526069389914,0
1595620410.337134,145.4029261564184,0.027784526069389914,0
1595620410.3471365,147.20339650859125,0.027784526069389914,0
1595620410.3571284,149.00193567027338,0.027784526069389914,0
1595620410.3671236,150.80107564677485,0.027784526069389914,0
1595620410.3771362,152.6033484434057,0.027784526069389914,0
1595620410.3871295,154.40214509715327,0.027784526069389914,0
1595620410.3971243,156.20119924296625,0.027784526069389914,0
1595620410.4071307,158.00235624064692,0.027784526069389914,0
1595620410.4171324,159.80265493144282,0.027784526069389914,0
1595620410.4271326,161.60269613017329,0.027784526069389914,0
1595620410.4371274,163.40175027598627,0.027784526069389914,0
1595620410.4471273,165.2017485593725,0.027784526069389914,0
1595620410.4571385,167.00376386393793,0.027784526069389914,0
1595620410.467131,168.80238885630854,0.027784526069389914,0
1595620410.4771423,170.6044470762182,0.027784526069389914,0
1595620410.4871342,172.40298623790034,0.027784526069389914,0
1595620410.4971266,174.20161123027094,0.027784526069389914,0
1595620410.5071235,176.00105161418207,0.027784526069389914,0
1595620410.5171387,177.80379647959955,0.027784526069389914,0
1595620410.5271294,179.6021210645605,0.027784526069389914,0
1595620410.5371327,181.40272016276606,0.027784526069389914,0
1595620410.5471356,183.20323343028315,0.027784526069389914,0
1595620410.5571353,185.00318879832514,0.027784526069389914,0
1595620410.5671337,186.8028866743017,0.027784526069389914,0
1595620410.577125,188.60134000529536,0.027784526069389914,0
1595620410.587135,190.4031407331396,0.027784526069389914,0
1595620410.5971253,192.20137948741205,0.027784526069389914,0
1595620410.6071265,194.00159234751948,0.027784526069389914,0
1595620410.6171348,195.80309266795405,0.027784526069389914,0
1595620410.6271245,197.60124559153803,0.027784526069389914,0
1595620410.637129,199.4020592664648,0.027784526069389914,0
1595620410.647131,201.20240087260493,0.027784526069389914,0
1595620410.6571267,203.00162667979487,0.027784526069389914,0
1595620410.667131,204.8023974393774,0.027784526069389914,0
1595620410.677128,206.60188073863276,0.027784526069389914,0
1595620410.687128,208.401879022019,0.027784526069389914,0
1595620410.6971364,210.20337934245356,0.027784526069389914,0
1595620410.7071354,212.00320596446284,0.027784526069389914,0
1595620410.7171292,213.80208844889887,0.027784526069389914,0
1595620410.7271304,215.6023013090063,0.027784526069389914,0
1595620410.7371316,217.40251416911372,0.027784526069389914,0
1595620410.747134,219.20294160594233,0.027784526069389914,0
1595620410.7571332,221.00281114329584,0.027784526069389914,0
1595620410.7671335,222.8028523420263,0.027784526069389914,0
1595620410.7771332,224.6028077100683,0.027784526069389914,0
1595620410.7871387,226.40379304637202,0.027784526069389914,0
1595620410.7971275,228.20177430857905,0.027784526069389914,0
1595620410.8071332,230.002802560227,0.027784526069389914,0
1595620410.8171284,231.80194253672846,0.027784526069389914,0
1595620410.82714,233.60404367198237,0.027784526069389914,0
1595620410.8371336,235.40288324107416,0.027784526069389914,0
1595620410.8471413,237.20425481547602,0.027784526069389914,0
1595620410.8571384,239.0037381147314,0.027784526069389914,0
1595620410.8671336,240.80287809123286,0.027784526069389914,0
1595620410.8771293,242.6021038984228,0.027784526069389914,0
1595620410.8871377,244.40360421885737,0.027784526069389914,0
1595620410.8971307,246.2023579572607,0.027784526069389914,0
1595620410.9071426,248.00450200785883,0.027784526069389914,0
1595620410.9171398,249.8039853071142,0.027784526069389914,0
1595620410.9271278,251.60183782328852,0.027784526069389914,0
1595620410.93714,253.4040247892309,0.027784526069389914,0
1595620410.947132,255.20260686625727,0.027784526069389914,0
1595620410.9571307,257.00234765757807,0.027784526069389914,0
1595620410.967123,258.8009726499487,0.027784526069389914,0
1595620410.9771347,260.6030737852026,0.027784526069389914,0
1595620410.9871368,262.40345830668696,0.027784526069389914,0
1595620410.9971373,264.20354242076166,0.027784526069389914,0
1595620411.007127,266.00169534434565,0.027784526069389914,0
1595620411.0171363,267.8033673261572,0.027784526069389914,0
1595620411.027134,269.602936456101,0.027784526069389914,0
1595620411.0371318,271.4025485013891,0.027784526069389914,0
1595620411.0471287,273.20198888530024,0.027784526069389914,0
1595620411.0571382,275.003703782456,0.027784526069389914,0
1595620411.0671327,276.80271501292475,0.027784526069389914,0
1595620411.0771408,278.6041724180151,0.027784526069389914,0
1595620411.08714,280.4040419553686,0.027784526069389914,0
1595620411.0971406,282.2041260694433,0.027784526069389914,0
1595620411.1071365,284.0033947919775,0.027784526069389914,0
1595620411.1171381,285.8036934827734,0.027784526069389914,0
1595620411.1271348,287.6030909513403,0.027784526069389914,0
1595620411.1371398,289.4039904569555,0.027784526069389914,0
1595620411.147128,291.20188588847407,0.027784526069389914,0
1595620411.1571312,293.0024420713354,0.027784526069389914,0
1595620411.1671417,294.8043286298681,0.027784526069389914,0
1595620411.1771357,296.6032540296484,0.027784526069389914,0
1595620411.1871326,298.4026944135595,0.027784526069389914,0
1595620411.1971366,300.2034222577978,0.027784526069389914,0
1595620411.2071393,302.00389260997065,0.027784526069389914,0
1595620411.2171228,303.80092973460444,0.027784526069389914,0
1595620411.2271228,305.60092801799067,0.027784526069389914,0
1595620411.237132,307.4025999998022,0.027784526069389914,0
1595620411.2471304,309.20229787577875,0.027784526069389914,0
1595620411.2571282,311.00190992106684,0.027784526069389914,0
1595620411.2671366,312.8034102415014,0.027784526069389914,0
1595620411.2771254,314.60139150370844,0.027784526069389914,0
1595620411.2871404,316.4040934537817,0.027784526069389914,0
1595620411.297123,318.2009589170385,0.027784526069389914,0
1595620411.3071349,320.00310296763666,0.027784526069389914,0
1595620411.3171353,321.80318708171137,0.027784526069389914,0
1595620411.3271408,323.6041724180151,0.027784526069389914,0
1595620411.3371375,325.403569886582,0.027784526069389914,0
1595620411.347137,327.20348233927973,0.027784526069389914,0
1595620411.357136,329.003308961289,0.027784526069389914,0
1595620411.3671408,330.80416555156,0.027784526069389914,0
1595620411.3771236,332.6010739301611,0.027784526069389914,0
1595620411.38714,334.40403337229975,0.027784526069389914,0
1595620411.3971295,336.2021433805395,0.027784526069389914,0
1595620411.4071398,338.003987023728,0.027784526069389914,0
1595620411.4171276,339.80179662455805,0.027784526069389914,0
1595620411.4271314,341.6024815534521,0.027784526069389914,0
1595620411.4371302,343.40226526011713,0.027784526069389914,0
1595620411.4471319,345.20256395091303,0.027784526069389914,0
1595620411.4571326,347.002690980332,0.027784526069389914,0
1595620411.4671345,348.8030325864721,0.027784526069389914,0
1595620411.4771369,350.6034600233007,0.027784526069389914,0
1595620411.4871294,352.40212793101557,0.027784526069389914,0
1595620411.497124,354.2011391614843,0.027784526069389914,0
1595620411.5071242,356.0011803602148,0.027784526069389914,0
1595620411.5171325,357.80268068064936,0.027784526069389914,0
1595620411.527134,359.602936456101,0.027784526069389914,0
1595620411.5293458,360,0.027784526069389914,1
1595620411.5293458,0,0,0
1595620411.5393472,1.8002557754516602,0,0
1595620411.549346,3.600039482116699,0,0
1595620411.5593605,5.402655601501465,0,0
1595620411.569365,7.203469276428223,0,0
1595620411.5793588,9.002351760864258,0,0
1595620411.5893555,10.801749229431152,0,0
1595620411.5993578,12.602176666259766,0,0
1595620411.609348,14.400415420532227,0,0
1595620411.619357,16.20204448699951,0,0
1595620411.629358,18.002214431762695,0,0
1595620411.6393516,19.801054000854492,0,0
1595620411.649356,21.60182476043701,0,0
1595620411.6593578,23.40216636657715,0,0
1595620411.669364,25.203280448913574,0,0
1595620411.6793633,27.00314998626709,0,0
1595620411.6893523,28.80117416381836,0,0
1595620411.699356,30.601859092712402,0,0
1595620411.709346,32.400054931640625,0,0
1595620411.7193575,34.20211315155029,0,0
1595620411.7293491,36.000609397888184,0,0
1595620411.739352,37.80112266540527,0,0
1595620411.749349,39.600605964660645,0,0
1595620411.7593458,41.40000343322754,0,0
1595620411.7693508,43.20090293884277,0,0
1595620411.779363,45.003089904785156,0,0
1595620411.789362,46.802916526794434,0,0
1595620411.7993631,48.603129386901855,0,0
1595620411.8093457,50.39999485015869,0,0
1595620411.819347,52.20020771026611,0,0
1595620411.8293502,54.00080680847168,0,0
1595620411.8375885,55.48370361328125,0,0
1595620411.8375885,59.56269508883129,0.022661063753055766,0
1595620411.8393636,59.882199826685294,0.022661063753055766,0
1595620411.8493624,61.68198353335033,0.022661063753055766,0
1595620411.8593628,63.48206764742504,0.022661063753055766,0
1595620411.8693635,65.28219467684399,0.022661063753055766,0
1595620411.879358,67.08120590731274,0.022661063753055766,0
1595620411.8893633,68.88214832827221,0.022661063753055766,0
1595620411.899358,70.6812024740852,0.022661063753055766,0
1595620411.9093525,72.48021370455395,0.022661063753055766,0
1595620411.9193592,74.28141361757885,0.022661063753055766,0
1595620411.9293485,76.07948071047436,0.022661063753055766,0
1595620411.939355,77.88063770815502,0.022661063753055766,0
1595620411.949351,79.67994934603344,0.022661063753055766,0
1595620411.959362,81.48192173525463,0.022661063753055766,0
1595620411.969361,83.28174835726391,0.022661063753055766,0
1595620411.9793463,85.07908588930736,0.022661063753055766,0
1595620411.9893594,86.8814445166267,0.022661063753055766,0
1595620411.999361,88.6817432074226,0.022661063753055766,0
1595620412.0093458,90.47899490877758,0.022661063753055766,0
1595620412.019356,92.28083855196606,0.022661063753055766,0
1595620412.029346,94.07903439089428,0.022661063753055766,0
1595620412.0393457,95.87898975893627,0.022661063753055766,0
1595620412.0493639,97.68224960848461,0.022661063753055766,0
1595620412.05935,99.47975880190502,0.022661063753055766,0
1595620412.0693479,101.2793708471931,0.022661063753055766,0
1595620412.0793462,103.07906872316967,0.022661063753055766,0
1595620412.089354,104.88048321291576,0.022661063753055766,0
1595620412.099351,106.6799235968269,0.022661063753055766,0
1595620412.1093616,108.48185307070385,0.022661063753055766,0
1595620412.1193454,110.27893311068188,0.022661063753055766,0
1595620412.1293638,112.08223587557445,0.022661063753055766,0
1595620412.1393614,113.8818050055183,0.022661063753055766,0
1595620412.1493607,115.68167454287182,0.022661063753055766,0
1595620412.1593568,117.48098618075024,0.022661063753055766,0
1595620412.1693606,119.28167110964428,0.022661063753055766,0
1595620412.1793451,121.07887989565502,0.022661063753055766,0
1595620412.1893563,122.88089520022045,0.022661063753055766,0
1595620412.1993487,124.67952019259106,0.022661063753055766,0
1595620412.2093515,126.48003346010815,0.022661063753055766,0
1595620412.2193587,128.2813192038215,0.022661063753055766,0
1595620412.2293544,130.08054501101145,0.022661063753055766,0
1595620412.2393525,131.88019997164378,0.022661063753055766,0
1595620412.249359,133.68135696932444,0.022661063753055766,0
1595620412.259351,135.4799390463508,0.022661063753055766,0
1595620412.2693617,137.28186852022776,0.022661063753055766,0
1595620412.2793581,139.08122307345042,0.022661063753055766,0
1595620412.289361,140.8817363409675,0.022661063753055766,0
1595620412.2993472,142.67924553438792,0.022661063753055766,0
1595620412.3093507,144.47988754793772,0.022661063753055766,0
1595620412.3193624,146.28198868319163,0.022661063753055766,0
1595620412.329351,148.07992703005442,0.022661063753055766,0
1595620412.3393457,149.8789811758674,0.022661063753055766,0
1595620412.349352,151.68009525820383,0.022661063753055766,0
1595620412.3593528,153.48026520296702,0.022661063753055766,0
1595620412.3693619,155.2818942694343,0.022661063753055766,0
1595620412.3793476,157.07931763216624,0.022661063753055766,0
1595620412.3893623,158.88197666689524,0.022661063753055766,0
1595620412.3993554,160.68073040529856,0.022661063753055766,0
1595620412.4093597,162.48150116488108,0.022661063753055766,0
1595620412.4193568,164.28098446413645,0.022661063753055766,0
1595620412.4293625,166.0820127157844,0.022661063753055766,0
1595620412.4393585,167.88128143831858,0.022661063753055766,0
1595620412.4493582,169.68123680636057,0.022661063753055766,0
1595620412.4593627,171.48205048128733,0.022661063753055766,0
1595620412.4693487,173.2795167593635,0.022661063753055766,0
1595620412.479347,175.07921463534007,0.022661063753055766,0
1595620412.4893541,176.88050037905344,0.022661063753055766,0
1595620412.4993567,178.6809707312263,0.022661063753055766,0
1595620412.5093524,180.48019653841624,0.022661063753055766,0
1595620412.5193565,182.28092438265452,0.022661063753055766,0
1595620412.5293589,184.08135181948313,0.022661063753055766,0
1595620412.5393527,185.88023430391917,0.022661063753055766,0
1595620412.5493631,187.68212086245188,0.022661063753055766,0
1595620412.5593488,189.47954422518382,0.022661063753055766,0
1595620412.569357,191.28100163027415,0.022661063753055766,0
1595620412.5793467,193.07915455385813,0.022661063753055766,0
1595620412.5893543,194.88052612826,0.022661063753055766,0
1595620412.5993576,196.68112522646555,0.022661063753055766,0
1595620412.6093533,198.4803510336555,0.022661063753055766,0
1595620412.6193516,200.28004890963206,0.022661063753055766,0
1595620412.6293552,202.08069092318186,0.022661063753055766,0
1595620412.6393552,203.8806892065681,0.022661063753055766,0
1595620412.6493485,205.67948586031565,0.022661063753055766,0
1595620412.659356,207.4808574347175,0.022661063753055766,0
1595620412.6693594,209.28145653292307,0.022661063753055766,0
1595620412.6793468,211.07918030306467,0.022661063753055766,0
1595620412.6893632,212.88213974520335,0.022661063753055766,0
1595620412.6993518,214.68007809206614,0.022661063753055766,0
1595620412.7093494,216.47964722201,0.022661063753055766,0
1595620412.7193584,218.28127628847727,0.022661063753055766,0
1595620412.729355,220.08067375704417,0.022661063753055766,0
1595620412.7393486,221.87951332613596,0.022661063753055766,0
1595620412.7493618,223.6818719534553,0.022661063753055766,0
1595620412.759346,225.4790378241218,0.022661063753055766,0
1595620412.7693539,227.2804523138679,0.022661063753055766,0
1595620412.779356,229.08083683535227,0.022661063753055766,0
1595620412.7893598,230.88152176424632,0.022661063753055766,0
1595620412.7993639,232.6822496084846,0.022661063753055766,0
1595620412.809359,234.48138958498606,0.022661063753055766,0
1595620412.8193629,236.2820745138801,0.022661063753055766,0
1595620412.8293602,238.0816007284797,0.022661063753055766,0
1595620412.839353,239.8803115515388,0.022661063753055766,0
1595620412.8493555,241.6807389883674,0.022661063753055766,0
1595620412.8593538,243.48043686434397,0.022661063753055766,0
1595620412.8693547,245.28060680910716,0.022661063753055766,0
1595620412.8793504,247.0798326162971,0.022661063753055766,0
1595620412.8893635,248.88219124361643,0.022661063753055766,0
1595620412.8993456,250.6789708761848,0.022661063753055766,0
1595620412.9093635,252.4821878103889,0.022661063753055766,0
1595620412.9193635,254.28218609377512,0.022661063753055766,0
1595620412.9293454,256.07892281099925,0.022661063753055766,0
1595620412.9393504,257.8798223166145,0.022661063753055766,0
1595620412.9493604,259.6816230444587,0.022661063753055766,0
1595620412.9593463,261.4790893225349,0.022661063753055766,0
1595620412.9693592,263.28140503451,0.022661063753055766,0
1595620412.9793472,265.0792575506843,0.022661063753055766,0
1595620412.9893556,266.8807578711189,0.022661063753055766,0
1595620412.9993608,268.68170029207835,0.022661063753055766,0
1595620413.00935,270.47976738497385,0.022661063753055766,0
1595620413.019358,272.28118187471995,0.022661063753055766,0
1595620413.0293465,274.07912022158274,0.022661063753055766,0
1595620413.0393574,275.88109261080393,0.022661063753055766,0
1595620413.0493455,277.67894512697825,0.022661063753055766,0
1595620413.059348,279.4794154791511,0.022661063753055766,0
1595620413.0693586,281.2813020376838,0.022661063753055766,0
1595620413.079353,283.08031326815257,0.022661063753055766,0
1595620413.089349,284.87958199068675,0.022661063753055766,0
1595620413.099357,286.68099648043284,0.022661063753055766,0
1595620413.1093614,288.4818101553596,0.022661063753055766,0
1595620413.1193502,290.2797914175666,0.022661063753055766,0
1595620413.1293497,292.0797038702644,0.022661063753055766,0
1595620413.139353,293.88030296846995,0.022661063753055766,0
1595620413.1493635,295.68218952700266,0.022661063753055766,0
1595620413.1593466,297.479140820948,0.022661063753055766,0
1595620413.1693559,299.2808128027595,0.022661063753055766,0
1595620413.1793616,301.08184105440745,0.022661063753055766,0
1595620413.1893628,302.88205391451487,0.022661063753055766,0
1595620413.1993546,304.680593076197,0.022661063753055766,0
1595620413.2093506,306.4798617987312,0.022661063753055766,0
1595620413.219358,308.2811904577888,0.022661063753055766,0
1595620413.2293632,310.08213287874827,0.022661063753055766,0
1595620413.2393577,311.881144109217,0.022661063753055766,0
1595620413.249359,313.68135696932444,0.022661063753055766,0
1595620413.2593546,315.4805827765144,0.022661063753055766,0
1595620413.2693517,317.28006607576975,0.022661063753055766,0
1595620413.279361,319.0817380575813,0.022661063753055766,0
1595620413.289355,320.88066345736155,0.022661063753055766,0
1595620413.2993572,322.6810479788459,0.022661063753055766,0
1595620413.3093603,324.48160416170725,0.022661063753055766,0
1595620413.3193583,326.2812591223396,0.022661063753055766,0
1595620413.3293602,328.0816007284797,0.022661063753055766,0
1595620413.3393588,329.8813415198005,0.022661063753055766,0
1595620413.349345,331.6788507132209,0.022661063753055766,0
1595620413.3593628,333.482067647425,0.022661063753055766,0
1595620413.3693533,335.2803493170417,0.022661063753055766,0
1595620413.3793602,337.08159214541087,0.022661063753055766,0
1595620413.3893569,338.88098961397776,0.022661063753055766,0
1595620413.3993626,340.6820178656257,0.022661063753055766,0
1595620413.4093535,342.4803853659309,0.022661063753055766,0
1595620413.419353,344.28029781862864,0.022661063753055766,0
1595620413.4293602,346.081583562342,0.022661063753055766,0
1595620413.4393592,347.8814101843513,0.022661063753055766,0
1595620413.4493525,349.68020683809885,0.022661063753055766,0
1595620413.4593465,351.4791322378791,0.022661063753055766,0
1595620413.4693592,353.28140503451,0.022661063753055766,0
1595620413.4793448,355.0788283972419,0.022661063753055766,0
1595620413.4893517,356.88007122561106,0.022661063753055766,0
1595620413.499354,358.68045574709544,0.022661063753055766,0
1595620413.5066893,360,0.022661063753055766,1
1595620413.5066893,0,0,0
1595620413.5167024,1.802358627319336,0,0
1595620413.526704,3.6026573181152344,0,0
1595620413.5366924,5.400552749633789,0,0
1595620413.5467074,7.203254699707031,0,0
1595620413.5567002,9.001965522766113,0,0
1595620413.5666895,10.800032615661621,0,0
1595620413.5766902,12.600159645080566,0,0
1595620413.5867069,14.403162002563477,0,0
1595620413.5966935,16.200757026672363,0,0
1595620413.6066895,18.000025749206543,0,0
1595620413.6167016,19.802212715148926,0,0
1595620413.6266992,21.601781845092773,0,0
1595620413.635206,23.13300132751465,0,0
1595620413.635206,26.23551365788448,0.01723617961316573,0
1595620413.636694,26.503348321275592,0.01723617961316573,0
1595620413.6467018,28.304762811021686,0.01723617961316573,0
1595620413.6567063,30.105576485948443,0.01723617961316573,0
1595620413.6667004,31.904501885728717,0.01723617961316573,0
1595620413.6766994,33.704328507738,0.01723617961316573,0
1595620413.6867006,35.50454136784542,0.01723617961316573,0
1595620413.6967068,37.305655450181845,0.01723617961316573,0
1595620413.7066967,39.10385128911007,0.01723617961316573,0
1595620413.7166917,40.902948350267295,0.01723617961316573,0
1595620413.7266974,42.703976601915244,0.01723617961316573,0
1595620413.7366922,44.50303074772823,0.01723617961316573,0
1595620413.7466996,46.30435940678584,0.01723617961316573,0
1595620413.756704,48.1051730817126,0.01723617961316573,0
1595620413.7666934,49.90324017460811,0.01723617961316573,0
1595620413.7767074,51.7057704633044,0.01723617961316573,0
1595620413.7867076,53.505811662034866,0.01723617961316573,0
1595620413.796704,55.30516621525752,0.01723617961316573,0
1595620413.8066921,57.10301873143184,0.01723617961316573,0
1595620413.8167064,58.905591935472366,0.01723617961316573,0
1595620413.8266957,60.70365902836787,0.01723617961316573,0
1595620413.8366923,62.50305649693477,0.01723617961316573,0
1595620413.8466933,64.30322644169794,0.01723617961316573,0
1595620413.8566947,66.1034822171496,0.01723617961316573,0
1595620413.8667047,67.90528294499384,0.01723617961316573,0
1595620413.8767078,69.70583912785517,0.01723617961316573,0
1595620413.886704,71.50515076573359,0.01723617961316573,0
1595620413.8967073,73.30574986393916,0.01723617961316573,0
1595620413.9066992,75.10428902562128,0.01723617961316573,0
1595620413.9166903,76.9026994412707,0.01723617961316573,0
1595620413.926702,78.7048005765246,0.01723617961316573,0
1595620413.9367018,80.5047559445666,0.01723617961316573,0
1595620413.9467003,82.3044967358874,0.01723617961316573,0
1595620413.9566953,84.10359379704462,0.01723617961316573,0
1595620413.966706,85.90552327092158,0.01723617961316573,0
1595620413.9767022,87.7048349088,0.01723617961316573,0
1595620413.986689,89.50247284825312,0.01723617961316573,0
1595620413.996693,91.30315777714716,0.01723617961316573,0
1595620414.0067034,93.10504433567988,0.01723617961316573,0
1595620414.016708,94.90585801060664,0.01723617961316573,0
1595620414.0266926,96.70310971196162,0.01723617961316573,0
1595620414.0367033,98.50503918583857,0.01723617961316573,0
1595620414.0467033,100.3050374692248,0.01723617961316573,0
1595620414.0567079,102.10585114415156,0.01723617961316573,0
1595620414.0666935,103.90327450688349,0.01723617961316573,0
1595620414.0766997,105.70438858921992,0.01723617961316573,0
1595620414.0866942,107.50339981968867,0.01723617961316573,0
1595620414.0967088,109.30601593907343,0.01723617961316573,0
1595620414.1067064,111.10558506901728,0.01723617961316573,0
1595620414.1166892,112.90249344761835,0.01723617961316573,0
1595620414.1267045,114.70523831303584,0.01723617961316573,0
1595620414.1367037,116.50510785038935,0.01723617961316573,0
1595620414.1466916,118.30291745121943,0.01723617961316573,0
1595620414.15669,120.10261532719599,0.01723617961316573,0
1595620414.166694,121.90334317143427,0.01723617961316573,0
1595620414.1766899,123.70261189396845,0.01723617961316573,0
1595620414.1866999,125.50441262181269,0.01723617961316573,0
1595620414.1966937,127.30329510624873,0.01723617961316573,0
1595620414.2066891,129.10247799809443,0.01723617961316573,0
1595620414.216699,130.90423581059443,0.01723617961316573,0
1595620414.226693,132.7031612103747,0.01723617961316573,0
1595620414.2367063,134.50556275303828,0.01723617961316573,0
1595620414.2466996,136.30435940678584,0.01723617961316573,0
1595620414.2566993,138.10431477482783,0.01723617961316573,0
1595620414.2666972,139.9039268201159,0.01723617961316573,0
1595620414.276707,141.7056846326159,0.01723617961316573,0
1595620414.2867045,143.50525376255976,0.01723617961316573,0
1595620414.2967021,145.3048228925036,0.01723617961316573,0
1595620414.3066928,147.10314747746455,0.01723617961316573,0
1595620414.3166904,148.9027166074084,0.01723617961316573,0
1595620414.3267062,150.70554730351435,0.01723617961316573,0
1595620414.3366938,152.5033139890002,0.01723617961316573,0
1595620414.346705,154.30532929356562,0.01723617961316573,0
1595620414.3567061,156.10554215367304,0.01723617961316573,0
1595620414.3666983,157.9041242306994,0.01723617961316573,0
1595620414.3766932,159.70322129185664,0.01723617961316573,0
1595620414.386691,161.50283333714472,0.01723617961316573,0
1595620414.3966897,163.30257412846552,0.01723617961316573,0
1595620414.4066937,165.1033019727038,0.01723617961316573,0
1595620414.4166992,166.90428730900751,0.01723617961316573,0
1595620414.4266956,168.70364186223017,0.01723617961316573,0
1595620414.436693,170.50316807682978,0.01723617961316573,0
1595620414.4466946,172.30346676762568,0.01723617961316573,0
1595620414.4566932,174.10320755894648,0.01723617961316573,0
1595620414.4667068,175.9056520169543,0.01723617961316573,0
1595620414.476704,177.70513531620966,0.01723617961316573,0
1595620414.4866927,179.5031165784167,0.01723617961316573,0
1595620414.4967065,181.30560395176875,0.01723617961316573,0
1595620414.5067005,183.10452935154902,0.01723617961316573,0
1595620414.5167038,184.90512844975459,0.01723617961316573,0
1595620414.526703,186.70495507176386,0.01723617961316573,0
1595620414.5367055,188.5054254239367,0.01723617961316573,0
1595620414.546695,190.30353543217646,0.01723617961316573,0
1595620414.556698,192.1040916150378,0.01723617961316573,0
1595620414.5666974,193.9039611523913,0.01723617961316573,0
1595620414.576697,195.7039165204333,0.01723617961316573,0
1595620414.586694,197.50335690434443,0.01723617961316573,0
1595620414.5967016,199.30472847874628,0.01723617961316573,0
1595620414.6066883,201.10232350285517,0.01723617961316573,0
1595620414.6167064,202.9055833524035,0.01723617961316573,0
1595620414.6266942,204.7033929532336,0.01723617961316573,0
1595620414.636698,206.50407788212763,0.01723617961316573,0
1595620414.6467047,208.30527779515253,0.01723617961316573,0
1595620414.6566963,210.10377404149042,0.01723617961316573,0
1595620414.6667027,211.9049310391711,0.01723617961316573,0
1595620414.6766899,213.70261189396845,0.01723617961316573,0
1595620414.6867068,215.5056571667956,0.01723617961316573,0
1595620414.696704,217.30514046605097,0.01723617961316573,0
1595620414.7066925,219.10307881291376,0.01723617961316573,0
1595620414.7167068,220.9056520169543,0.01723617961316573,0
1595620414.726698,222.7040624326037,0.01723617961316573,0
1595620414.7366972,224.50393196995722,0.01723617961316573,0
1595620414.7466955,226.30362984593378,0.01723617961316573,0
1595620414.7566984,228.10414311345087,0.01723617961316573,0
1595620414.7666981,229.90409848149287,0.01723617961316573,0
1595620414.7766967,231.70383927281367,0.01723617961316573,0
1595620414.786693,233.50319382603632,0.01723617961316573,0
1595620414.7967052,235.3053807919787,0.01723617961316573,0
1595620414.8066916,237.10293290074335,0.01723617961316573,0
1595620414.8166914,238.90288826878535,0.01723617961316573,0
1595620414.8267057,240.70546147282587,0.01723617961316573,0
1595620414.8367016,242.50473019536005,0.01723617961316573,0
1595620414.8466935,244.30326935704218,0.01723617961316573,0
1595620414.8567035,246.10507008488642,0.01723617961316573,0
1595620414.8667064,247.9055833524035,0.01723617961316573,0
1595620414.876704,249.70515248234736,0.01723617961316573,0
1595620414.8867004,251.50450703557001,0.01723617961316573,0
1595620414.896705,253.30532071049677,0.01723617961316573,0
1595620414.906694,255.10334488804804,0.01723617961316573,0
1595620414.9166937,256.90330025609006,0.01723617961316573,0
1595620414.9266927,258.70312687809934,0.01723617961316573,0
1595620414.936704,260.50514218266477,0.01723617961316573,0
1595620414.9466987,262.30419632847776,0.01723617961316573,0
1595620414.9566996,264.10436627324094,0.01723617961316573,0
1595620414.9667056,265.90543744023313,0.01723617961316573,0
1595620414.9766912,267.70286080296506,0.01723617961316573,0
1595620414.986692,269.502987832384,0.01723617961316573,0
1595620414.9966896,271.30255696232786,0.01723617961316573,0
1595620415.0066907,273.1027698224353,0.01723617961316573,0
1595620415.0166993,274.9043130582141,0.01723617961316573,0
1595620415.0266984,276.70413968022336,0.01723617961316573,0
1595620415.0366924,278.50306508000364,0.01723617961316573,0
1595620415.0466888,280.3024196332263,0.01723617961316573,0
1595620415.056704,282.1051644986438,0.01723617961316573,0
1595620415.0666904,283.9027166074084,0.01723617961316573,0
1595620415.076688,285.70228573735227,0.01723617961316573,0
1595620415.0866997,287.5043868726062,0.01723617961316573,0
1595620415.0967026,289.30490014012327,0.01723617961316573,0
1595620415.1066957,291.1036538785266,0.01723617961316573,0
1595620415.116699,292.90425297673215,0.01723617961316573,0
1595620415.1267016,294.704723328905,0.01723617961316573,0
1595620415.1367064,296.505579919176,0.01723617961316573,0
1595620415.1466963,298.3037757581042,0.01723617961316573,0
1595620415.1566887,300.1024007504748,0.01723617961316573,0
1595620415.1667004,301.90450188572873,0.01723617961316573,0
1595620415.176693,303.7031697934436,0.01723617961316573,0
1595620415.1866877,305.50222393925657,0.01723617961316573,0
1595620415.1967025,307.30488297398557,0.01723617961316573,0
1595620415.2066915,309.10290715153684,0.01723617961316573,0
1595620415.2166917,310.9029483502673,0.01723617961316573,0
1595620415.2267017,312.70474907811155,0.01723617961316573,0
1595620415.236689,314.50247284825315,0.01723617961316573,0
1595620415.246688,316.3022565549182,0.01723617961316573,0
1595620415.2566996,318.1043576901721,0.01723617961316573,0
1595620415.266704,319.90517136509885,0.01723617961316573,0
1595620415.276695,321.703538865404,0.01723617961316573,0
1595620415.28669,323.50263592656125,0.01723617961316573,0
1595620415.2967052,325.30538079197873,0.01723617961316573,0
1595620415.3066983,327.10413453038205,0.01723617961316573,0
1595620415.3166976,328.90400406773557,0.01723617961316573,0
1595620415.3266995,330.7043456738757,0.01723617961316573,0
1595620415.3367028,332.5049447720813,0.01723617961316573,0
1595620415.3467062,334.30554387028684,0.01723617961316573,0
1595620415.356695,336.10352513249387,0.01723617961316573,0
1595620415.3666892,337.9024934476184,0.01723617961316573,0
1595620415.376691,339.7028350537585,0.01723617961316573,0
1595620415.3866892,341.50249001439084,0.01723617961316573,0
1595620415.3966887,343.3024024670886,0.01723617961316573,0
1595620415.4066985,345.1041602795886,0.01723617961316573,0
1595620415.4167051,346.9053601926135,0.01723617961316573,0
1595620415.4267006,348.7045430844592,0.01723617961316573,0
1595620415.4366894,350.50252434666623,0.01723617961316573,0
1595620415.4467049,352.30531212742795,0.01723617961316573,0
1595620415.4566967,354.1038512891101,0.01723617961316573,0
1595620415.466702,355.90479371006955,0.01723617961316573,0
1595620415.4767063,357.7055644696521,0.01723617961316573,0
1595620415.4867,359.5044469540881,0.01723617961316573,0
1595620415.4894652,360,0.01723617961316573,1
1595620415.4894652,0,0,0
1595620415.4994726,1.8013286590576172,0,0
1595620415.5094712,3.601069450378418,0,0
1595620415.519483,5.4032135009765625,0,0
1595620415.5294702,7.200894355773926,0,0
1595620415.5394819,9.002995491027832,0,0
1595620415.5494757,10.801877975463867,0,0
1595620415.5594845,12.603464126586914,0,0
1595620415.5694659,14.400115013122559,0,0
1595620415.5794733,16.201443672180176,0,0
1595620415.5894673,18.00036907196045,0,0
1595620415.5994751,19.801783561706543,0,0
1595620415.6094775,21.602210998535156,0,0
1595620415.6194832,23.403239250183105,0,0
1595620415.6294773,25.20216464996338,0,0
1595620415.6394691,27.000703811645508,0,0
1595620415.6494796,28.802590370178223,0,0
1595620415.6594732,30.60142993927002,0,0
1595620415.669475,32.401771545410156,0,0
1595620415.6794763,34.20198440551758,0,0
1595620415.6894789,36.00245475769043,0,0
1595620415.6994739,37.801551818847656,0,0
1595620415.7094755,39.601850509643555,0,0
1595620415.7194822,41.40305042266846,0,0
1595620415.7294838,43.203349113464355,0,0
1595620415.7394726,45.00133037567139,0,0
1595620415.7494743,46.801629066467285,0,0
1595620415.7594755,48.60184192657471,0,0
1595620415.7694826,50.403127670288086,0,0
1595620415.779477,52.2020959854126,0,0
1595620415.7894802,54.002695083618164,0,0
1595620415.7994757,55.80187797546387,0,0
1595620415.809482,57.60303497314453,0,0
1595620415.8194757,59.40187454223633,0,0
1595620415.829478,61.20230197906494,0,0
1595620415.8394725,63.00131320953369,0,0
1595620415.8494766,64.80204105377197,0,0
1595620415.8594832,66.60324096679688,0,0
1595620415.8694794,68.4025526046753,0,0
1595620415.879472,70.20122051239014,0,0
1595620415.889484,72.00336456298828,0,0
1595620415.8994794,73.80254745483398,0,0
1595620415.9094813,75.60288906097412,0,0
1595620415.919468,77.40048408508301,0,0
1595620415.929477,79.2021131515503,0,0
1595620415.9394689,81.00065231323242,0,0
1595620415.9494836,82.80331134796143,0,0
1595620415.959484,84.60339546203613,0,0
1595620415.9694812,86.4028787612915,0,0
1595620415.9794817,88.20296287536621,0,0
1595620415.989479,90.00248908996582,0,0
1595620415.9994664,91.80021286010742,0,0
1595620416.009478,93.60231399536133,0,0
1595620416.0194743,95.40162563323975,0,0
1595620416.0294807,97.20278263092041,0,0
1595620416.0394835,99.0032958984375,0,0
1595620416.0494666,100.80024719238281,0,0
1595620416.059479,102.60247707366943,0,0
1595620416.0694733,104.40144538879395,0,0
1595620416.079474,106.20157241821289,0,0
1595620416.08947,108.00084114074707,0,0
1595620416.0994737,109.80152606964111,0,0
1595620416.1094713,111.60109519958496,0,0
1595620416.1194675,113.40040683746338,0,0
1595620416.1294835,115.20328044891357,0,0
1595620416.1394684,117.0005750656128,0,0
1595620416.1494713,118.80108833312988,0,0
1595620416.1594696,120.60078620910645,0,0
1595620416.1694705,122.40095615386963,0,0
1595620416.1794708,124.2009973526001,0,0
1595620416.1894715,126.00112438201904,0,0
1595620416.199481,127.8028392791748,0,0
1595620416.209472,129.60120677947998,0,0
1595620416.219479,131.40249252319336,0,0
1595620416.2294755,133.20184707641602,0,0
1595620416.239471,135.00102996826172,0,0
1595620416.249484,136.80338859558105,0,0
1595620416.2594755,138.6018419265747,0,0
1595620416.269467,140.4003381729126,0,0
1595620416.2794645,142.1998643875122,0,0
1595620416.2894814,144.00290966033936,0,0
1595620416.2994764,145.80200672149658,0,0
1595620416.3094647,147.59990215301514,0,0
1595620416.3194818,149.40299034118652,0,0
1595620416.3294835,151.20328903198242,0,0
1595620416.339478,153.00230026245117,0,0
1595620416.3494804,154.80272769927979,0,0
1595620416.3594675,156.60040855407715,0,0
1595620416.3694773,158.40216636657715,0,0
1595620416.379474,160.20156383514404,0,0
1595620416.38948,162.00267791748047,0,0
1595620416.3994646,163.7998867034912,0,0
1595620416.4094808,165.60280323028564,0,0
1595620416.4194689,167.40065574645996,0,0
1595620416.4294806,169.20275688171387,0,0
1595620416.4394674,171.000394821167,0,0
1595620416.4494781,172.80232429504395,0,0
1595620416.4594793,174.60253715515137,0,0
1595620416.4694672,176.40034675598145,0,0
1595620416.4794753,178.20180416107178,0,0
1595620416.4894707,180.00098705291748,0,0
1595620416.4994748,181.80171489715576,0,0
1595620416.5094838,183.60334396362305,0,0
1595620416.519466,185.4001235961914,0,0
1595620416.5294683,187.20055103302002,0,0
1595620416.539465,188.9999485015869,0,0
1595620416.549474,190.8015775680542,0,0
1595620416.5594666,192.60024547576904,0,0
1595620416.5694685,194.40058708190918,0,0
1595620416.5794756,196.20187282562256,0,0
1595620416.589479,198.00247192382812,0,0
1595620416.599469,199.80066776275635,0,0
1595620416.6094744,201.60165309906006,0,0
1595620416.6194706,203.40096473693848,0,0
1595620416.6294749,205.201735496521,0,0
1595620416.6394796,207.002592086792,0,0
1595620416.6494746,208.80168914794922,0,0
1595620416.6594658,210.60009956359863,0,0
1595620416.6694796,212.40258693695068,0,0
1595620416.6794739,214.2015552520752,0,0
1595620416.68947,216.0008668899536,0,0
1595620416.6994784,217.80236721038818,0,0
1595620416.7094774,219.60219383239746,0,0
1595620416.719474,221.40159130096436,0,0
1595620416.7294776,223.20223331451416,0,0
1595620416.739476,225.00193119049072,0,0
1595620416.7494667,226.80025577545166,0,0
1595620416.7594776,228.60222816467285,0,0
1595620416.769474,230.4015827178955,0,0
1595620416.7794664,232.2002077102661,0,0
1595620416.789466,234.00012016296387,0,0
1595620416.7994752,235.8017921447754,0,0
1595620416.8094728,237.60136127471924,0,0
1595620416.8194773,239.402174949646,0,0
1595620416.8294668,241.20028495788574,0,0
1595620416.8394775,243.0022144317627,0,0
1595620416.849483,244.8031997680664,0,0
1595620416.8594756,246.60186767578125,0,0
1595620416.8694668,248.40027809143066,0,0
1595620416.879475,250.20177841186523,0,0
1595620416.8894784,252.0023775100708,0,0
1595620416.8994744,253.80164623260498,0,0
1595620416.909475,255.60177326202393,0,0
1595620416.9194665,257.4002265930176,0,0
1595620416.92948,259.2026710510254,0,0
1595620416.939465,260.9999656677246,0,0
1595620416.9494748,262.8017234802246,0,0
1595620416.9594748,264.60172176361084,0,0
1595620416.9694784,266.40236377716064,0,0
1595620416.9794772,268.2021474838257,0,0
1595620416.9894814,270.0029182434082,0,0
1595620416.9994812,271.8028736114502,0,0
1595620417.0094795,273.60257148742676,0,0
1595620417.01947,275.40085315704346,0,0
1595620417.0294712,277.2010660171509,0,0
1595620417.039467,279.00033473968506,0,0
1595620417.0494642,280.79981803894043,0,0
1595620417.059474,282.60157585144043,0,0
1595620417.0694733,284.40144538879395,0,0
1595620417.0794642,286.1998128890991,0,0
1595620417.0894697,288.00079822540283,0,0
1595620417.0994651,289.79998111724854,0,0
1595620417.1094697,291.6007947921753,0,0
1595620417.1194637,293.39972019195557,0,0
1595620417.1294665,295.20023345947266,0,0
1595620417.1394713,297.00109004974365,0,0
1595620417.1494803,298.80271911621094,0,0
1595620417.1594644,300.5998420715332,0,0
1595620417.1694756,302.40185737609863,0,0
1595620417.1794708,304.2009973526001,0,0
1595620417.1894817,306.0029697418213,0,0
1595620417.199483,307.8031826019287,0,0
1595620417.2094736,309.60150718688965,0,0
1595620417.2194674,311.4003896713257,0,0
1595620417.2294724,313.2012891769409,0,0
1595620417.2394676,315.0004291534424,0,0
1595620417.2494788,316.8024444580078,0,0
1595620417.259468,318.6005115509033,0,0
1595620417.2694767,320.40205478668213,0,0
1595620417.2794726,322.2013235092163,0,0
1595620417.2894707,324.00097846984863,0,0
1595620417.2994688,325.80063343048096,0,0
1595620417.309477,327.6021337509155,0,0
1595620417.3194659,329.40011501312256,0,0
1595620417.329468,331.20049953460693,0,0
1595620417.3394775,333.0022144317627,0,0
1595620417.3494692,334.8007106781006,0,0
1595620417.359482,336.6030263900757,0,0
1595620417.3694649,338.39993476867676,0,0
1595620417.3794744,340.2016496658325,0,0
1595620417.3894827,342.0031499862671,0,0
1595620417.3994648,343.79992961883545,0,0
1595620417.4094772,345.60215950012207,0,0
1595620417.4194758,347.40190029144287,0,0
1595620417.429475,349.2017698287964,0,0
1595620417.4394772,351.00215435028076,0,0
1595620417.449469,352.8006935119629,0,0
1595620417.4594662,354.60017681121826,0,0
1595620417.469465,356.3999605178833,0,0
1595620417.4794688,358.20064544677734,0,0
1595620417.4894762,360,0,1
1595620417.4894762,0,0,0
1595620417.4994931,1.8030452728271484,0,0
1595620417.5094943,3.6032581329345703,0,0
1595620417.5194874,5.402011871337891,0,0
1595620417.5294826,7.2011518478393555,0,0
1595620417.5394955,9.003467559814453,0,0
1595620417.5494807,10.80080509185791,0,0
1595620417.5594876,12.60204792022705,0,0
1595620417.569484,14.401402473449707,0,0
1595620417.579483,16.201229095458984,0,0
1595620417.5894842,18.001441955566406,0,0
1595620417.5994768,19.80010986328125,0,0
1595620417.6094818,21.601009368896484,0,0
1595620417.6194854,23.40165138244629,0,0
1595620417.629494,25.203194618225098,0,0
1595620417.6394851,27.00160503387451,0,0
1595620417.649479,28.800487518310547,0,0
1595620417.6594818,30.601000785827637,0,0
1595620417.6694953,32.40344524383545,0,0
1595620417.6794932,34.203057289123535,0,0
1595620417.689484,36.00138187408447,0,0
1595620417.699484,37.80142307281494,0,0
1595620417.709494,39.60322380065918,0,0
1595620417.7194853,41.401634216308594,0,0
1595620417.7294908,43.202619552612305,0,0
1595620417.7394822,45.00107288360596,0,0
1595620417.7494912,46.80270195007324,0,0
1595620417.759484,48.601412773132324,0,0
1595620417.7694776,50.40025234222412,0,0
1595620417.7794917,52.20278263092041,0,0
1595620417.789477,54.000163078308105,0,0
1595620417.7994788,55.800461769104004,0,0
1595620417.8094893,57.60234832763672,0,0
1595620417.8194785,59.40041542053223,0,0
1595620417.829489,61.20230197906494,0,0
1595620417.8394887,63.002257347106934,0,0
1595620417.8494775,64.80023860931396,0,0
1595620417.859494,66.60319805145264,0,0
1595620417.8694766,68.40006351470947,0,0
1595620417.8794947,70.20332336425781,0,0
1595620417.889486,72.00177669525146,0,0
1595620417.899493,73.8030195236206,0,0
1595620417.909485,75.60160160064697,0,0
1595620417.9194882,77.4021577835083,0,0
1595620417.9294899,79.2024564743042,0,0
1595620417.9394767,81.00009441375732,0,0
1595620417.9494777,82.80026435852051,0,0
1595620417.9594774,84.6002197265625,0,0
1595620417.9694924,86.40292167663574,0,0
1595620417.9794815,88.20094585418701,0,0
1595620417.989485,90.00158786773682,0,0
1595620417.9994895,91.80240154266357,0,0
1595620418.0094917,93.60278606414795,0,0
1595620418.0194802,95.40072441101074,0,0
1595620418.0294807,97.20080852508545,0,0
1595620418.0394795,99.00059223175049,0,0
1595620418.0494885,100.80222129821777,0,0
1595620418.0594904,102.60256290435791,0,0
1595620418.069494,104.40320491790771,0,0
1595620418.0794759,106.19994163513184,0,0
1595620418.0894825,108.00114154815674,0,0
1595620418.0994904,109.80255603790283,0,0
1595620418.1094878,111.60208225250244,0,0
1595620418.1194808,113.40083599090576,0,0
1595620418.1294935,115.20310878753662,0,0
1595620418.1394918,117.00280666351318,0,0
1595620418.1494834,118.80130290985107,0,0
1595620418.1594796,120.60061454772949,0,0
1595620418.1694787,122.40044116973877,0,0
1595620418.1794927,124.20297145843506,0,0
1595620418.1894786,126.00043773651123,0,0
1595620418.19949,127.8024959564209,0,0
1595620418.2094865,129.60185050964355,0,0
1595620418.219487,131.40193462371826,0,0
1595620418.2294838,133.2013750076294,0,0
1595620418.23949,135.00248908996582,0,0
1595620418.2494779,136.8002986907959,0,0
1595620418.2594857,138.601713180542,0,0
1595620418.2694845,140.40149688720703,0,0
1595620418.2794924,142.20291137695312,0,0
1595620418.2894936,144.00312423706055,0,0
1595620418.2994843,145.80144882202148,0,0
1595620418.3094845,147.60149002075195,0,0
1595620418.3194895,149.4023895263672,0,0
1595620418.3294842,151.20144367218018,0,0
1595620418.339484,153.00139904022217,0,0
1595620418.3494804,154.80075359344482,0,0
1595620418.3594842,156.60143852233887,0,0
1595620418.3694847,158.40152263641357,0,0
1595620418.3794892,160.20233631134033,0,0
1595620418.389489,162.00229167938232,0,0
1595620418.3994834,163.80130290985107,0,0
1595620418.4094894,165.60237407684326,0,0
1595620418.4194863,167.4018144607544,0,0
1595620418.4294772,169.20018196105957,0,0
1595620418.4394836,171.00133895874023,0,0
1595620418.44949,172.8024959564209,0,0
1595620418.459494,174.60322380065918,0,0
1595620418.4694755,176.39987468719482,0,0
1595620418.4794934,178.20309162139893,0,0
1595620418.4894917,180.0027894973755,0,0
1595620418.499494,181.8032169342041,0,0
1595620418.5094793,183.60055446624756,0,0
1595620418.5194778,185.40029525756836,0,0
1595620418.5294878,187.2020959854126,0,0
1595620418.5394897,189.00243759155273,0,0
1595620418.5494914,190.80273628234863,0,0
1595620418.5594902,192.60251998901367,0,0
1595620418.5694933,194.403076171875,0,0
1595620418.5794756,196.1998987197876,0,0
1595620418.5894802,198.00071239471436,0,0
1595620418.5994787,199.80045318603516,0,0
1595620418.6094828,201.60118103027344,0,0
1595620418.6194818,203.40100765228271,0,0
1595620418.629476,205.19997596740723,0,0
1595620418.6394918,207.00280666351318,0,0
1595620418.6494834,208.80130290985107,0,0
1595620418.6594875,210.60203075408936,0,0
1595620418.6694806,212.40078449249268,0,0
1595620418.679486,214.2017698287964,0,0
1595620418.689477,216.00013732910156,0,0
1595620418.6994803,217.80073642730713,0,0
1595620418.7094927,219.60296630859375,0,0
1595620418.7194805,221.40077590942383,0,0
1595620418.7294838,223.2013750076294,0,0
1595620418.7394836,225.0013303756714,0,0
1595620418.7494879,226.8021011352539,0,0
1595620418.75949,228.60248565673828,0,0
1595620418.7694883,230.40218353271484,0,0
1595620418.779492,232.20282554626465,0,0
1595620418.7894804,234.00076389312744,0,0
1595620418.799493,235.8030366897583,0,0
1595620418.8094933,237.60307788848877,0,0
1595620418.8194842,239.40144538879395,0,0
1595620418.829477,241.20015621185303,0,0
1595620418.8394892,243.0023431777954,0,0
1595620418.8494754,244.79985237121582,0,0
1595620418.8594828,246.60118103027344,0,0
1595620418.869478,248.4003210067749,0,0
1595620418.879489,250.2022933959961,0,0
1595620418.8894868,252.00190544128418,0,0
1595620418.8994853,253.80164623260498,0,0
1595620418.9094772,255.6001853942871,0,0
1595620418.919477,257.4001407623291,0,0
1595620418.9294913,259.20271396636963,0,0
1595620418.9394906,261.00258350372314,0,0
1595620418.9494872,262.80198097229004,0,0
1595620418.9594939,264.60318088531494,0,0
1595620418.9694872,266.4019775390625,0,0
1595620418.9794846,268.2015037536621,0,0
1595620418.9894753,269.99982833862305,0,0
1595620418.999477,271.80012702941895,0,0
1595620419.0094838,273.6013698577881,0,0
1595620419.0194764,275.40003776550293,0,0
1595620419.0294776,277.20025062561035,0,0
1595620419.0394895,279.0023946762085,0,0
1595620419.0494852,280.80162048339844,0,0
1595620419.0594938,282.60316371917725,0,0
1595620419.0694864,284.4018316268921,0,0
1595620419.079476,286.1999845504761,0,0
1595620419.089487,288.00195693969727,0,0
1595620419.099475,289.79976654052734,0,0
1595620419.1094816,291.60096645355225,0,0
1595620419.1194746,293.39972019195557,0,0
1595620419.1294763,295.20001888275146,0,0
1595620419.1394844,297.0014762878418,0,0
1595620419.1494784,298.80040168762207,0,0
1595620419.159491,300.60267448425293,0,0
1595620419.169485,302.4015998840332,0,0
1595620419.179477,304.20013904571533,0,0
1595620419.1894822,306.0010814666748,0,0
1595620419.199484,307.80142307281494,0,0
1595620419.2094886,309.6022367477417,0,0
1595620419.2194934,311.4030933380127,0,0
1595620419.2294757,313.1999158859253,0,0
1595620419.2394822,315.00107288360596,0,0
1595620419.2494876,316.80205821990967,0,0
1595620419.259478,318.60033988952637,0,0
1595620419.2694745,320.399694442749,0,0
1595620419.2794747,322.1997356414795,0,0
1595620419.2894912,324.00269508361816,0,0
1595620419.2994807,325.8008050918579,0,0
1595620419.3094893,327.6023483276367,0,0
1595620419.3194861,329.40178871154785,0,0
1595620419.329491,331.20264530181885,0,0
1595620419.3394842,333.0014419555664,0,0
1595620419.3494766,334.800066947937,0,0
1595620419.3594785,336.60040855407715,0,0
1595620419.369487,338.40195178985596,0,0
1595620419.3794937,340.20315170288086,0,0
1595620419.3894792,342.00053215026855,0,0
1595620419.399491,343.8026762008667,0,0
1595620419.4094868,345.60190200805664,0,0
1595620419.4194758,347.3999261856079,0,0
1595620419.429482,349.20104026794434,0,0
1595620419.4394825,351.00112438201904,0,0
1595620419.4494917,352.80279636383057,0,0
1595620419.459484,354.6014213562012,0,0
1595620419.4694815,356.4009475708008,0,0
1595620419.4794824,358.20111751556396,0,0
1595620419.4894857,360,0,1
1595620419.4894857,0,0,0
1595620419.4994953,1.8017148971557617,0,0
1595620419.5094986,3.602313995361328,0,0
1595620419.51949,5.4007673263549805,0,0
1595620419.5295014,7.202825546264648,0,0
1595620419.539501,9.002737998962402,0,0
1595620419.5494947,10.801620483398438,0,0
1595620419.559495,12.601661682128906,0,0
1595620419.5694866,14.400157928466797,0,0
1595620419.579494,16.201486587524414,0,0
1595620419.5895019,18.002901077270508,0,0
1595620419.5994875,19.80032444000244,0,0
1595620419.6095026,21.603026390075684,0,0
1595620419.6194894,23.40066432952881,0,0
1595620419.6294923,25.2011775970459,0,0
1595620419.6394904,27.000832557678223,0,0
1595620419.649489,28.800573348999023,0,0
1595620419.6594963,30.60190200805664,0,0
1595620419.6695044,32.40335941314697,0,0
1595620419.679494,34.20146942138672,0,0
1595620419.6894996,36.00249767303467,0,0
1595620419.6994958,37.801809310913086,0,0
1595620419.709502,39.60292339324951,0,0
1595620419.7194982,41.40223503112793,0,0
1595620419.7294908,43.20090293884277,0,0
1595620419.7394896,45.00068664550781,0,0
1595620419.749492,46.801114082336426,0,0
1595620419.7594855,48.59995365142822,0,0
1595620419.7694967,50.40196895599365,0,0
1595620419.779499,52.202396392822266,0,0
1595620419.789487,54.000205993652344,0,0
1595620419.7994978,55.802178382873535,0,0
1595620419.8094938,57.601447105407715,0,0
1595620419.8194923,59.401187896728516,0,0
1595620419.8295045,61.2033748626709,0,0
1595620419.8394952,63.001699447631836,0,0
1595620419.849496,64.80182647705078,0,0
1595620419.859492,66.6011381149292,0,0
1595620419.869501,68.40276718139648,0,0
1595620419.879503,70.20310878753662,0,0
1595620419.889496,72.00186252593994,0,0
1595620419.899491,73.80095958709717,0,0
1595620419.9095006,75.60267448425293,0,0
1595620419.9194999,77.40254402160645,0,0
1595620419.9294972,79.20207023620605,0,0
1595620419.939499,81.00236892700195,0,0
1595620419.9494936,82.80142307281494,0,0
1595620419.959495,84.6016788482666,0,0
1595620419.9694932,86.40133380889893,0,0
1595620419.979486,88.20004463195801,0,0
1595620419.9895015,90.00283241271973,0,0
1595620419.9994988,91.80235862731934,0,0
1595620420.0094912,93.60098361968994,0,0
1595620420.0195,95.40256977081299,0,0
1595620420.029499,97.20239639282227,0,0
1595620420.0394986,99.00230884552002,0,0
1595620420.0494902,100.80080509185791,0,0
1595620420.0594862,102.60007381439209,0,0
1595620420.069486,104.40002918243408,0,0
1595620420.0794878,106.20037078857422,0,0
1595620420.0894876,108.00032615661621,0,0
1595620420.0994906,109.80088233947754,0,0
1595620420.1094902,111.6007947921753,0,0
1595620420.1194983,113.40225219726562,0,0
1595620420.1295042,115.20332336425781,0,0
1595620420.1394897,117.00070381164551,0,0
1595620420.1494887,118.80053043365479,0,0
1595620420.1594877,120.60035705566406,0,0
1595620420.1694994,122.40245819091797,0,0
1595620420.1795025,124.2030143737793,0,0
1595620420.1894896,126.00069522857666,0,0
1595620420.1995022,127.80296802520752,0,0
1595620420.2094953,129.60172176361084,0,0
1595620420.2195013,131.40279293060303,0,0
1595620420.2294898,133.20073127746582,0,0
1595620420.2394955,135.00175952911377,0,0
1595620420.249493,136.80128574371338,0,0
1595620420.259494,138.6014986038208,0,0
1595620420.2694867,140.40016651153564,0,0
1595620420.2794962,142.2018814086914,0,0
1595620420.2894866,144.0001630783081,0,0
1595620420.2994897,145.80071926116943,0,0
1595620420.3094897,147.60071754455566,0,0
1595620420.3194873,149.4002866744995,0,0
1595620420.329496,151.20182991027832,0,0
1595620420.3394868,153.0001974105835,0,0
1595620420.349486,154.800066947937,0,0
1595620420.3594918,156.60109519958496,0,0
1595620420.369496,158.40186595916748,0,0
1595620420.3794987,160.20233631134033,0,0
1595620420.3894851,161.99988842010498,0,0
1595620420.399486,163.80005836486816,0,0
1595620420.4095025,165.60301780700684,0,0
1595620420.419485,167.39988327026367,0,0
1595620420.429489,169.20056819915771,0,0
1595620420.439485,170.99987983703613,0,0
1595620420.449498,172.80219554901123,0,0
1595620420.4595006,174.60266590118408,0,0
1595620420.4694998,176.4025354385376,0,0
1595620420.479488,178.2003879547119,0,0
1595620420.4894998,180.00253200531006,0,0
1595620420.4995005,181.802659034729,0,0
1595620420.5095007,183.60270023345947,0,0
1595620420.5194924,185.40119647979736,0,0
1595620420.5294912,187.2009801864624,0,0
1595620420.539496,189.0018367767334,0,0
1595620420.549491,190.80093383789062,0,0
1595620420.5594885,192.60050296783447,0,0
1595620420.56949,194.40075874328613,0,0
1595620420.5794964,196.2019157409668,0,0
1595620420.5895004,198.00264358520508,0,0
1595620420.5995026,199.80302810668945,0,0
1595620420.6094859,201.600022315979,0,0
1595620420.619495,203.4016513824463,0,0
1595620420.6295035,205.2031946182251,0,0
1595620420.639494,207.0014762878418,0,0
1595620420.6494896,208.80070209503174,0,0
1595620420.6594985,210.60228824615479,0,0
1595620420.669504,212.4032735824585,0,0
1595620420.6794875,214.20031070709229,0,0
1595620420.6895034,216.00318431854248,0,0
1595620420.699494,217.80146598815918,0,0
1595620420.709496,219.60185050964355,0,0
1595620420.7195008,221.40270709991455,0,0
1595620420.7294974,223.20210456848145,0,0
1595620420.7394912,225.00098705291748,0,0
1595620420.7494893,226.8006420135498,0,0
1595620420.7594914,228.60102653503418,0,0
1595620420.7694957,230.4017972946167,0,0
1595620420.7794886,232.20050811767578,0,0
1595620420.7894928,234.0012788772583,0,0
1595620420.7994952,235.8017063140869,0,0
1595620420.809486,237.60003089904785,0,0
1595620420.819503,239.40311908721924,0,0
1595620420.8295012,241.20277404785156,0,0
1595620420.839502,243.00294399261475,0,0
1595620420.8494902,244.80079650878906,0,0
1595620420.8594847,246.5998077392578,0,0
1595620420.8694947,248.40160846710205,0,0
1595620420.8794887,250.20053386688232,0,0
1595620420.8895032,252.0031499862671,0,0
1595620420.8994973,253.80207538604736,0,0
1595620420.9094968,255.60198783874512,0,0
1595620420.9194944,257.40155696868896,0,0
1595620420.9294996,259.20249938964844,0,0
1595620420.9394932,261.00133895874023,0,0
1595620420.949496,262.8018522262573,0,0
1595620420.959495,264.6016788482666,0,0
1595620420.9694932,266.4013338088989,0,0
1595620420.979494,268.2015037536621,0,0
1595620420.9894972,270.00205993652344,0,0
1595620420.9994977,271.80214405059814,0,0
1595620421.0095038,273.60325813293457,0,0
1595620421.0194988,275.4023551940918,0,0
1595620421.0294871,277.20025062561035,0,0
1595620421.0394986,279.00230884552,0,0
1595620421.049503,280.8031225204468,0,0
1595620421.0594916,282.60106086730957,0,0
1595620421.0694978,284.402174949646,0,0
1595620421.0794919,286.20110034942627,0,0
1595620421.0894866,288.00015449523926,0,0
1595620421.0994923,289.8011827468872,0,0
1595620421.1094851,291.5998935699463,0,0
1595620421.1194878,293.40036392211914,0,0
1595620421.129502,295.20293712615967,0,0
1595620421.1394877,297.0003604888916,0,0
1595620421.1495023,298.80297660827637,0,0
1595620421.1594899,300.6007432937622,0,0
1595620421.1694984,302.402286529541,0,0
1595620421.1795006,304.2026710510254,0,0
1595620421.189502,306.00292682647705,0,0
1595620421.1994848,307.7998352050781,0,0
1595620421.2095017,309.6028804779053,0,0
1595620421.2194955,311.4017629623413,0,0
1595620421.2294993,313.20244789123535,0,0
1595620421.2394896,315.0006866455078,0,0
1595620421.2494848,316.7998266220093,0,0
1595620421.259498,318.6021852493286,0,0
1595620421.2694967,320.40196895599365,0,0
1595620421.2794938,322.201452255249,0,0
1595620421.2894983,324.0022659301758,0,0
1595620421.2994993,325.80243587493896,0,0
1595620421.3094945,327.60157585144043,0,0
1595620421.319492,329.4011449813843,0,0
1595620421.3294854,331.19994163513184,0,0
1595620421.3394923,333.001184463501,0,0
1595620421.3495007,334.80268478393555,0,0
1595620421.3594978,336.6021680831909,0,0
1595620421.3695006,338.402681350708,0,0
1595620421.3794947,340.2016067504883,0,0
1595620421.3894846,341.9998025894165,0,0
1595620421.3995006,343.8026762008667,0,0
1595620421.4094949,345.6016445159912,0,0
1595620421.4194949,347.40164279937744,0,0
1595620421.4294977,349.20215606689453,0,0
1595620421.4394855,350.9999656677246,0,0
1595620421.449496,352.8018522262573,0,0
1595620421.4594882,354.6004343032837,0,0
1595620421.4694948,356.4016342163086,0,0
1595620421.479501,358.202748298645,0,0
1595620421.489493,360,0,1
1595620421.489493,0,0,0
1595620421.4995058,1.8023157119750977,0,0
1595620421.5094943,3.6002540588378906,0,0
1595620421.5195088,5.402870178222656,0,0
1595620421.5295043,7.202053070068359,0,0
1595620421.5394964,9.000635147094727,0,0
1595620421.5495052,10.802221298217773,0,0
1595620421.559512,12.603421211242676,0,0
1595620421.5695033,14.401874542236328,0,0
1595620421.579509,16.202902793884277,0,0
1595620421.58951,18.00307273864746,0,0
1595620421.5994997,19.801225662231445,0,0
1595620421.6094997,21.601223945617676,0,0
1595620421.619501,23.401479721069336,0,0
1595620421.6294966,25.20066261291504,0,0
1595620421.639495,27.0003604888916,0,0
1595620421.6495023,28.80168914794922,0,0
1595620421.659504,30.601987838745117,0,0
1595620421.6694987,32.401041984558105,0,0
1595620421.6795104,34.20314311981201,0,0
1595620421.6895046,36.00211143493652,0,0
1595620421.699498,37.80090808868408,0,0
1595620421.7095017,39.601593017578125,0,0
1595620421.7194936,41.400132179260254,0,0
1595620421.7295067,43.20249080657959,0,0
1595620421.7395012,45.00150203704834,0,0
1595620421.7494993,46.801156997680664,0,0
1595620421.7594929,48.59999656677246,0,0
1595620421.7694995,50.40119647979736,0,0
1595620421.7794967,52.200679779052734,0,0
1595620421.7895076,54.002652168273926,0,0
1595620421.7995086,55.80282211303711,0,0
1595620421.8095112,57.60329246520996,0,0
1595620421.819509,59.40290451049805,0,0
1595620421.8295012,61.201486587524414,0,0
1595620421.839505,63.00217151641846,0,0
1595620421.8495073,64.80259895324707,0,0
1595620421.859494,66.60019397735596,0,0
1595620421.8695047,68.40212345123291,0,0
1595620421.8794982,70.2009630203247,0,0
1595620421.88951,72.00306415557861,0,0
1595620421.8994968,73.80070209503174,0,0
1595620421.9095037,75.60194492340088,0,0
1595620421.919494,77.40018367767334,0,0
1595620421.9294953,79.200439453125,0,0
1595620421.9394953,81.00043773651123,0,0
1595620421.9494936,82.8001356124878,0,0
1595620421.9595084,84.6027946472168,0,0
1595620421.9694982,86.40094757080078,0,0
1595620421.9795024,88.2017183303833,0,0
1595620421.9894993,90.00115871429443,0,0
1595620421.9994972,91.80077075958252,0,0
1595620422.009502,93.60162734985352,0,0
1595620422.0195076,95.40265560150146,0,0
1595620422.0295022,97.20166683197021,0,0
1595620422.0395062,99.0023946762085,0,0
1595620422.049499,100.80110549926758,0,0
1595620422.0595,102.60127544403076,0,0
1595620422.0695112,104.40329074859619,0,0
1595620422.0795064,106.20243072509766,0,0
1595620422.0895007,108.00139904022217,0,0
1595620422.0995014,109.80152606964111,0,0
1595620422.1095114,111.60332679748535,0,0
1595620422.1195083,113.40276718139648,0,0
1595620422.1295106,115.2031946182251,0,0
1595620422.139508,117.0027208328247,0,0
1595620422.1495113,118.80331993103027,0,0
1595620422.1594982,120.6009578704834,0,0
1595620422.1694996,122.40121364593506,0,0
1595620422.1795025,124.20172691345215,0,0
1595620422.1894968,126.00069522857666,0,0
1595620422.1995053,127.80223846435547,0,0
1595620422.20951,129.60309505462646,0,0
1595620422.2194922,131.39987468719482,0,0
1595620422.2294984,133.20098876953125,0,0
1595620422.2395015,135.00154495239258,0,0
1595620422.249511,136.80325984954834,0,0
1595620422.2594936,138.60012531280518,0,0
1595620422.2694936,140.4001235961914,0,0
1595620422.2795,142.20128059387207,0,0
1595620422.2895105,144.00316715240479,0,0
1595620422.2994971,145.80076217651367,0,0
1595620422.309511,147.60324954986572,0,0
1595620422.319511,149.40324783325195,0,0
1595620422.3294978,151.20088577270508,0,0
1595620422.339507,153.0025577545166,0,0
1595620422.3495114,154.80332851409912,0,0
1595620422.3595028,156.60178184509277,0,0
1595620422.3695068,158.40250968933105,0,0
1595620422.379492,160.1998472213745,0,0
1595620422.3894932,162.00006008148193,0,0
1595620422.3995073,163.80259037017822,0,0
1595620422.4095078,165.60267448425293,0,0
1595620422.4194958,167.40052700042725,0,0
1595620422.4295104,169.203143119812,0,0
1595620422.4395032,171.0018539428711,0,0
1595620422.4495013,172.80150890350342,0,0
1595620422.4595068,174.60249423980713,0,0
1595620422.4694982,176.40094757080078,0,0
1595620422.4795017,178.2015895843506,0,0
1595620422.489509,180.0029182434082,0,0
1595620422.4994931,181.80004119873047,0,0
1595620422.509505,183.6021852493286,0,0
1595620422.519508,185.4026985168457,0,0
1595620422.5294921,187.1998643875122,0,0
1595620422.5395036,189.00192260742188,0,0
1595620422.549511,190.8032512664795,0,0
1595620422.5595,192.60127544403076,0,0
1595620422.5694938,194.4001579284668,0,0
1595620422.5795107,196.20320320129395,0,0
1595620422.589499,198.0010986328125,0,0
1595620422.599499,199.80109691619873,0,0
1595620422.6095011,201.6014814376831,0,0
1595620422.6194937,203.40014934539795,0,0
1595620422.629492,205.1998472213745,0,0
1595620422.6395056,207.00229167938232,0,0
1595620422.6494918,208.79980087280273,0,0
1595620422.6594923,210.59988498687744,0,0
1595620422.669507,212.40254402160645,0,0
1595620422.6794982,214.20095443725586,0,0
1595620422.6894999,216.00125312805176,0,0
1595620422.6994932,217.80004978179932,0,0
1595620422.709503,219.60180759429932,0,0
1595620422.719498,221.40090465545654,0,0
1595620422.7295103,223.20313453674316,0,0
1595620422.739501,225.0014591217041,0,0
1595620422.7495046,226.8021011352539,0,0
1595620422.7594938,228.6001682281494,0,0
1595620422.7694962,230.40059566497803,0,0
1595620422.7794974,232.20080852508545,0,0
1595620422.7895088,234.00286674499512,0,0
1595620422.799505,235.80217838287354,0,0
1595620422.809509,237.60290622711182,0,0
1595620422.819493,239.40002918243408,0,0
1595620422.8295043,241.2020444869995,0,0
1595620422.8394992,243.00114154815674,0,0
1595620422.8494947,244.80032444000244,0,0
1595620422.859502,246.60165309906006,0,0
1595620422.8694963,248.40062141418457,0,0
1595620422.8795094,250.2029800415039,0,0
1595620422.8894975,252.00083255767822,0,0
1595620422.899498,253.80091667175293,0,0
1595620422.9095035,255.60190200805664,0,0
1595620422.9195042,257.4020290374756,0,0
1595620422.9295018,259.20159816741943,0,0
1595620422.9394956,261.00048065185547,0,0
1595620422.9495065,262.80245304107666,0,0
1595620422.959507,264.60253715515137,0,0
1595620422.969504,266.40202045440674,0,0
1595620422.9795065,268.20244789123535,0,0
1595620422.9894931,270.00004291534424,0,0
1595620422.9995039,271.8019723892212,0,0
1595620423.0095007,273.6014127731323,0,0
1595620423.0194993,275.4011535644531,0,0
1595620423.0294945,277.2002935409546,0,0
1595620423.039504,279.00200843811035,0,0
1595620423.0494945,280.80029010772705,0,0
1595620423.059508,282.60273456573486,0,0
1595620423.0694914,284.3997287750244,0,0
1595620423.079509,286.2029027938843,0,0
1595620423.0895002,288.0013132095337,0,0
1595620423.0995054,289.80225563049316,0,0
1595620423.1095028,291.6017818450928,0,0
1595620423.1195,293.40126514434814,0,0
1595620423.1295094,295.2029800415039,0,0
1595620423.1395037,297.0019483566284,0,0
1595620423.1495008,298.8014316558838,0,0
1595620423.1594946,300.6003141403198,0,0
1595620423.169493,302.4000120162964,0,0
1595620423.179492,304.19983863830566,0,0
1595620423.1895106,306.0031843185425,0,0
1595620423.1995099,307.803053855896,0,0
1595620423.209504,309.60197925567627,0,0
1595620423.219501,311.40146255493164,0,0
1595620423.2295082,313.202748298645,0,0
1595620423.2395012,315.00150203704834,0,0
1595620423.2494993,316.80115699768066,0,0
1595620423.259498,318.60089778900146,0,0
1595620423.2695014,320.40153980255127,0,0
1595620423.2794983,322.2009801864624,0,0
1595620423.289507,324.0025234222412,0,0
1595620423.2994988,325.80106258392334,0,0
1595620423.309495,327.60037422180176,0,0
1595620423.319507,329.4025182723999,0,0
1595620423.329508,331.2027311325073,0,0
1595620423.3394983,333.0009698867798,0,0
1595620423.3495023,334.80169773101807,0,0
1595620423.3594937,336.6001510620117,0,0
1595620423.3695078,338.402681350708,0,0
1595620423.379496,340.20057678222656,0,0
1595620423.3895056,342.0022916793823,0,0
1595620423.3994915,343.7997579574585,0,0
