Type = Mirollor Strogatz (-ish),Function = Peskin,Refract =0.05,Epsilon =0.3,Gamma =5,Start_phase =59
Timestamp,Phase,Offset,Ping?
1596165187,59,0,0
1596165187.01,60.79845333099365,0.3277777777777778,0
1596165187.02,62.59797954559326,0.3277777777777778,0
1596165187.03,64.39999485015869,0.3277777777777778,0
1596165187.04,66.19990730285645,0.3277777777777778,0
1596165187.05,67.99763107299805,0.3277777777777778,0
1596165187.06,69.79874515533447,0.3277777777777778,0
1596165187.07,71.59741306304932,0.3277777777777778,0
1596165187.08,73.39921379089355,0.3277777777777778,0
1596165187.09,75.19955539703369,0.3277777777777778,0
1596165187.1,76.99993991851807,0.3277777777777778,0
1596165187.11,78.79809284210205,0.3277777777777778,0
1596165187.12,80.59976482391357,0.3277777777777778,0
1596165187.1299999,82.3985185623169,0.3277777777777778,0
1596165187.1399999,84.19907474517822,0.3277777777777778,0
1596165187.1499999,85.99894428253174,0.3277777777777778,0
1596165187.1599998,87.79928588867188,0.3277777777777778,0
1596165187.1699998,89.59756755828857,0.3277777777777778,0
1596165187.1799998,91.39833831787108,0.3277777777777778,0
1596165187.1899998,93.19726371765135,0.3277777777777778,0
1596165187.1999998,94.99949359893797,0.3277777777777778,0
1596165187.2099998,96.797474861145,0.3277777777777778,0
1596165187.2199998,98.59781646728514,0.3277777777777778,0
1596165187.2299998,100.3980722427368,0.3277777777777778,0
1596165187.2399998,102.19867134094237,0.3277777777777778,0
1596165187.2499998,103.99871253967284,0.3277777777777778,0
1596165187.2599998,105.79978370666502,0.3277777777777778,0
1596165187.2699997,107.59785079956053,0.3277777777777778,0
1596165187.2799997,109.40008068084715,0.3277777777777778,0
1596165187.2899997,111.19840526580809,0.3277777777777778,0
1596165187.2999997,112.99866104125975,0.3277777777777778,0
1596165187.3099997,114.79762935638426,0.3277777777777778,0
1596165187.3199997,116.59745597839354,0.3277777777777778,0
1596165187.3299997,118.40002918243407,0.3277777777777778,0
1596165187.3399997,120.1980104446411,0.3277777777777778,0
1596165187.3499997,121.99869537353514,0.3277777777777778,0
1596165187.3599997,123.7971487045288,0.3277777777777778,0
1596165187.3699996,125.59882068634032,0.3277777777777778,0
1596165187.3799996,127.3969736099243,0.3277777777777778,0
1596165187.3899996,129.19898891448975,0.3277777777777778,0
1596165187.3999996,130.9986867904663,0.3277777777777778,0
1596165187.4099996,132.79799842834473,0.3277777777777778,0
1596165187.4199996,134.59722423553467,0.3277777777777778,0
1596165187.4299996,136.3981237411499,0.3277777777777778,0
1596165187.4399996,138.19747829437256,0.3277777777777778,0
1596165187.4499996,139.99833488464355,0.3277777777777778,0
1596165187.4599996,141.7976894378662,0.3277777777777778,0
1596165187.4699996,143.5995330810547,0.3277777777777778,0
1596165187.4799995,145.39893054962158,0.3277777777777778,0
1596165187.4899995,147.1993579864502,0.3277777777777778,0
1596165187.4999995,148.9988842010498,0.3277777777777778,0
1596165187.5099995,150.79832458496094,0.3277777777777778,0
1596165187.5199995,152.60012531280518,0.3277777777777778,0
1596165187.5299995,154.39789199829102,0.3277777777777778,0
1596165187.5399995,156.19698905944824,0.3277777777777778,0
1596165187.5499995,157.99831771850586,0.3277777777777778,0
1596165187.5599995,159.79913139343262,0.3277777777777778,0
1596165187.5699995,161.59702682495117,0.3277777777777778,0
1596165187.5799994,163.39852714538574,0.3277777777777778,0
1596165187.5899994,165.19762420654297,0.3277777777777778,0
1596165187.5999994,166.99745082855225,0.3277777777777778,0
1596165187.6099994,168.79830741882324,0.3277777777777778,0
1596165187.6199994,170.59864902496338,0.3277777777777778,0
1596165187.6299994,172.39911937713623,0.3277777777777778,0
1596165187.6399994,174.20019054412842,0.3277777777777778,0
1596165187.6499994,175.99877262115479,0.3277777777777778,0
1596165187.6599994,177.79791259765625,0.3277777777777778,0
1596165187.6699994,179.59902667999268,0.3277777777777778,0
1596165187.6799994,181.40009784698486,0.3277777777777778,0
1596165187.6899993,183.1969633102417,0.3277777777777778,0
1596165187.6999993,184.99854946136475,0.3277777777777778,0
1596165187.7099993,186.79932022094727,0.3277777777777778,0
1596165187.7199993,188.59858894348145,0.3277777777777778,0
1596165187.7299993,190.39854431152344,0.3277777777777778,0
1596165187.7399993,192.1988000869751,0.3277777777777778,0
1596165187.7499993,193.99884128570557,0.3277777777777778,0
1596165187.7599993,195.79892539978027,0.3277777777777778,0
1596165187.7699993,197.59918117523193,0.3277777777777778,0
1596165187.7799993,199.40003776550293,0.3277777777777778,0
1596165187.7899992,201.19926357269287,0.3277777777777778,0
1596165187.7999992,202.99677276611328,0.3277777777777778,0
1596165187.8099992,204.79848766326904,0.3277777777777778,0
1596165187.8199992,206.5991725921631,0.3277777777777778,0
1596165187.8299992,208.39706802368164,0.3277777777777778,0
1596165187.8399992,210.1986541748047,0.3277777777777778,0
1596165187.8499992,211.99882411956787,0.3277777777777778,0
1596165187.8599992,213.79779243469238,0.3277777777777778,0
1596165187.8699992,215.5968894958496,0.3277777777777778,0
1596165187.8799992,217.39791774749756,0.3277777777777778,0
1596165187.8899992,219.20019054412842,0.3277777777777778,0
1596165187.8999991,220.9986867904663,0.3277777777777778,0
1596165187.9099991,222.79950046539307,0.3277777777777778,0
1596165187.9199991,224.60009956359863,0.3277777777777778,0
1596165187.929999,226.39984035491943,0.3277777777777778,0
1596165187.939999,228.19777870178223,0.3277777777777778,0
1596165187.949999,229.99743366241455,0.3277777777777778,0
1596165187.959999,231.79897689819336,0.3277777777777778,0
1596165187.969999,233.59811687469482,0.3277777777777778,0
1596165187.979999,235.39893054962158,0.3277777777777778,0
1596165187.989999,237.19751262664795,0.3277777777777778,0
1596165187.999999,238.99768257141113,0.3277777777777778,0
1596165188.009999,240.79944038391113,0.3277777777777778,0
1596165188.019999,242.5989236831665,0.3277777777777778,0
1596165188.029999,244.39913654327393,0.3277777777777778,0
1596165188.039999,246.19969272613525,0.3277777777777778,0
1596165188.049999,247.99763107299805,0.3277777777777778,0
1596165188.059999,249.79986095428467,0.3277777777777778,0
1596165188.069999,251.59831428527832,0.3277777777777778,0
1596165188.079999,253.39749717712402,0.3277777777777778,0
1596165188.089999,255.19946956634521,0.3277777777777778,0
1596165188.099999,256.99689292907715,0.3277777777777778,0
1596165188.109999,258.7985649108887,0.3277777777777778,0
1596165188.119999,260.5989923477173,0.3277777777777778,0
1596165188.129999,262.39924812316895,0.3277777777777778,0
1596165188.139999,264.1967144012451,0.3277777777777778,0
1596165188.149999,265.9985580444336,0.3277777777777778,0
1596165188.159999,267.7990713119507,0.3277777777777778,0
1596165188.169999,269.5991554260254,0.3277777777777778,0
1596165188.1799989,271.39838123321533,0.3277777777777778,0
1596165188.1899989,273.1994094848633,0.3277777777777778,0
1596165188.1999989,274.99833488464355,0.3277777777777778,0
1596165188.2099988,276.7972173690796,0.3277777777777778,0
1596165188.2199988,278.59725856781006,0.3277777777777778,0
1596165188.2299988,280.3974714279175,0.3277777777777778,0
1596165188.2399988,282.1988000869751,0.3277777777777778,0
1596165188.2499988,283.99836921691895,0.3277777777777778,0
1596165188.2599988,285.7969083786011,0.3277777777777778,0
1596165188.2699988,287.59763622283936,0.3277777777777778,0
1596165188.2799988,289.3969478607178,0.3277777777777778,0
1596165188.2899988,291.19900608062744,0.3277777777777778,0
1596165188.2999988,292.997802734375,0.3277777777777778,0
1596165188.3099988,294.797758102417,0.3277777777777778,0
1596165188.3199987,296.5968551635742,0.3277777777777778,0
1596165188.3299987,298.3982696533203,0.3277777777777778,0
1596165188.3399987,300.1966800689697,0.3277777777777778,0
1596165188.3499987,301.99800872802734,0.3277777777777778,0
1596165188.3599987,303.79719161987305,0.3277777777777778,0
1596165188.3699987,305.5976619720459,0.3277777777777778,0
1596165188.3799987,307.3995056152344,0.3277777777777778,0
1596165188.3899987,309.19710063934326,0.3277777777777778,0
1596165188.3999987,310.99830055236816,0.3277777777777778,0
1596165188.4099987,312.7999725341797,0.3277777777777778,0
1596165188.4199986,314.5967092514038,0.3277777777777778,0
1596165188.4299986,316.39692211151123,0.3277777777777778,0
1596165188.4399986,318.19666290283203,0.3277777777777778,0
1596165188.4499986,319.9973907470703,0.3277777777777778,0
1596165188.4599986,321.7972602844238,0.3277777777777778,0
1596165188.4699986,323.5968723297119,0.3277777777777778,0
1596165188.4799986,325.3977289199829,0.3277777777777778,0
1596165188.4899986,327.19910049438477,0.3277777777777778,0
1596165188.4999986,328.99759674072266,0.3277777777777778,0
1596165188.5099986,330.79935455322266,0.3277777777777778,0
1596165188.5199986,332.5967779159546,0.3277777777777778,0
1596165188.5299985,334.39716243743896,0.3277777777777778,0
1596165188.5399985,336.19690322875977,0.3277777777777778,0
1596165188.5499985,337.9975881576538,0.3277777777777778,0
1596165188.5599985,339.7985305786133,0.3277777777777778,0
1596165188.5699985,341.5970268249512,0.3277777777777778,0
1596165188.5799985,343.397497177124,0.3277777777777778,0
1596165188.5899985,345.1986970901489,0.3277777777777778,0
1596165188.5999985,346.99689292907715,0.3277777777777778,0
1596165188.6099985,348.7980070114136,0.3277777777777778,0
1596165188.6199985,350.5996789932251,0.3277777777777778,0
1596165188.6299984,352.3977460861206,0.3277777777777778,0
1596165188.6399984,354.1992464065552,0.3277777777777778,0
1596165188.6499984,355.9967555999756,0.3277777777777778,0
1596165188.6599984,357.7992858886719,0.3277777777777778,0
1596165188.6699984,359.5982971191406,0.3277777777777778,0
1596165188.6722465,360,0.3277777777777778,1
1596165188.6722465,0,0,0
1596165188.6822464,1.8002986907958984,0,0
1596165188.6922464,3.6005115509033203,0,0
1596165188.7022464,5.400509834289551,0,0
1596165188.7122464,7.201967239379883,0,0
1596165188.7222464,9.000678062438965,0,0
1596165188.7322464,10.802435874938965,0,0
1596165188.7422464,12.601103782653809,0,0
1596165188.7522464,14.401359558105469,0,0
1596165188.7622464,16.201529502868652,0,0
1596165188.7722464,18.00234317779541,0,0
1596165188.7822464,19.80264186859131,0,0
1596165188.7922463,21.602468490600586,0,0
1596165188.8022463,23.40315341949463,0,0
1596165188.8122463,25.20066261291504,0,0
1596165188.8222463,27.002849578857422,0,0
1596165188.8322463,28.80113124847412,0,0
1596165188.840724,30.325956344604492,0,0
1596165188.840724,74.72268832242061,0.24664851098786733,0
1596165188.8422463,74.99884856259395,0.24664851098786733,0
1596165188.8522463,76.79734480893184,0.24664851098786733,0
1596165188.8622463,78.59927428280879,0.24664851098786733,0
1596165188.8722463,80.3997017196374,0.24664851098786733,0
1596165188.8822463,82.19935668026973,0.24664851098786733,0
1596165188.8922462,83.99678004300166,0.24664851098786733,0
1596165188.9022462,85.79716456448604,0.24664851098786733,0
1596165188.9122462,87.5974203399377,0.24664851098786733,0
1596165188.9222462,89.39746153866817,0.24664851098786733,0
1596165188.9322462,91.19943392788936,0.24664851098786733,0
1596165188.9422462,92.99668562924434,0.24664851098786733,0
1596165188.9522462,94.79917300259639,0.24664851098786733,0
1596165188.9622462,96.59809840237666,0.24664851098786733,0
1596165188.9722462,98.39981329953243,0.24664851098786733,0
1596165188.9822462,100.1987386993127,0.24664851098786733,0
1596165188.9922462,101.99963820492793,0.24664851098786733,0
1596165189.0022461,103.79955065762569,0.24664851098786733,0
1596165189.0122461,105.5976177505212,0.24664851098786733,0
1596165189.0222461,107.3986030868249,0.24664851098786733,0
1596165189.032246,109.19894469296504,0.24664851098786733,0
1596165189.042246,110.99898589169551,0.24664851098786733,0
1596165189.052246,112.79911292111446,0.24664851098786733,0
1596165189.062246,114.60001242672969,0.24664851098786733,0
1596165189.072246,116.39679205929805,0.24664851098786733,0
1596165189.082246,118.19953692471553,0.24664851098786733,0
1596165189.092246,119.99983561551143,0.24664851098786733,0
1596165189.102246,121.79790270840694,0.24664851098786733,0
1596165189.112246,123.5996176055627,0.24664851098786733,0
1596165189.122246,125.39867175137569,0.24664851098786733,0
1596165189.132246,127.1985412887292,0.24664851098786733,0
1596165189.142246,128.99896872555783,0.24664851098786733,0
1596165189.152246,130.7976795486169,0.24664851098786733,0
1596165189.162246,132.59780657803586,0.24664851098786733,0
1596165189.172246,134.40003645932248,0.24664851098786733,0
1596165189.182246,136.19896185910275,0.24664851098786733,0
1596165189.192246,137.99865973507931,0.24664851098786733,0
1596165189.202246,139.79857218777707,0.24664851098786733,0
1596165189.212246,141.5985704711633,0.24664851098786733,0
1596165189.222246,143.39672339474728,0.24664851098786733,0
1596165189.232246,145.1980520538049,0.24664851098786733,0
1596165189.242246,146.99976695096066,0.24664851098786733,0
1596165189.252246,148.7975336364465,0.24664851098786733,0
1596165189.262246,150.59830439602902,0.24664851098786733,0
1596165189.272246,152.3995901397424,0.24664851098786733,0
1596165189.2822459,154.19907343899777,0.24664851098786733,0
1596165189.2922459,155.99735510861447,0.24664851098786733,0
1596165189.3022459,157.7995849899011,0.24664851098786733,0
1596165189.3122458,159.599883680697,0.24664851098786733,0
1596165189.3222458,161.39949572598508,0.24664851098786733,0
1596165189.3322458,163.19906485592892,0.24664851098786733,0
1596165189.3422458,164.99700320279172,0.24664851098786733,0
1596165189.3522458,166.79901850735715,0.24664851098786733,0
1596165189.3622458,168.59923136746457,0.24664851098786733,0
1596165189.3722458,170.39875758206418,0.24664851098786733,0
1596165189.3822458,172.19768298184445,0.24664851098786733,0
1596165189.3922458,173.9966942123132,0.24664851098786733,0
1596165189.4022458,175.7995678237634,0.24664851098786733,0
1596165189.4122458,177.59862196957639,0.24664851098786733,0
1596165189.4222457,179.39690363919308,0.24664851098786733,0
1596165189.4322457,181.199004774447,0.24664851098786733,0
1596165189.4422457,182.99702895199826,0.24664851098786733,0
1596165189.4522457,184.7973705581384,0.24664851098786733,0
1596165189.4622457,186.5982271484094,0.24664851098786733,0
1596165189.4722457,188.39792502438596,0.24664851098786733,0
1596165189.4822457,190.19899619137814,0.24664851098786733,0
1596165189.4922457,191.99727786099484,0.24664851098786733,0
1596165189.5022457,193.7975336364465,0.24664851098786733,0
1596165189.5122457,195.59697402035764,0.24664851098786733,0
1596165189.5222456,197.39898932492306,0.24664851098786733,0
1596165189.5322456,199.1975284866052,0.24664851098786733,0
1596165189.5422456,200.99735510861447,0.24664851098786733,0
1596165189.5522456,202.7970100692468,0.24664851098786733,0
1596165189.5622456,204.5970941833215,0.24664851098786733,0
1596165189.5722456,206.39734995877316,0.24664851098786733,0
1596165189.5822456,208.19704783474972,0.24664851098786733,0
1596165189.5922456,209.99713194882443,0.24664851098786733,0
1596165189.6022456,211.79979098355344,0.24664851098786733,0
1596165189.6122456,213.598587637301,0.24664851098786733,0
1596165189.6222456,215.39751303708127,0.24664851098786733,0
1596165189.6322455,217.19836962735226,0.24664851098786733,0
1596165189.6422455,218.99828208005002,0.24664851098786733,0
1596165189.6522455,220.79772246396115,0.24664851098786733,0
1596165189.6622455,222.5984073928552,0.24664851098786733,0
1596165189.6722455,224.39698946988156,0.24664851098786733,0
1596165189.6822455,226.19758856808713,0.24664851098786733,0
1596165189.6922455,227.99694312130978,0.24664851098786733,0
1596165189.7022455,229.79857218777707,0.24664851098786733,0
1596165189.7122455,231.5982271484094,0.24664851098786733,0
1596165189.7222455,233.3980966857629,0.24664851098786733,0
1596165189.7322454,235.19702208554318,0.24664851098786733,0
1596165189.7422454,236.99736369168332,0.24664851098786733,0
1596165189.7522454,238.7993360809045,0.24664851098786733,0
1596165189.7622454,240.59959185635617,0.24664851098786733,0
1596165189.7722454,242.3981310180383,0.24664851098786733,0
1596165189.7822454,244.19993174588254,0.24664851098786733,0
1596165189.7922454,245.99653971707394,0.24664851098786733,0
1596165189.8022454,247.79696715390256,0.24664851098786733,0
1596165189.8122454,249.59752333676389,0.24664851098786733,0
1596165189.8222454,251.39902365719846,0.24664851098786733,0
1596165189.8322453,253.19760573422482,0.24664851098786733,0
1596165189.8422453,254.99691737210324,0.24664851098786733,0
1596165189.8522453,256.7992330840783,0.24664851098786733,0
1596165189.8622453,258.5987592986779,0.24664851098786733,0
1596165189.8722453,260.3978134444909,0.24664851098786733,0
1596165189.8822453,262.19927084958124,0.24664851098786733,0
1596165189.8922453,263.9987541488366,0.24664851098786733,0
1596165189.9022453,265.7967783263879,0.24664851098786733,0
1596165189.9122453,267.5994373611169,0.24664851098786733,0
1596165189.9222453,269.39690363919306,0.24664851098786733,0
1596165189.9322453,271.19707358395624,0.24664851098786733,0
1596165189.9422452,272.9966427139001,0.24664851098786733,0
1596165189.9522452,274.7966409972863,0.24664851098786733,0
1596165189.9622452,276.59908545529413,0.24664851098786733,0
1596165189.9722452,278.3994699767785,0.24664851098786733,0
1596165189.9822452,280.1992107680993,0.24664851098786733,0
1596165189.9922452,281.9970203689294,0.24664851098786733,0
1596165190.0022452,283.79740489041376,0.24664851098786733,0
1596165190.0122452,285.5996776870446,0.24664851098786733,0
1596165190.0222452,287.39967597043085,0.24664851098786733,0
1596165190.0322452,289.19684184109735,0.24664851098786733,0
1596165190.0422451,290.9997583678918,0.24664851098786733,0
1596165190.0522451,292.7992845824914,0.24664851098786733,0
1596165190.0622451,294.5986820510583,0.24664851098786733,0
1596165190.0722451,296.3973928741174,0.24664851098786733,0
1596165190.082245,298.197820310946,0.24664851098786733,0
1596165190.092245,299.99799025570917,0.24664851098786733,0
1596165190.102245,301.7981172851281,0.24664851098786733,0
1596165190.112245,303.5987163833337,0.24664851098786733,0
1596165190.122245,305.3970409682946,0.24664851098786733,0
1596165190.132245,307.1972109130578,0.24664851098786733,0
1596165190.142245,308.996479635592,0.24664851098786733,0
1596165190.152245,310.79922450100946,0.24664851098786733,0
1596165190.162245,312.59827864682245,0.24664851098786733,0
1596165190.172245,314.399778967257,0.24664851098786733,0
1596165190.182245,316.1982322982507,0.24664851098786733,0
1596165190.192245,317.9990030578332,0.24664851098786733,0
1596165190.202245,319.7990871719079,0.24664851098786733,0
1596165190.212245,321.59887087857294,0.24664851098786733,0
1596165190.222245,323.39741004025507,0.24664851098786733,0
1596165190.232245,325.19723666226434,0.24664851098786733,0
1596165190.242245,326.99899447476434,0.24664851098786733,0
1596165190.252245,328.79830611264276,0.24664851098786733,0
1596165190.262245,330.59980643307733,0.24664851098786733,0
1596165190.272245,332.3995901397424,0.24664851098786733,0
1596165190.282245,334.1990305236535,0.24664851098786733,0
1596165190.292245,335.9989858916955,0.24664851098786733,0
1596165190.302245,337.7967096618371,0.24664851098786733,0
1596165190.312245,339.5980383208947,0.24664851098786733,0
1596165190.322245,341.3991953185754,0.24664851098786733,0
1596165190.3322449,343.19734824215936,0.24664851098786733,0
1596165190.3422449,344.99730361020136,0.24664851098786733,0
1596165190.3522449,346.7969585708337,0.24664851098786733,0
1596165190.3622448,348.5983730605798,0.24664851098786733,0
1596165190.3722448,350.39832842862177,0.24664851098786733,0
1596165190.3822448,352.1968675903039,0.24664851098786733,0
1596165190.3922448,353.99926913296747,0.24664851098786733,0
1596165190.4022448,355.79686415707636,0.24664851098786733,0
1596165190.4122448,357.59960902249384,0.24664851098786733,0
1596165190.4222448,359.3998647979455,0.24664851098786733,0
1596165190.4256089,360,0.24664851098786733,1
1596165190.4256089,0,0,0
1596165190.4356089,1.8027019500732422,0,0
1596165190.4456089,3.6014556884765625,0,0
1596165190.4556088,5.40278434753418,0,0
1596165190.4656088,7.2032976150512695,0,0
1596165190.4756088,9.00230884552002,0,0
1596165190.4856088,10.800719261169434,0,0
1596165190.4956088,12.600417137145996,0,0
1596165190.5056088,14.40183162689209,0,0
1596165190.5156088,16.20230197906494,0,0
1596165190.5256088,18.002214431762695,0,0
1596165190.5356088,19.800968170166016,0,0
1596165190.5456088,21.602683067321777,0,0
1596165190.5556087,23.4023380279541,0,0
1596165190.5656087,25.20315170288086,0,0
1596165190.5756087,27.00117588043213,0,0
1596165190.5856087,28.801088333129883,0,0
1596165190.5956087,30.602545738220215,0,0
1596165190.6056087,32.40185737609863,0,0
1596165190.6156087,34.20125484466553,0,0
1596165190.6256087,36.00296974182129,0,0
1596165190.6356087,37.80271053314209,0,0
1596165190.6456087,39.60073471069336,0,0
1596165190.6556087,41.40026092529297,0,0
1596165190.6656086,43.20180416107178,0,0
1596165190.6756086,45.00124454498291,0,0
1596165190.6856086,46.80270195007324,0,0
1596165190.6956086,48.600897789001465,0,0
1596165190.7056086,50.40050983428955,0,0
1596165190.7156086,52.20059394836426,0,0
1596165190.7256086,54.00256633758545,0,0
1596165190.7356086,55.801405906677246,0,0
1596165190.7456086,57.60007381439209,0,0
1596165190.7556086,59.40264701843262,0,0
1596165190.7656085,61.200928688049316,0,0
1596165190.7756085,63.000240325927734,0,0
1596165190.7856085,64.80071067810059,0,0
1596165190.7956085,66.60272598266602,0,0
1596165190.8056085,68.40027809143066,0,0
1596165190.8156085,70.20263671875,0,0
1596165190.8256085,72.00314998626709,0,0
1596165190.8356085,73.80198955535889,0,0
1596165190.8395865,74.51597213745117,0,0
1596165190.8395865,211.21107706373704,0.759417249590477,0
1596165190.8456085,212.2963202888347,0.759417249590477,0
1596165190.8556085,214.0966189796306,0.759417249590477,0
1596165190.8656085,215.89575895613206,0.759417249590477,0
1596165190.8756084,217.69605764692795,0.759417249590477,0
1596165190.8856084,219.49712881392014,0.759417249590477,0
1596165190.8956084,221.29566797560227,0.759417249590477,0
1596165190.9056084,223.09648165052903,0.759417249590477,0
1596165190.9156084,224.89609369581711,0.759417249590477,0
1596165190.9256084,226.69767984694016,0.759417249590477,0
1596165190.9356084,228.4966910774089,0.759417249590477,0
1596165190.9456084,230.2984488899089,0.759417249590477,0
1596165190.9556084,232.09776052778733,0.759417249590477,0
1596165190.9656084,233.89569887465012,0.759417249590477,0
1596165190.9756083,235.6964267188884,0.759417249590477,0
1596165190.9856083,237.4961675102092,0.759417249590477,0
1596165190.9956083,239.29809698408616,0.759417249590477,0
1596165191.0056083,241.09517702406418,0.759417249590477,0
1596165191.0156083,242.89599069899094,0.759417249590477,0
1596165191.0256083,244.69727644270432,0.759417249590477,0
1596165191.0356083,246.49581560438645,0.759417249590477,0
1596165191.0456083,248.29765924757493,0.759417249590477,0
1596165191.0556083,250.0969279701091,0.759417249590477,0
1596165191.0656083,251.89821371382249,0.759417249590477,0
1596165191.0756083,253.6955083305217,0.759417249590477,0
1596165191.0856082,255.49709448164475,0.759417249590477,0
1596165191.0956082,257.2982514793254,0.759417249590477,0
1596165191.1056082,259.09644731825364,0.759417249590477,0
1596165191.1156082,260.89700350111497,0.759417249590477,0
1596165191.1256082,262.6970017845012,0.759417249590477,0
1596165191.1356082,264.4954980308391,0.759417249590477,0
1596165191.1456082,266.29575380629075,0.759417249590477,0
1596165191.1556082,268.09798368757737,0.759417249590477,0
1596165191.1656082,269.898411124406,0.759417249590477,0
1596165191.1756082,271.69574865644944,0.759417249590477,0
1596165191.1856081,273.49660524672043,0.759417249590477,0
1596165191.1956081,275.29737600630295,0.759417249590477,0
1596165191.2056081,277.09509977644456,0.759417249590477,0
1596165191.2156081,278.89698633497727,0.759417249590477,0
1596165191.225608,280.69646963423264,0.759417249590477,0
1596165191.235608,282.497927039323,0.759417249590477,0
1596165191.245608,284.2973674232341,0.759417249590477,0
1596165191.255608,286.0957349235393,0.759417249590477,0
1596165191.265608,287.89564737623704,0.759417249590477,0
1596165191.275608,289.69517359083665,0.759417249590477,0
1596165191.285608,291.49615892714036,0.759417249590477,0
1596165191.295608,293.2980884010173,0.759417249590477,0
1596165191.305608,295.0976146156169,0.759417249590477,0
1596165191.315608,296.89503797834885,0.759417249590477,0
1596165191.325608,298.6982978278972,0.759417249590477,0
1596165191.335608,300.49765238111985,0.759417249590477,0
1596165191.345608,302.2961057121135,0.759417249590477,0
1596165191.355608,304.097949355302,0.759417249590477,0
1596165191.365608,305.8976901466228,0.759417249590477,0
1596165191.375608,307.6965297157146,0.759417249590477,0
1596165191.385608,309.4960988456584,0.759417249590477,0
1596165191.395608,311.2963546211101,0.759417249590477,0
1596165191.405608,313.09583792036545,0.759417249590477,0
1596165191.415608,314.8978532249309,0.759417249590477,0
1596165191.425608,316.6967357093669,0.759417249590477,0
1596165191.435608,318.4974635536052,0.759417249590477,0
1596165191.445608,320.2951873237468,0.759417249590477,0
1596165191.455608,322.09844717329514,0.759417249590477,0
1596165191.465608,323.89720091169846,0.759417249590477,0
1596165191.4756079,325.6954396659709,0.759417249590477,0
1596165191.4856079,327.497927039323,0.759417249590477,0
1596165191.4956079,329.29539331739915,0.759417249590477,0
1596165191.5056078,331.09637865370286,0.759417249590477,0
1596165191.5156078,332.894917815385,0.759417249590477,0
1596165191.5256078,334.6965897971965,0.759417249590477,0
1596165191.5356078,336.49658808058274,0.759417249590477,0
1596165191.5456078,338.2969726020671,0.759417249590477,0
1596165191.5556078,340.09641298597825,0.759417249590477,0
1596165191.5656078,341.8975699836589,0.759417249590477,0
1596165191.5756078,343.69778284376633,0.759417249590477,0
1596165191.5856078,345.49653658216965,0.759417249590477,0
1596165191.5956078,347.2981227332927,0.759417249590477,0
1596165191.6056077,349.09713396376145,0.759417249590477,0
1596165191.6156077,350.8955872947551,0.759417249590477,0
1596165191.6256077,352.6977742606975,0.759417249590477,0
1596165191.6356077,354.4960988456584,0.759417249590477,0
1596165191.6456077,356.29618295973313,0.759417249590477,0
1596165191.6556077,358.09515127485764,0.759417249590477,0
1596165191.6656077,359.8967374259807,0.759417249590477,0
1596165191.666196,360,0.759417249590477,1
1596165191.666196,0,0,0
1596165191.676196,1.8011999130249023,0,0
1596165191.686196,3.601970672607422,0,0
1596165191.696196,5.400853157043457,0,0
1596165191.706196,7.20029354095459,0,0
1596165191.716196,9.002180099487305,0,0
1596165191.726196,10.801191329956055,0,0
1596165191.736196,12.600889205932617,0,0
1596165191.746196,14.400200843811035,0,0
1596165191.756196,16.203289031982422,0,0
1596165191.766196,18.000712394714355,0,0
1596165191.776196,19.80135440826416,0,0
1596165191.786196,21.601266860961914,0,0
1596165191.796196,23.40165138244629,0,0
1596165191.806196,25.20336627960205,0,0
1596165191.816196,27.002334594726562,0,0
1596165191.826196,28.802289962768555,0,0
1596165191.836196,30.602717399597168,0,0
1596165191.846196,32.40172863006592,0,0
1596165191.856196,34.201555252075195,0,0
1596165191.866196,36.00344181060791,0,0
1596165191.876196,37.80271053314209,0,0
1596165191.886196,39.602365493774414,0,0
1596165191.896196,41.40073299407959,0,0
1596165191.9061959,43.20249080657959,0,0
1596165191.9161959,45.002403259277344,0,0
1596165191.9261959,46.80184364318848,0,0
1596165191.9361959,48.60274314880371,0,0
1596165191.9461958,50.402183532714844,0,0
1596165191.9561958,52.202138900756836,0,0
1596165191.9661958,54.001193046569824,0,0
1596165191.9761958,55.8021354675293,0,0
1596165191.9861958,57.60230541229248,0,0
1596165191.9961958,59.400973320007324,0,0
1596165192.0061958,61.200499534606934,0,0
1596165192.0161958,63.0005407333374,0,0
1596165192.0261958,64.80010986328125,0,0
1596165192.0361958,66.60242557525635,0,0
1596165192.0461957,68.40242385864258,0,0
1596165192.0561957,70.20083427429199,0,0
1596165192.0661957,72.0003604888916,0,0
1596165192.0761957,73.80220413208008,0,0
1596165192.0861957,75.60323238372803,0,0
1596165192.0961957,77.40056991577148,0,0
1596165192.1061957,79.20284271240234,0,0
1596165192.1161957,81.00112438201904,0,0
1596165192.1261957,82.8019380569458,0,0
1596165192.1361957,84.60318088531494,0,0
1596165192.1461957,86.40064716339111,0,0
1596165192.1561956,88.20021629333496,0,0
1596165192.1661956,90.0005578994751,0,0
1596165192.1761956,91.80012702941895,0,0
1596165192.1861956,93.59995365142822,0,0
1596165192.1961956,95.40282726287842,0,0
1596165192.2061956,97.20050811767578,0,0
1596165192.2161956,99.00033473968506,0,0
1596165192.2261956,100.80093383789062,0,0
1596165192.2361956,102.60144710540771,0,0
1596165192.2461956,104.40183162689209,0,0
1596165192.2561955,106.20273113250732,0,0
1596165192.2661955,108.00268650054932,0,0
1596165192.2761955,109.80032444000244,0,0
1596165192.2861955,111.6007947921753,0,0
1596165192.2961955,113.399977684021,0,0
1596165192.3061955,115.20177841186523,0,0
1596165192.3161955,117.00250625610352,0,0
1596165192.3261955,118.80190372467041,0,0
1596165192.3361955,120.60087203979492,0,0
1596165192.3461955,122.40194320678711,0,0
1596165192.3561954,124.20108318328857,0,0
1596165192.3661954,126.002197265625,0,0
1596165192.3761954,127.80163764953613,0,0
1596165192.3861954,129.60064888000488,0,0
1596165192.3961954,131.4001750946045,0,0
1596165192.4061954,133.20184707641602,0,0
1596165192.4161954,135.0011157989502,0,0
1596165192.4261954,136.8005132675171,0,0
1596165192.4361954,138.60197067260742,0,0
1596165192.4461954,140.4011106491089,0,0
1596165192.4561954,142.20239639282227,0,0
1596165192.4661953,144.0026092529297,0,0
1596165192.4761953,145.80174922943115,0,0
1596165192.4861953,147.6020050048828,0,0
1596165192.4961953,149.40024375915527,0,0
1596165192.5061953,151.20187282562256,0,0
1596165192.5161953,153.0023431777954,0,0
1596165192.5261953,154.80324268341064,0,0
1596165192.5361953,156.60319805145264,0,0
1596165192.5461953,158.40160846710205,0,0
1596165192.5561953,160.20031929016113,0,0
1596165192.5661952,162.0007038116455,0,0
1596165192.5761952,163.80160331726074,0,0
1596165192.5861952,165.6018590927124,0,0
1596165192.5961952,167.4029302597046,0,0
1596165192.6061952,169.19992446899414,0,0
1596165192.6161952,171.00318431854248,0,0
1596165192.6261952,172.80253887176514,0,0
1596165192.6361952,174.60026264190674,0,0
1596165192.6461952,176.40090465545654,0,0
1596165192.6561952,178.20068836212158,0,0
1596165192.6661952,180.00042915344238,0,0
1596165192.6761951,181.8024444580078,0,0
1596165192.6861951,183.60235691070557,0,0
1596165192.6961951,185.40059566497803,0,0
1596165192.706195,187.20102310180664,0,0
1596165192.716195,189.0010643005371,0,0
1596165192.726195,190.80196380615234,0,0
1596165192.736195,192.60324954986572,0,0
1596165192.746195,194.40277576446533,0,0
1596165192.756195,196.2031602859497,0,0
1596165192.766195,198.00285816192627,0,0
1596165192.776195,199.80058193206787,0,0
1596165192.786195,201.60173892974854,0,0
1596165192.796195,203.40306758880615,0,0
1596165192.806195,205.20289421081543,0,0
1596165192.816195,207.0021629333496,0,0
1596165192.826195,208.8019037246704,0,0
1596165192.836195,210.60237407684326,0,0
1596165192.8396935,211.2295389175415,0,0
1596165192.8396935,211.2295389175415,0.0,0
1596165192.846195,212.40258693695068,0.0,0
1596165192.856195,214.20228481292725,0.0,0
1596165192.866195,216.0001802444458,0.0,0
1596165192.876195,217.7997922897339,0.0,0
1596165192.886195,219.60232257843018,0.0,0
1596165192.896195,221.40137672424316,0.0,0
1596165192.906195,223.20291996002197,0.0,0
1596165192.916195,225.00218868255615,0.0,0
1596165192.926195,226.80021286010742,0.0,0
1596165192.936195,228.60008239746094,0.0,0
1596165192.946195,230.40226936340332,0.0,0
1596165192.9561949,232.20089435577393,0.0,0
1596165192.9661949,234.00029182434082,0.0,0
1596165192.9761949,235.80174922943115,0.0,0
1596165192.9861948,237.6015329360962,0.0,0
1596165192.9961948,239.40303325653076,0.0,0
1596165193.0061948,241.20307445526123,0.0,0
1596165193.0161948,242.9998540878296,0.0,0
1596165193.0261948,244.80032444000244,0.0,0
1596165193.0361948,246.60062313079834,0.0,0
1596165193.0461948,248.4021234512329,0.0,0
1596165193.0561948,250.20010471343994,0.0,0
1596165193.0661948,252.00233459472656,0.0,0
1596165193.0761948,253.80237579345703,0.0,0
1596165193.0861948,255.60177326202393,0.0,0
1596165193.0961947,257.4025869369507,0.0,0
1596165193.1061947,259.19983863830566,0.0,0
1596165193.1161947,260.99987983703613,0.0,0
1596165193.1261947,262.8006935119629,0.0,0
1596165193.1361947,264.60163593292236,0.0,0
1596165193.1461947,266.4030075073242,0.0,0
1596165193.1561947,268.2025337219238,0.0,0
1596165193.1661947,270.0013732910156,0.0,0
1596165193.1761947,271.7997407913208,0.0,0
1596165193.1861947,273.60257148742676,0.0,0
1596165193.1961946,275.40295600891113,0.0,0
1596165193.2061946,277.2014093399048,0.0,0
1596165193.2161946,279.0017080307007,0.0,0
1596165193.2261946,280.8020067214966,0.0,0
1596165193.2361946,282.6002025604248,0.0,0
1596165193.2461946,284.4011878967285,0.0,0
1596165193.2561946,286.2014865875244,0.0,0
1596165193.2661946,288.0015707015991,0.0,0
1596165193.2761946,289.80032444000244,0.0,0
1596165193.2861946,291.601824760437,0.0,0
1596165193.2961946,293.4005355834961,0.0,0
1596165193.3061945,295.2028512954712,0.0,0
1596165193.3161945,297.00031757354736,0.0,0
1596165193.3261945,298.8019895553589,0.0,0
1596165193.3361945,300.60070037841797,0.0,0
1596165193.3461945,302.4029731750488,0.0,0
1596165193.3561945,304.2005252838135,0.0,0
1596165193.3661945,306.0017681121826,0.0,0
1596165193.3761945,307.80309677124023,0.0,0
1596165193.3861945,309.59996223449707,0.0,0
1596165193.3961945,311.40223503112793,0.0,0
1596165193.4061944,313.20086002349854,0.0,0
1596165193.4161944,315.001802444458,0.0,0
1596165193.4261944,316.80201530456543,0.0,0
1596165193.4361944,318.6000394821167,0.0,0
1596165193.4461944,320.4013252258301,0.0,0
1596165193.4561944,322.202353477478,0.0,0
1596165193.4661944,324.00123596191406,0.0,0
1596165193.4761944,325.80243587493896,0.0,0
1596165193.4861944,327.59968757629395,0.0,0
1596165193.4961944,329.40268993377686,0.0,0
1596165193.5061944,331.1996841430664,0.0,0
1596165193.5161943,333.00127029418945,0.0,0
1596165193.5261943,334.80199813842773,0.0,0
1596165193.5361943,336.6022539138794,0.0,0
1596165193.5461943,338.4001064300537,0.0,0
1596165193.5561943,340.20044803619385,0.0,0
1596165193.5661943,342.0013475418091,0.0,0
1596165193.5761943,343.8013458251953,0.0,0
1596165193.5861943,345.60112953186035,0.0,0
1596165193.5961943,347.4029731750488,0.0,0
1596165193.6061943,349.2000102996826,0.0,0
1596165193.6161942,350.99987983703613,0.0,0
1596165193.6261942,352.80301094055176,0.0,0
1596165193.6361942,354.60004806518555,0.0,0
1596165193.6461942,356.4009475708008,0.0,0
1596165193.6561942,358.2023620605469,0.0,0
1596165193.6662006,360,0.0,1
1596165193.6662006,0,0,0
1596165193.6762006,1.800856590270996,0,0
1596165193.6862006,3.6025285720825195,0,0
1596165193.6962006,5.4021406173706055,0,0
1596165193.7062006,7.201709747314453,0,0
1596165193.7162006,9.001193046569824,0,0
1596165193.7262006,10.802950859069824,0,0
1596165193.7362006,12.603249549865723,0,0
1596165193.7462006,14.403204917907715,0,0
1596165193.7562006,16.200499534606934,0,0
1596165193.7662005,18.000240325927734,0,0
1596165193.7762005,19.801182746887207,0,0
1596165193.7862005,21.60285472869873,0,0
1596165193.7962005,23.401780128479004,0,0
1596165193.8062005,25.20263671875,0,0
1596165193.8162005,27.00314998626709,0,0
1596165193.8262005,28.80087375640869,0,0
1596165193.8362005,30.602073669433594,0,0
1596165193.8462005,32.40310192108154,0,0
1596165193.8562005,34.20112609863281,0,0
1596165193.8662004,36.001038551330566,0,0
1596165193.8762004,37.801852226257324,0,0
1596165193.8862004,39.60176467895508,0,0
1596165193.8962004,41.40124797821045,0,0
1596165193.9062004,43.20154666900635,0,0
1596165193.9162004,45.00283241271973,0,0
1596165193.9262004,46.800856590270996,0,0
1596165193.9362004,48.6029577255249,0,0
1596165193.9462004,50.400938987731934,0,0
1596165193.9562004,52.20325469970703,0,0
1596165193.9662004,54.002394676208496,0,0
1596165193.9762003,55.80230712890625,0,0
1596165193.9862003,57.603206634521484,0,0
1596165193.9962003,59.401230812072754,0,0
1596165194.0062003,61.20311737060547,0,0
1596165194.0162003,63.00015449523926,0,0
1596165194.0262003,64.80234146118164,0,0
1596165194.0362003,66.6007947921753,0,0
1596165194.0462003,68.40216636657715,0,0
1596165194.0562003,70.201735496521,0,0
1596165194.0662003,72.00044631958008,0,0
1596165194.0762002,73.80190372467041,0,0
1596165194.0862002,75.60224533081055,0,0
1596165194.0962002,77.40082740783691,0,0
1596165194.1062002,79.20318603515625,0,0
1596165194.1162002,81.00043773651123,0,0
1596165194.1262002,82.80043601989746,0,0
1596165194.1362002,84.60030555725098,0,0
1596165194.1462002,86.40219211578369,0,0
1596165194.1562002,88.20008754730225,0,0
1596165194.1662002,90.00205993652344,0,0
1596165194.1762002,91.80150032043457,0,0
1596165194.1862001,93.60197067260742,0,0
1596165194.1962001,95.40046691894531,0,0
1596165194.2062001,97.20334053039551,0,0
1596165194.2162,99.00290966033936,0,0
1596165194.2262,100.80024719238281,0,0
1596165194.2362,102.60046005249023,0,0
1596165194.2462,104.40316200256348,0,0
1596165194.2562,106.20324611663818,0,0
1596165194.2662,108.00066947937012,0,0
1596165194.2762,109.80264186859131,0,0
1596165194.2862,111.60010814666748,0,0
1596165194.2962,113.40002059936523,0,0
1596165194.3062,115.20315170288086,0,0
1596165194.3162,117.0005750656128,0,0
1596165194.3262,118.8017749786377,0,0
1596165194.3362,120.60250282287598,0,0
1596165194.3462,122.40237236022949,0,0
1596165194.3562,124.20292854309082,0,0
1596165194.3662,126.00215435028076,0,0
1596165194.3762,127.80069351196289,0,0
1596165194.3862,129.60069179534912,0,0
1596165194.3962,131.4027500152588,0,0
1596165194.4062,133.20141792297363,0,0
1596165194.4162,135.0002145767212,0,0
1596165194.4262,136.799955368042,0,0
1596165194.4362,138.6014986038208,0,0
1596165194.4462,140.40321350097656,0,0
1596165194.4562,142.20106601715088,0,0
1596165194.4661999,143.99990558624268,0,0
1596165194.4761999,145.8001184463501,0,0
1596165194.4861999,147.5999879837036,0,0
1596165194.4961998,149.40213203430176,0,0
1596165194.5061998,151.20110034942627,0,0
1596165194.5161998,153.0023431777954,0,0
1596165194.5261998,154.80088233947754,0,0
1596165194.5361998,156.60272598266602,0,0
1596165194.5461998,158.40203762054443,0,0
1596165194.5561998,160.20237922668457,0,0
1596165194.5661998,162.0029354095459,0,0
1596165194.5761998,163.80297660827637,0,0
1596165194.5861998,165.60228824615479,0,0
1596165194.5961998,167.40275859832764,0,0
1596165194.6061997,169.20039653778076,0,0
1596165194.6161997,171.00159645080566,0,0
1596165194.6261997,172.8022813796997,0,0
1596165194.6361997,174.6031379699707,0,0
1596165194.6461997,176.40236377716064,0,0
1596165194.6561997,178.20064544677734,0,0
1596165194.6661997,180.00012874603271,0,0
1596165194.6761997,181.8030881881714,0,0
1596165194.6861997,183.6012840270996,0,0
1596165194.6961997,185.40274143218994,0,0
1596165194.7061996,187.20115184783936,0,0
1596165194.7161996,189.0018367767334,0,0
1596165194.7261996,190.80140590667725,0,0
1596165194.7361996,192.602219581604,0,0
1596165194.7461996,194.40131664276123,0,0
1596165194.7561996,196.20015621185303,0,0
1596165194.7661996,198.00105571746826,0,0
1596165194.7761996,199.8025131225586,0,0
1596165194.7861996,201.60118103027344,0,0
1596165194.7961996,203.40087890625,0,0
1596165194.8061996,205.20126342773438,0,0
1596165194.8161995,207.00276374816895,0,0
1596165194.8261995,208.80023002624512,0,0
1596165194.8361995,210.60250282287598,0,0
1596165194.8398063,211.24902248382568,0,0
1596165194.8398063,211.24902248382568,0.0,0
1596165194.8461995,212.3997974395752,0.0,0
1596165194.8561995,214.2011260986328,0.0,0
1596165194.8661995,216.0010814666748,0.0,0
1596165194.8761995,217.80253887176514,0.0,0
1596165194.8861995,219.60124969482422,0.0,0
1596165194.8961995,221.40116214752197,0.0,0
1596165194.9061995,223.20055961608887,0.0,0
1596165194.9161994,224.99987125396729,0.0,0
1596165194.9261994,226.80102825164795,0.0,0
1596165194.9361994,228.60076904296875,0.0,0
1596165194.9461994,230.4001235961914,0.0,0
1596165194.9561994,232.2022247314453,0.0,0
1596165194.9661994,233.99990558624268,0.0,0
1596165194.9761994,235.80144882202148,0.0,0
1596165194.9861994,237.6020050048828,0.0,0
1596165194.9961994,239.40157413482666,0.0,0
1596165195.0061994,241.1998987197876,0.0,0
1596165195.0161994,243.00281524658203,0.0,0
1596165195.0261993,244.80023860931396,0.0,0
1596165195.0361993,246.6019105911255,0.0,0
1596165195.0461993,248.40117931365967,0.0,0
1596165195.0561993,250.2013063430786,0.0,0
1596165195.0661993,252.0022487640381,0.0,0
1596165195.0761993,253.80284786224365,0.0,0
1596165195.0861993,255.60250282287598,0.0,0
1596165195.0961993,257.3998832702637,0.0,0
1596165195.1061993,259.2009115219116,0.0,0
1596165195.1161993,261.0006523132324,0.0,0
1596165195.1261992,262.80266761779785,0.0,0
1596165195.1361992,264.60185050964355,0.0,0
1596165195.1461992,266.4030933380127,0.0,0
1596165195.1561992,268.2015895843506,0.0,0
1596165195.1661992,270.002703666687,0.0,0
1596165195.1761992,271.80283069610596,0.0,0
1596165195.1861992,273.60119819641113,0.0,0
1596165195.1961992,275.4024410247803,0.0,0
1596165195.2061992,277.2001647949219,0.0,0
1596165195.2161992,279.00033473968506,0.0,0
1596165195.2261992,280.80183506011963,0.0,0
1596165195.2361991,282.60015964508057,0.0,0
1596165195.2461991,284.40247535705566,0.0,0
1596165195.2561991,286.20195865631104,0.0,0
1596165195.266199,288.00015449523926,0.0,0
1596165195.276199,289.8022985458374,0.0,0
1596165195.286199,291.60255432128906,0.0,0
1596165195.296199,293.3997631072998,0.0,0
1596165195.306199,295.2020788192749,0.0,0
1596165195.316199,297.0027208328247,0.0,0
1596165195.326199,298.8012170791626,0.0,0
1596165195.336199,300.60142993927,0.0,0
1596165195.346199,302.4023723602295,0.0,0
1596165195.356199,304.2018985748291,0.0,0
1596165195.366199,306.00069522857666,0.0,0
1596165195.376199,307.8006935119629,0.0,0
1596165195.386199,309.6014642715454,0.0,0
1596165195.396199,311.4003038406372,0.0,0
1596165195.406199,313.2008171081543,0.0,0
1596165195.416199,315.0022315979004,0.0,0
1596165195.426199,316.80304527282715,0.0,0
1596165195.436199,318.6003828048706,0.0,0
1596165195.446199,320.40265560150146,0.0,0
1596165195.456199,322.201452255249,0.0,0
1596165195.466199,324.0004634857178,0.0,0
1596165195.476199,325.8021354675293,0.0,0
1596165195.486199,327.60247707366943,0.0,0
1596165195.496199,329.40234661102295,0.0,0
1596165195.506199,331.20187282562256,0.0,0
1596165195.5161989,333.002986907959,0.0,0
1596165195.5261989,334.800968170166,0.0,0
1596165195.5361989,336.60019397735596,0.0,0
1596165195.5461988,338.39993476867676,0.0,0
1596165195.5561988,340.20156383514404,0.0,0
1596165195.5661988,342.0010042190552,0.0,0
1596165195.5761988,343.80005836486816,0.0,0
1596165195.5861988,345.59988498687744,0.0,0
1596165195.5961988,347.4010419845581,0.0,0
1596165195.6061988,349.2027997970581,0.0,0
1596165195.6161988,351.00279808044434,0.0,0
1596165195.6261988,352.80288219451904,0.0,0
1596165195.6361988,354.6018934249878,0.0,0
1596165195.6461987,356.40202045440674,0.0,0
1596165195.6561987,358.20111751556396,0.0,0
1596165195.6661987,359.99969959259033,0.0,0
1596165195.6662211,360,0.0,1
1596165195.6662211,0,0,0
1596165195.6762211,1.802530288696289,0,0
1596165195.6862211,3.602142333984375,0,0
1596165195.696221,5.402569770812988,0,0
1596165195.706221,7.200465202331543,0,0
1596165195.716221,9.001836776733398,0,0
1596165195.726221,10.801920890808105,0,0
1596165195.736221,12.601189613342285,0,0
1596165195.746221,14.400286674499512,0,0
1596165195.756221,16.203417778015137,0,0
1596165195.766221,18.000197410583496,0,0
1596165195.776221,19.801740646362305,0,0
1596165195.786221,21.601181030273438,0,0
1596165195.796221,23.401050567626953,0,0
1596165195.806221,25.200533866882324,0,0
1596165195.816221,27.000017166137695,0,0
1596165195.826221,28.80168914794922,0,0
1596165195.836221,30.6009578704834,0,0
1596165195.846221,32.400527000427246,0,0
1596165195.856221,34.202585220336914,0,0
1596165195.866221,36.00224018096924,0,0
1596165195.876221,37.80146598815918,0,0
1596165195.886221,39.60030555725098,0,0
1596165195.896221,41.400132179260254,0,0
1596165195.906221,43.201632499694824,0,0
1596165195.916221,45.0029182434082,0,0
1596165195.926221,46.8002986907959,0,0
1596165195.936221,48.60132694244385,0,0
1596165195.9462209,50.401625633239746,0,0
1596165195.9562209,52.20295429229736,0,0
1596165195.9662209,54.00312423706055,0,0
1596165195.9762208,55.800719261169434,0,0
1596165195.9862208,57.60084629058838,0,0
1596165195.9962208,59.40230369567871,0,0
1596165196.0062208,61.2019157409668,0,0
1596165196.0162208,63.002943992614746,0,0
1596165196.0262208,64.79998111724854,0,0
1596165196.0362208,66.6007947921753,0,0
1596165196.0462208,68.40109348297119,0,0
1596165196.0562208,70.20199298858643,0,0
1596165196.0662208,72.0018196105957,0,0
1596165196.0762208,73.79992961883545,0,0
1596165196.0862207,75.60254573822021,0,0
1596165196.0962207,77.40108489990234,0,0
1596165196.1062207,79.20275688171387,0,0
1596165196.1162207,81.00030899047852,0,0
1596165196.1262207,82.80039310455322,0,0
1596165196.1362207,84.60120677947998,0,0
1596165196.1462207,86.40043258666992,0,0
1596165196.1562207,88.20287704467773,0,0
1596165196.1662207,90.00133037567139,0,0
1596165196.1762207,91.80214405059814,0,0
1596165196.1862206,93.60068321228027,0,0
1596165196.1962206,95.40008068084717,0,0
1596165196.2062206,97.19990730285645,0,0
1596165196.2162206,99.00308132171631,0,0
1596165196.2262206,100.80080509185791,0,0
1596165196.2362206,102.60037422180176,0,0
1596165196.2462206,104.40183162689209,0,0
1596165196.2562206,106.20144367218018,0,0
1596165196.2662206,108.00127029418945,0,0
1596165196.2762206,109.80088233947754,0,0
1596165196.2862206,111.60336971282959,0,0
1596165196.2962205,113.40040683746338,0,0
1596165196.3062205,115.20147800445557,0,0
1596165196.3162205,117.00048923492432,0,0
1596165196.3262205,118.80246162414551,0,0
1596165196.3362205,120.6009578704834,0,0
1596165196.3462205,122.40211486816406,0,0
1596165196.3562205,124.20181274414062,0,0
1596165196.3662205,126.00224018096924,0,0
1596165196.3762205,127.80125141143799,0,0
1596165196.3862205,129.5998764038086,0,0
1596165196.3962204,131.40146255493164,0,0
1596165196.4062204,133.20270538330078,0,0
1596165196.4162204,135.00261783599854,0,0
1596165196.4262204,136.80038452148438,0,0
1596165196.4362204,138.60132694244385,0,0
1596165196.4462204,140.40209770202637,0,0
1596165196.4562204,142.2020959854126,0,0
1596165196.4662204,144.00140762329102,0,0
1596165196.4762204,145.80054759979248,0,0
1596165196.4862204,147.60320663452148,0,0
1596165196.4962204,149.4009304046631,0,0
1596165196.5062203,151.20328903198242,0,0
1596165196.5162203,153.00217151641846,0,0
1596165196.5262203,154.8021697998047,0,0
1596165196.5362203,156.59997940063477,0,0
1596165196.5462203,158.40023517608643,0,0
1596165196.5562203,160.20263671875,0,0
1596165196.5662203,162.00083255767822,0,0
1596165196.5762203,163.80040168762207,0,0
1596165196.5862203,165.60314655303955,0,0
1596165196.5962203,167.4010419845581,0,0
1596165196.6062202,169.202241897583,0,0
1596165196.6162202,171.0025405883789,0,0
1596165196.6262202,172.80077934265137,0,0
1596165196.6362202,174.6007776260376,0,0
1596165196.6462202,176.40021800994873,0,0
1596165196.6562202,178.20176124572754,0,0
1596165196.6662202,180.00287532806396,0,0
1596165196.6762202,181.80257320404053,0,0
1596165196.6862202,183.6007261276245,0,0
1596165196.6962202,185.40184020996094,0,0
1596165196.7062201,187.2015380859375,0,0
1596165196.7162201,189.00175094604492,0,0
1596165196.7262201,190.80132007598877,0,0
1596165196.7362201,192.6029920578003,0,0
1596165196.74622,194.40054416656494,0,0
1596165196.75622,196.20328903198242,0,0
1596165196.76622,197.99981117248535,0,0
1596165196.77622,199.80131149291992,0,0
1596165196.78622,201.60139560699463,0,0
1596165196.79622,203.40319633483887,0,0
1596165196.80622,205.1998472213745,0,0
1596165196.81622,207.0014762878418,0,0
1596165196.82622,208.80005836486816,0,0
1596165196.83622,210.60280323028564,0,0
1596165196.8399181,211.26545906066895,0,0
1596165196.8399181,211.26545906066895,0.0,0
1596165196.84622,212.39984035491943,0.0,0
1596165196.85622,214.20086860656738,0.0,0
1596165196.86622,216.0000514984131,0.0,0
1596165196.87622,217.80202388763428,0.0,0
1596165196.88622,219.60240840911865,0.0,0
1596165196.89622,221.4008617401123,0.0,0
1596165196.90622,223.2002592086792,0.0,0
1596165196.91622,225.00188827514648,0.0,0
1596165196.92622,226.80214405059814,0.0,0
1596165196.93622,228.6011552810669,0.0,0
1596165196.94622,230.4031276702881,0.0,0
1596165196.95622,232.20033645629883,0.0,0
1596165196.96622,233.99999141693115,0.0,0
1596165196.97622,235.80071926116943,0.0,0
1596165196.98622,237.60273456573486,0.0,0
1596165196.9962199,239.4001579284668,0.0,0
1596165197.0062199,241.19981288909912,0.0,0
1596165197.0162199,243.00251483917236,0.0,0
1596165197.0262198,244.80247020721436,0.0,0
1596165197.0362198,246.6003656387329,0.0,0
1596165197.0462198,248.4012222290039,0.0,0
1596165197.0562198,250.2011775970459,0.0,0
1596165197.0662198,252.00066089630127,0.0,0
1596165197.0762198,253.80297660827637,0.0,0
1596165197.0862198,255.60293197631836,0.0,0
1596165197.0962198,257.40052700042725,0.0,0
1596165197.1062198,259.2024564743042,0.0,0
1596165197.1162198,260.9997510910034,0.0,0
1596165197.1262197,262.80142307281494,0.0,0
1596165197.1362197,264.6005630493164,0.0,0
1596165197.1462197,266.40313625335693,0.0,0
1596165197.1562197,268.2013750076294,0.0,0
1596165197.1662197,270.0003433227539,0.0,0
1596165197.1762197,271.79999828338623,0.0,0
1596165197.1862197,273.600811958313,0.0,0
1596165197.1962197,275.4004669189453,0.0,0
1596165197.2062197,277.20170974731445,0.0,0
1596165197.2162197,279.0018367767334,0.0,0
1596165197.2262197,280.8008050918579,0.0,0
1596165197.2362196,282.5997734069824,0.0,0
1596165197.2462196,284.4002866744995,0.0,0
1596165197.2562196,286.20084285736084,0.0,0
1596165197.2662196,288.00294399261475,0.0,0
1596165197.2762196,289.80066776275635,0.0,0
1596165197.2862196,291.6007947921753,0.0,0
1596165197.2962196,293.4022092819214,0.0,0
1596165197.3062196,295.20122051239014,0.0,0
1596165197.3162196,297.0022916793823,0.0,0
1596165197.3262196,298.8006591796875,0.0,0
1596165197.3362195,300.60014247894287,0.0,0
1596165197.3462195,302.4005699157715,0.0,0
1596165197.3562195,304.20104026794434,0.0,0
1596165197.3662195,306.00181102752686,0.0,0
1596165197.3762195,307.80133724212646,0.0,0
1596165197.3862195,309.60219383239746,0.0,0
1596165197.3962195,311.4000463485718,0.0,0
1596165197.4062195,313.2017183303833,0.0,0
1596165197.4162195,315.0003433227539,0.0,0
1596165197.4262195,316.8021869659424,0.0,0
1596165197.4362195,318.60244274139404,0.0,0
1596165197.4462194,320.4010248184204,0.0,0
1596165197.4562194,322.2000789642334,0.0,0
1596165197.4662194,324.0008497238159,0.0,0
1596165197.4762194,325.80187797546387,0.0,0
1596165197.4862194,327.6020908355713,0.0,0
1596165197.4962194,329.4029474258423,0.0,0
1596165197.5062194,331.20032787323,0.0,0
1596165197.5162194,333.0024290084839,0.0,0
1596165197.5262194,334.8024272918701,0.0,0
1596165197.5362194,336.60255432128906,0.0,0
1596165197.5462193,338.4010076522827,0.0,0
1596165197.5562193,340.2012634277344,0.0,0
1596165197.5662193,342.0005750656128,0.0,0
1596165197.5762193,343.80061626434326,0.0,0
1596165197.5862193,345.60078620910645,0.0,0
1596165197.5962193,347.40142822265625,0.0,0
1596165197.6062193,349.2009973526001,0.0,0
1596165197.6162193,351.0000514984131,0.0,0
1596165197.6262193,352.8028392791748,0.0,0
1596165197.6362193,354.5998764038086,0.0,0
1596165197.6462193,356.40227794647217,0.0,0
1596165197.6562192,358.2002592086792,0.0,0
1596165197.6662219,360,0.0,1
1596165197.6662219,0,0,0
1596165197.6762218,1.8024873733520508,0,0
1596165197.6862218,3.6005115509033203,0,0
1596165197.6962218,5.401625633239746,0,0
1596165197.7062218,7.202267646789551,0,0
1596165197.7162218,9.00278091430664,0,0
1596165197.7262218,10.801277160644531,0,0
1596165197.7362218,12.601275444030762,0,0
1596165197.7462218,14.401788711547852,0,0
1596165197.7562218,16.202173233032227,0,0
1596165197.7662218,18.00307273864746,0,0
1596165197.7762218,19.80036735534668,0,0
1596165197.7862217,21.60015106201172,0,0
1596165197.7962217,23.40113639831543,0,0
1596165197.8062217,25.20310878753662,0,0
1596165197.8162217,27.00117588043213,0,0
1596165197.8262217,28.802332878112793,0,0
1596165197.8362217,30.60164451599121,0,0
1596165197.8462217,32.400269508361816,0,0
1596165197.8562217,34.20267105102539,0,0
1596165197.8662217,36.000051498413086,0,0
1596165197.8762217,37.802109718322754,0,0
1596165197.8862216,39.60339546203613,0,0
1596165197.8962216,41.40279293060303,0,0
1596165197.9062216,43.20077419281006,0,0
1596165197.9162216,45.0,0,0
1596165197.9262216,46.80308818817139,0,0
1596165197.9362216,48.601369857788086,0,0
1596165197.9462216,50.40119647979736,0,0
1596165197.9562216,52.202439308166504,0,0
1596165197.9662216,54.00136470794678,0,0
1596165197.9762216,55.8001184463501,0,0
1596165197.9862216,57.60003089904785,0,0
1596165197.9962215,59.400458335876465,0,0
1596165198.0062215,61.20277404785156,0,0
1596165198.0162215,63.00264358520508,0,0
1596165198.0262215,64.80023860931396,0,0
1596165198.0362215,66.60173892974854,0,0
1596165198.0462215,68.40302467346191,0,0
1596165198.0562215,70.20237922668457,0,0
1596165198.0662215,72.00143337249756,0,0
1596165198.0762215,73.80164623260498,0,0
1596165198.0862215,75.6003999710083,0,0
1596165198.0962214,77.40074157714844,0,0
1596165198.1062214,79.20194149017334,0,0
1596165198.1162214,81.00030899047852,0,0
1596165198.1262214,82.80060768127441,0,0
1596165198.1362214,84.60219383239746,0,0
1596165198.1462214,86.40111923217773,0,0
1596165198.1562214,88.20180416107178,0,0
1596165198.1662214,90.00158786773682,0,0
1596165198.1762214,91.80180072784424,0,0
1596165198.1862214,93.59991073608398,0,0
1596165198.1962214,95.4026985168457,0,0
1596165198.2062213,97.20089435577393,0,0
1596165198.2162213,99.0009355545044,0,0
1596165198.2262213,100.79998970031738,0,0
1596165198.2362213,102.60110378265381,0,0
1596165198.2462213,104.40075874328613,0,0
1596165198.2562213,106.20324611663818,0,0
1596165198.2662213,108.00105571746826,0,0
1596165198.2762213,109.80277061462402,0,0
1596165198.2862213,111.600022315979,0,0
1596165198.2962213,113.40212345123291,0,0
1596165198.3062212,115.20074844360352,0,0
1596165198.3162212,117.00074672698975,0,0
1596165198.3262212,118.80001544952393,0,0
1596165198.3362212,120.60177326202393,0,0
1596165198.3462212,122.40254402160645,0,0
1596165198.3562212,124.20207023620605,0,0
1596165198.3662212,126.00043773651123,0,0
1596165198.3762212,127.80150890350342,0,0
1596165198.3862212,129.59991931915283,0,0
1596165198.3962212,131.40081882476807,0,0
1596165198.4062212,133.200945854187,0,0
1596165198.4162211,135.00218868255615,0,0
1596165198.4262211,136.80132865905762,0,0
1596165198.4362211,138.60076904296875,0,0
1596165198.446221,140.40196895599365,0,0
1596165198.456221,142.20050811767578,0,0
1596165198.466221,144.00157928466797,0,0
1596165198.476221,145.80110549926758,0,0
1596165198.486221,147.601318359375,0,0
1596165198.496221,149.40157413482666,0,0
1596165198.506221,151.20110034942627,0,0
1596165198.516221,153.00204277038574,0,0
1596165198.526221,154.80096817016602,0,0
1596165198.536221,156.60006523132324,0,0
1596165198.546221,158.40113639831543,0,0
1596165198.556221,160.20044803619385,0,0
1596165198.566221,162.00207710266113,0,0
1596165198.576221,163.80074501037598,0,0
1596165198.586221,165.60181617736816,0,0
1596165198.596221,167.40142822265625,0,0
1596165198.606221,169.2027997970581,0,0
1596165198.616221,171.00176811218262,0,0
1596165198.626221,172.80168056488037,0,0
1596165198.636221,174.60159301757812,0,0
1596165198.646221,176.40008926391602,0,0
1596165198.656221,178.20279121398926,0,0
1596165198.666221,180.00025749206543,0,0
1596165198.676221,181.8030881881714,0,0
1596165198.686221,183.60068321228027,0,0
1596165198.6962209,185.40038108825684,0,0
1596165198.7062209,187.2028684616089,0,0
1596165198.7162209,189.00020599365234,0,0
1596165198.7262208,190.80093383789062,0,0
1596165198.7362208,192.60196208953857,0,0
1596165198.7462208,194.4010591506958,0,0
1596165198.7562208,196.20140075683594,0,0
1596165198.7662208,198.00238609313965,0,0
1596165198.7762208,199.80156898498535,0,0
1596165198.7862208,201.60118103027344,0,0
1596165198.7962208,203.40246677398682,0,0
1596165198.8062208,205.20182132720947,0,0
1596165198.8162208,206.99988842010498,0,0
1596165198.8262208,208.80151748657227,0,0
1596165198.8362207,210.59997081756592,0,0
1596165198.8400295,211.2853717803955,0,0
1596165198.8400295,211.2853717803955,0.0,0
1596165198.8462207,212.40207195281982,0.0,0
1596165198.8562207,214.20254230499268,0.0,0
1596165198.8662207,216.003098487854,0.0,0
1596165198.8762207,217.80095100402832,0.0,0
1596165198.8862207,219.6029233932495,0.0,0
1596165198.8962207,221.40116214752197,0.0,0
1596165198.9062207,223.2015895843506,0.0,0
1596165198.9162207,225.00085830688477,0.0,0
1596165198.9262207,226.80102825164795,0.0,0
1596165198.9362206,228.60119819641113,0.0,0
1596165198.9462206,230.40265560150146,0.0,0
1596165198.9562206,232.20093727111816,0.0,0
1596165198.9662206,234.00269508361816,0.0,0
1596165198.9762206,235.80187797546387,0.0,0
1596165198.9862206,237.60316371917725,0.0,0
1596165198.9962206,239.4010591506958,0.0,0
1596165199.0062206,241.20251655578613,0.0,0
1596165199.0162206,243.0031156539917,0.0,0
1596165199.0262206,244.79980945587158,0.0,0
1596165199.0362206,246.60199642181396,0.0,0
1596165199.0462205,248.40014934539795,0.0,0
1596165199.0562205,250.20267963409424,0.0,0
1596165199.0662205,252.00310707092285,0.0,0
1596165199.0762205,253.8001012802124,0.0,0
1596165199.0862205,255.60211658477783,0.0,0
1596165199.0962205,257.4019432067871,0.0,0
1596165199.1062205,259.20073986053467,0.0,0
1596165199.1162205,261.0000944137573,0.0,0
1596165199.1262205,262.8000068664551,0.0,0
1596165199.1362205,264.6027946472168,0.0,0
1596165199.1462204,266.40227794647217,0.0,0
1596165199.1562204,268.20154666900635,0.0,0
1596165199.1662204,270.002703666687,0.0,0
1596165199.1762204,271.799955368042,0.0,0
1596165199.1862204,273.60132694244385,0.0,0
1596165199.1962204,275.4003381729126,0.0,0
1596165199.2062204,277.2028684616089,0.0,0
1596165199.2162204,279.0008068084717,0.0,0
1596165199.2262204,280.80230712890625,0.0,0
1596165199.2362204,282.60260581970215,0.0,0
1596165199.2462204,284.40157413482666,0.0,0
1596165199.2562203,286.1998987197876,0.0,0
1596165199.2662203,288.0001974105835,0.0,0
1596165199.2762203,289.8008394241333,0.0,0
1596165199.2862203,291.6004514694214,0.0,0
1596165199.2962203,293.40315341949463,0.0,0
1596165199.3062203,295.20280838012695,0.0,0
1596165199.3162203,297.0016050338745,0.0,0
1596165199.3262203,298.7998867034912,0.0,0
1596165199.3362203,300.60181617736816,0.0,0
1596165199.3462203,302.40155696868896,0.0,0
1596165199.3562202,304.20275688171387,0.0,0
1596165199.3662202,306.0020685195923,0.0,0
1596165199.3762202,307.8025817871094,0.0,0
1596165199.3862202,309.6013355255127,0.0,0
1596165199.3962202,311.40249252319336,0.0,0
1596165199.4062202,313.2015895843506,0.0,0
1596165199.4162202,315.0016736984253,0.0,0
1596165199.4262202,316.8007707595825,0.0,0
1596165199.4362202,318.60098361968994,0.0,0
1596165199.4462202,320.40196895599365,0.0,0
1596165199.4562201,322.2027397155762,0.0,0
1596165199.4662201,324.0019226074219,0.0,0
1596165199.4762201,325.8028221130371,0.0,0
1596165199.4862201,327.6020050048828,0.0,0
1596165199.49622,329.4002437591553,0.0,0
1596165199.50622,331.20007038116455,0.0,0
1596165199.51622,333.00139904022217,0.0,0
1596165199.52622,334.80281352996826,0.0,0
1596165199.53622,336.6003656387329,0.0,0
1596165199.54622,338.39980602264404,0.0,0
1596165199.55622,340.2007055282593,0.0,0
1596165199.56622,342.00143337249756,0.0,0
1596165199.57622,343.8013458251953,0.0,0
1596165199.58622,345.6008720397949,0.0,0
1596165199.59622,347.40009784698486,0.0,0
1596165199.60622,349.2005681991577,0.0,0
1596165199.61622,351.0018539428711,0.0,0
1596165199.62622,352.7996635437012,0.0,0
1596165199.63622,354.6023225784302,0.0,0
1596165199.64622,356.40214920043945,0.0,0
1596165199.65622,358.2001733779907,0.0,0
1596165199.6662252,360,0.0,1
1596165199.6662252,0,0,0
1596165199.6762252,1.801285743713379,0,0
1596165199.6862252,3.602743148803711,0,0
1596165199.6962252,5.403127670288086,0,0
1596165199.7062252,7.201194763183594,0,0
1596165199.7162251,9.002223014831543,0,0
1596165199.7262251,10.803079605102539,0,0
1596165199.7362251,12.602477073669434,0,0
1596165199.746225,14.400758743286133,0,0
1596165199.756225,16.20311737060547,0,0
1596165199.766225,18.002772331237793,0,0
1596165199.776225,19.80161190032959,0,0
1596165199.786225,21.600923538208008,0,0
1596165199.796225,23.400535583496094,0,0
1596165199.806225,25.20310878753662,0,0
1596165199.816225,27.000703811645508,0,0
1596165199.826225,28.80164623260498,0,0
1596165199.836225,30.60194492340088,0,0
1596165199.846225,32.402329444885254,0,0
1596165199.856225,34.202585220336914,0,0
1596165199.866225,35.99996566772461,0,0
1596165199.876225,37.801594734191895,0,0
1596165199.886225,39.601335525512695,0,0
1596165199.896225,41.40206336975098,0,0
1596165199.906225,43.20330619812012,0,0
1596165199.916225,45.00205993652344,0,0
1596165199.926225,46.80295944213867,0,0
1596165199.936225,48.60222816467285,0,0
1596165199.946225,50.40175437927246,0,0
1596165199.956225,52.201194763183594,0,0
1596165199.966225,54.001407623291016,0,0
1596165199.976225,55.80037593841553,0,0
1596165199.986225,57.60101795196533,0,0
1596165199.9962249,59.40041542053223,0,0
1596165200.0062249,61.20200157165527,0,0
1596165200.0162249,63.00118446350098,0,0
1596165200.0262249,64.80135440826416,0,0
1596165200.0362248,66.60264015197754,0,0
1596165200.0462248,68.40147972106934,0,0
1596165200.0562248,70.19997596740723,0,0
1596165200.0662248,72.00173377990723,0,0
1596165200.0762248,73.80164623260498,0,0
1596165200.0862248,75.6009578704834,0,0
1596165200.0962248,77.4010419845581,0,0
1596165200.1062248,79.20271396636963,0,0
1596165200.1162248,81.0027551651001,0,0
1596165200.1262248,82.80035018920898,0,0
1596165200.1362247,84.60069179534912,0,0
1596165200.1462247,86.40262126922607,0,0
1596165200.1562247,88.20158958435059,0,0
1596165200.1662247,90.00064373016357,0,0
1596165200.1762247,91.80270195007324,0,0
1596165200.1862247,93.60265731811523,0,0
1596165200.1962247,95.40278434753418,0,0
1596165200.2062247,97.20029354095459,0,0
1596165200.2162247,99.00153636932373,0,0
1596165200.2262247,100.80136299133301,0,0
1596165200.2362247,102.600417137146,0,0
1596165200.2462246,104.40204620361328,0,0
1596165200.2562246,106.20333194732666,0,0
1596165200.2662246,108.00324440002441,0,0
1596165200.2762246,109.80152606964111,0,0
1596165200.2862246,111.60229682922363,0,0
1596165200.2962246,113.4003210067749,0,0
1596165200.3062246,115.20001888275146,0,0
1596165200.3162246,117.00139045715332,0,0
1596165200.3262246,118.8032341003418,0,0
1596165200.3362246,120.60070037841797,0,0
1596165200.3462245,122.40314483642578,0,0
1596165200.3562245,124.20001029968262,0,0
1596165200.3662245,126.00099563598633,0,0
1596165200.3762245,127.80241012573242,0,0
1596165200.3862245,129.6016788482666,0,0
1596165200.3962245,131.40180587768555,0,0
1596165200.4062245,133.2020616531372,0,0
1596165200.4162245,135.00171661376953,0,0
1596165200.4262245,136.80270195007324,0,0
1596165200.4362245,138.6013698577881,0,0
1596165200.4462245,140.4032564163208,0,0
1596165200.4562244,142.20012187957764,0,0
1596165200.4662244,144.00303840637207,0,0
1596165200.4762244,145.80016136169434,0,0
1596165200.4862244,147.60071754455566,0,0
1596165200.4962244,149.40118789672852,0,0
1596165200.5062244,151.20277404785156,0,0
1596165200.5162244,153.00157070159912,0,0
1596165200.5262244,154.80255603790283,0,0
1596165200.5362244,156.60088062286377,0,0
1596165200.5462244,158.40182304382324,0,0
1596165200.5562243,160.20203590393066,0,0
1596165200.5662243,162.0016050338745,0,0
1596165200.5762243,163.7998867034912,0,0
1596165200.5862243,165.60323238372803,0,0
1596165200.5962243,167.4012565612793,0,0
1596165200.6062243,169.20262813568115,0,0
1596165200.6162243,170.99992275238037,0,0
1596165200.6262243,172.80210971832275,0,0
1596165200.6362243,174.60180759429932,0,0
1596165200.6462243,176.40227794647217,0,0
1596165200.6562243,178.2015037536621,0,0
1596165200.6662242,180.0012445449829,0,0
1596165200.6762242,181.80330276489258,0,0
1596165200.6862242,183.60304355621338,0,0
1596165200.6962242,185.40295600891113,0,0
1596165200.7062242,187.20149517059326,0,0
1596165200.7162242,189.00033473968506,0,0
1596165200.7262242,190.800461769104,0,0
1596165200.7362242,192.603120803833,0,0
1596165200.7462242,194.40097332000732,0,0
1596165200.7562242,196.2026882171631,0,0
1596165200.7662241,198.00002574920654,0,0
1596165200.7762241,199.80242729187012,0,0
1596165200.7862241,201.60015106201172,0,0
1596165200.796224,203.40152263641357,0,0
1596165200.806224,205.20310878753662,0,0
1596165200.816224,207.00220584869385,0,0
1596165200.826224,208.80319118499756,0,0
1596165200.836224,210.60065746307373,0,0
1596165200.838902,211.08182430267334,0,0
1596165200.838902,211.08182430267334,0.0,0
1596165200.846224,212.40258693695068,0.0,0
1596165200.856224,214.20159816741943,0.0,0
1596165200.866224,216.00082397460938,0.0,0
1596165200.876224,217.80202388763428,0.0,0
1596165200.886224,219.60197925567627,0.0,0
1596165200.896224,221.4012908935547,0.0,0
1596165200.906224,223.20270538330078,0.0,0
1596165200.916224,225.00064373016357,0.0,0
1596165200.926224,226.80192947387695,0.0,0
1596165200.936224,228.60312938690186,0.0,0
1596165200.946224,230.40239810943604,0.0,0
1596165200.956224,232.20003604888916,0.0,0
1596165200.966224,234.0001630783081,0.0,0
1596165200.976224,235.8002471923828,0.0,0
1596165200.986224,237.60303497314453,0.0,0
1596165200.996224,239.40045833587646,0.0,0
1596165201.006224,241.20122909545898,0.0,0
1596165201.016224,243.00264358520508,0.0,0
1596165201.026224,244.8017406463623,0.0,0
1596165201.036224,246.60251140594482,0.0,0
1596165201.0462239,248.40002059936523,0.0,0
1596165201.0562239,250.2031946182251,0.0,0
1596165201.0662239,252.0016050338745,0.0,0
1596165201.0762239,253.8013458251953,0.0,0
1596165201.0862238,255.60271739959717,0.0,0
1596165201.0962238,257.40185737609863,0.0,0
1596165201.1062238,259.2026710510254,0.0,0
1596165201.1162238,261.0023260116577,0.0,0
1596165201.1262238,262.8029680252075,0.0,0
1596165201.1362238,264.60227966308594,0.0,0
1596165201.1462238,266.4021062850952,0.0,0
1596165201.1562238,268.2007312774658,0.0,0
1596165201.1662238,270.00175952911377,0.0,0
1596165201.1762238,271.80059909820557,0.0,0
1596165201.1862237,273.60154151916504,0.0,0
1596165201.1962237,275.4017114639282,0.0,0
1596165201.2062237,277.2018814086914,0.0,0
1596165201.2162237,279.0026521682739,0.0,0
1596165201.2262237,280.80063343048096,0.0,0
1596165201.2362237,282.60106086730957,0.0,0
1596165201.2462237,284.400372505188,0.0,0
1596165201.2562237,286.1997699737549,0.0,0
1596165201.2662237,288.00285816192627,0.0,0
1596165201.2762237,289.80058193206787,0.0,0
1596165201.2862236,291.600022315979,0.0,0
1596165201.2962236,293.4028100967407,0.0,0
1596165201.3062236,295.19989013671875,0.0,0
1596165201.3162236,297.001690864563,0.0,0
1596165201.3262236,298.80228996276855,0.0,0
1596165201.3362236,300.60271739959717,0.0,0
1596165201.3462236,302.40108489990234,0.0,0
1596165201.3562236,304.2011260986328,0.0,0
1596165201.3662236,305.9997081756592,0.0,0
1596165201.3762236,307.80133724212646,0.0,0
1596165201.3862236,309.60052013397217,0.0,0
1596165201.3962235,311.40257835388184,0.0,0
1596165201.4062235,313.200044631958,0.0,0
1596165201.4162235,315.00163078308105,0.0,0
1596165201.4262235,316.80171489715576,0.0,0
1596165201.4362235,318.60201358795166,0.0,0
1596165201.4462235,320.40003776550293,0.0,0
1596165201.4562235,322.1998643875122,0.0,0
1596165201.4662235,323.99999141693115,0.0,0
1596165201.4762235,325.8012342453003,0.0,0
1596165201.4862235,327.6023054122925,0.0,0
1596165201.4962234,329.40067291259766,0.0,0
1596165201.5062234,331.1998987197876,0.0,0
1596165201.5162234,333.001914024353,0.0,0
1596165201.5262234,334.8029851913452,0.0,0
1596165201.5362234,336.60186767578125,0.0,0
1596165201.5462234,338.40250968933105,0.0,0
1596165201.5562234,340.20302295684814,0.0,0
1596165201.5662234,341.999888420105,0.0,0
1596165201.5762234,343.80040168762207,0.0,0
1596165201.5862234,345.60112953186035,0.0,0
1596165201.5962234,347.3999261856079,0.0,0
1596165201.6062233,349.2030143737793,0.0,0
1596165201.6162233,351.0009527206421,0.0,0
1596165201.6262233,352.8029680252075,0.0,0
1596165201.6362233,354.5997476577759,0.0,0
1596165201.6462233,356.4019775390625,0.0,0
1596165201.6562233,358.2008171081543,0.0,0
1596165201.6662397,360,0.0,1
1596165201.6662397,0,0,0
1596165201.6762397,1.8033456802368164,0,0
1596165201.6862397,3.6023998260498047,0,0
1596165201.6962397,5.400338172912598,0,0
1596165201.7062397,7.202825546264648,0,0
1596165201.7162397,9.002480506896973,0,0
1596165201.7262397,10.803422927856445,0,0
1596165201.7362397,12.60058879852295,0,0
1596165201.7462397,14.402861595153809,0,0
1596165201.7562397,16.20110034942627,0,0
1596165201.7662396,18.002729415893555,0,0
1596165201.7762396,19.801955223083496,0,0
1596165201.7862396,21.600022315979004,0,0
1596165201.7962396,23.40014934539795,0,0
1596165201.8062396,25.201778411865234,0,0
1596165201.8162396,27.001261711120605,0,0
1596165201.8262396,28.80293369293213,0,0
1596165201.8362396,30.600614547729492,0,0
1596165201.8462396,32.4021577835083,0,0
1596165201.8562396,34.202327728271484,0,0
1596165201.8662395,36.00202560424805,0,0
1596165201.8762395,37.80017852783203,0,0
1596165201.8862395,39.602622985839844,0,0
1596165201.8962395,41.40043258666992,0,0
1596165201.9062395,43.20150375366211,0,0
1596165201.9162395,45.002145767211914,0,0
1596165201.9262395,46.8032169342041,0,0
1596165201.9362395,48.602871894836426,0,0
1596165201.9462395,50.40196895599365,0,0
1596165201.9562395,52.20248222351074,0,0
1596165201.9662395,54.0027379989624,0,0
1596165201.9762394,55.80273628234863,0,0
1596165201.9862394,57.601447105407715,0,0
1596165201.9962394,59.40054416656494,0,0
