Type = Mirollor Strogatz (-ish),Function = Peskin,Refract =0.05,Epsilon =0.3,Gamma =5,Start_phase =46
Timestamp,Phase,Offset,Ping?
1596165212,46,0,0
1596165212.01,47.798410415649414,0.25555555555555554,0
1596165212.02,49.59574794769287,0.25555555555555554,0
1596165212.03,51.39578914642334,0.25555555555555554,0
1596165212.04,53.19647407531738,0.25555555555555554,0
1596165212.05,54.99763107299805,0.25555555555555554,0
1596165212.06,56.79801559448242,0.25555555555555554,0
1596165212.07,58.59625434875488,0.25555555555555554,0
1596165212.08,60.39530849456787,0.25555555555555554,0
1596165212.09,62.196980476379395,0.25555555555555554,0
1596165212.1,63.99654960632324,0.25555555555555554,0
1596165212.11,65.79581832885742,0.25555555555555554,0
1596165212.12,67.5962028503418,0.25555555555555554,0
1596165212.1299999,69.39766025543213,0.25555555555555554,0
1596165212.1399999,71.19821643829346,0.25555555555555554,0
1596165212.1499999,72.9977855682373,0.25555555555555554,0
1596165212.1599998,74.79542350769043,0.25555555555555554,0
1596165212.1699998,76.59576511383057,0.25555555555555554,0
1596165212.1799998,78.39820957183838,0.25555555555555554,0
1596165212.1899998,80.19833660125732,0.25555555555555554,0
1596165212.1999998,81.99627494812012,0.25555555555555554,0
1596165212.2099998,83.79816150665283,0.25555555555555554,0
1596165212.2199998,85.59631443023682,0.25555555555555554,0
1596165212.2299998,87.3981580734253,0.25555555555555554,0
1596165212.2399998,89.19583892822266,0.25555555555555554,0
1596165212.2499998,90.9979829788208,0.25555555555555554,0
1596165212.2599998,92.7979383468628,0.25555555555555554,0
1596165212.2699997,94.59643459320068,0.25555555555555554,0
1596165212.2799997,96.39656162261963,0.25555555555555554,0
1596165212.2899997,98.19587326049805,0.25555555555555554,0
1596165212.2999997,99.996901512146,0.25555555555555554,0
1596165212.3099997,101.7975435256958,0.25555555555555554,0
1596165212.3199997,103.5952672958374,0.25555555555555554,0
1596165212.3299997,105.39642429351807,0.25555555555555554,0
1596165212.3399997,107.19792461395264,0.25555555555555554,0
1596165212.3499997,108.99792289733887,0.25555555555555554,0
1596165212.3599997,110.79586124420166,0.25555555555555554,0
1596165212.3699996,112.59641742706299,0.25555555555555554,0
1596165212.3799996,114.39637279510498,0.25555555555555554,0
1596165212.3899996,116.19581317901611,0.25555555555555554,0
1596165212.3999996,117.99589729309082,0.25555555555555554,0
1596165212.4099996,119.7982988357544,0.25555555555555554,0
1596165212.4199996,121.59670925140381,0.25555555555555554,0
1596165212.4299996,123.39533424377441,0.25555555555555554,0
1596165212.4399996,125.19717788696289,0.25555555555555554,0
1596165212.4499996,126.99687576293945,0.25555555555555554,0
1596165212.4599996,128.79751777648926,0.25555555555555554,0
1596165212.4699996,130.59725856781006,0.25555555555555554,0
1596165212.4799995,132.39751434326172,0.25555555555555554,0
1596165212.4899995,134.19605350494385,0.25555555555555554,0
1596165212.4999995,135.99523639678955,0.25555555555555554,0
1596165212.5099995,137.7968225479126,0.25555555555555554,0
1596165212.5199995,139.59652042388916,0.25555555555555554,0
1596165212.5299995,141.39673328399658,0.25555555555555554,0
1596165212.5399995,143.19574451446533,0.25555555555555554,0
1596165212.5499995,144.99569988250732,0.25555555555555554,0
1596165212.5599995,146.796856880188,0.25555555555555554,0
1596165212.5699995,148.5960397720337,0.25555555555555554,0
1596165212.5799994,150.39719676971436,0.25555555555555554,0
1596165212.5899994,152.19637966156006,0.25555555555555554,0
1596165212.5999994,153.9972791671753,0.25555555555555554,0
1596165212.6099994,155.79787826538086,0.25555555555555554,0
1596165212.6199994,157.59817695617676,0.25555555555555554,0
1596165212.6299994,159.3968448638916,0.25555555555555554,0
1596165212.6399994,161.19615650177002,0.25555555555555554,0
1596165212.6499994,162.99525356292725,0.25555555555555554,0
1596165212.6599994,164.79748344421387,0.25555555555555554,0
1596165212.6699994,166.59735298156738,0.25555555555555554,0
1596165212.6799994,168.3974370956421,0.25555555555555554,0
1596165212.6856785,169.41723442077637,0.25555555555555554,0
1596165212.6856785,169.41723442077637,0.25555555555555554,0
1596165212.6899993,170.1973066329956,0.25555555555555554,0
1596165212.6999993,171.99674701690674,0.25555555555555554,0
1596165212.7099993,173.7955436706543,0.25555555555555554,0
1596165212.7199993,175.59631443023682,0.25555555555555554,0
1596165212.7299993,177.39747142791748,0.25555555555555554,0
1596165212.7399993,179.19618225097656,0.25555555555555554,0
1596165212.7499993,180.99828338623047,0.25555555555555554,0
1596165212.7599993,182.7959213256836,0.25555555555555554,0
1596165212.7699993,184.59497547149658,0.25555555555555554,0
1596165212.7799993,186.3965187072754,0.25555555555555554,0
1596165212.7899992,188.19668865203857,0.25555555555555554,0
1596165212.7999992,189.9974594116211,0.25555555555555554,0
1596165212.8099992,191.79792976379395,0.25555555555555554,0
1596165212.8199992,193.5970697402954,0.25555555555555554,0
1596165212.8299992,195.39749717712402,0.25555555555555554,0
1596165212.8399992,197.19577884674072,0.25555555555555554,0
1596165212.8499992,198.99509048461914,0.25555555555555554,0
1596165212.8599992,200.79740619659424,0.25555555555555554,0
1596165212.8699992,202.5956449508667,0.25555555555555554,0
1596165212.8799992,204.39791774749756,0.25555555555555554,0
1596165212.8899992,206.19615650177002,0.25555555555555554,0
1596165212.8999991,207.996111869812,0.25555555555555554,0
1596165212.9099991,209.7962818145752,0.25555555555555554,0
1596165212.9199991,211.59628009796143,0.25555555555555554,0
1596165212.929999,213.39563465118408,0.25555555555555554,0
1596165212.939999,215.1964054107666,0.25555555555555554,0
1596165212.949999,216.99644660949707,0.25555555555555554,0
1596165212.959999,218.7982473373413,0.25555555555555554,0
1596165212.969999,220.59700107574463,0.25555555555555554,0
1596165212.979999,222.39751434326172,0.25555555555555554,0
1596165212.989999,224.19579601287842,0.25555555555555554,0
1596165212.999999,225.99588012695312,0.25555555555555554,0
1596165213.009999,227.79583549499512,0.25555555555555554,0
1596165213.019999,229.5958766937256,0.25555555555555554,0
1596165213.029999,231.39780616760254,0.25555555555555554,0
1596165213.039999,233.1981906890869,0.25555555555555554,0
1596165213.049999,234.99505615234375,0.25555555555555554,0
1596165213.059999,236.79509735107422,0.25555555555555554,0
1596165213.069999,238.5979709625244,0.25555555555555554,0
1596165213.079999,240.39620971679688,0.25555555555555554,0
1596165213.089999,242.1966371536255,0.25555555555555554,0
1596165213.099999,243.9968500137329,0.25555555555555554,0
1596165213.109999,245.79749202728271,0.25555555555555554,0
1596165213.119999,247.5949583053589,0.25555555555555554,0
1596165213.129999,249.39491367340088,0.25555555555555554,0
1596165213.139999,251.19516944885254,0.25555555555555554,0
1596165213.149999,252.99795722961426,0.25555555555555554,0
1596165213.159999,254.79769802093506,0.25555555555555554,0
1596165213.169999,256.5973529815674,0.25555555555555554,0
1596165213.1799989,258.39739418029785,0.25555555555555554,0
1596165213.1899989,260.19722080230713,0.25555555555555554,0
1596165213.1999989,261.9973478317261,0.25555555555555554,0
1596165213.2099988,263.7979898452759,0.25555555555555554,0
1596165213.2199988,265.59700107574463,0.25555555555555554,0
1596165213.2299988,267.39708518981934,0.25555555555555554,0
1596165213.2399988,269.1972122192383,0.25555555555555554,0
1596165213.2499988,270.99656677246094,0.25555555555555554,0
1596165213.2599988,272.7977237701416,0.25555555555555554,0
1596165213.2699988,274.5982370376587,0.25555555555555554,0
1596165213.2799988,276.3965187072754,0.25555555555555554,0
1596165213.2899988,278.19531536102295,0.25555555555555554,0
1596165213.2999988,279.99595737457275,0.25555555555555554,0
1596165213.3099988,281.7960844039917,0.25555555555555554,0
1596165213.3199987,283.59642601013184,0.25555555555555554,0
1596165213.3299987,285.39608097076416,0.25555555555555554,0
1596165213.3399987,287.19818210601807,0.25555555555555554,0
1596165213.3499987,288.99702167510986,0.25555555555555554,0
1596165213.3599987,290.7977066040039,0.25555555555555554,0
1596165213.3699987,292.5951728820801,0.25555555555555554,0
1596165213.3799987,294.39590072631836,0.25555555555555554,0
1596165213.3899987,296.19675731658936,0.25555555555555554,0
1596165213.3999987,297.9973134994507,0.25555555555555554,0
1596165213.4099987,299.79804134368896,0.25555555555555554,0
1596165213.4199986,301.59516429901123,0.25555555555555554,0
1596165213.4299986,303.395977973938,0.25555555555555554,0
1596165213.4399986,305.19498920440674,0.25555555555555554,0
1596165213.4499986,306.997519493103,0.25555555555555554,0
1596165213.4599986,308.79528617858887,0.25555555555555554,0
1596165213.4699986,310.59567070007324,0.25555555555555554,0
1596165213.4799986,312.3966131210327,0.25555555555555554,0
1596165213.4899986,314.197340965271,0.25555555555555554,0
1596165213.4999986,315.99759674072266,0.25555555555555554,0
1596165213.5099986,317.79510593414307,0.25555555555555554,0
1596165213.5199986,319.59570503234863,0.25555555555555554,0
1596165213.5299985,321.39681911468506,0.25555555555555554,0
1596165213.5399985,323.19643115997314,0.25555555555555554,0
1596165213.5499985,324.9962577819824,0.25555555555555554,0
1596165213.5599985,326.7961702346802,0.25555555555555554,0
1596165213.5699985,328.5956106185913,0.25555555555555554,0
1596165213.5799985,330.3962526321411,0.25555555555555554,0
1596165213.5899985,332.19560718536377,0.25555555555555554,0
1596165213.5999985,333.9963779449463,0.25555555555555554,0
1596165213.6099985,335.79762077331543,0.25555555555555554,0
1596165213.6199985,337.59594535827637,0.25555555555555554,0
1596165213.6299984,339.3969736099243,0.25555555555555554,0
1596165213.6399984,341.1976156234741,0.25555555555555554,0
1596165213.6499984,342.9963264465332,0.25555555555555554,0
1596165213.6599984,344.7981700897217,0.25555555555555554,0
1596165213.6699984,346.5957221984863,0.25555555555555554,0
1596165213.6799984,348.39494800567627,0.25555555555555554,0
1596165213.6899984,350.1965341567993,0.25555555555555554,0
1596165213.6999984,351.9973907470703,0.25555555555555554,0
1596165213.7099984,353.79627323150635,0.25555555555555554,0
1596165213.7199984,355.5968723297119,0.25555555555555554,0
1596165213.7299984,357.3979434967041,0.25555555555555554,0
1596165213.7399983,359.1965684890747,0.25555555555555554,0
1596165213.7444782,360,0.25555555555555554,1
1596165213.7444782,0,0,0
1596165213.7544782,1.8005561828613281,0,0
1596165213.7644782,3.6002111434936523,0,0
1596165213.7744782,5.4007673263549805,0,0
1596165213.7844782,7.202568054199219,0,0
1596165213.7944782,9.000077247619629,0,0
1596165213.8044782,10.800719261169434,0,0
1596165213.8144782,12.600975036621094,0,0
1596165213.8244781,14.40208911895752,0,0
1596165213.8344781,16.200885772705078,0,0
1596165213.8444781,18.002514839172363,0,0
1596165213.8544781,19.800925254821777,0,0
1596165213.864478,21.60015106201172,0,0
1596165213.874478,23.402037620544434,0,0
1596165213.884478,25.200276374816895,0,0
1596165213.894478,27.00289249420166,0,0
1596165213.904478,28.802075386047363,0,0
1596165213.914478,30.60065746307373,0,0
1596165213.924478,32.402801513671875,0,0
1596165213.934478,34.201555252075195,0,0
1596165213.944478,36.00039482116699,0,0
1596165213.954478,37.803053855895996,0,0
1596165213.964478,39.60150718688965,0,0
1596165213.974478,41.402106285095215,0,0
1596165213.984478,43.2031774520874,0,0
1596165213.994478,45.00008583068848,0,0
1596165214.004478,46.80132865905762,0,0
1596165214.014478,48.60218524932861,0,0
1596165214.024478,50.40209770202637,0,0
1596165214.034478,52.20248222351074,0,0
1596165214.044478,54.002909660339355,0,0
1596165214.054478,55.80106258392334,0,0
1596165214.064478,57.600975036621094,0,0
1596165214.074478,59.40007209777832,0,0
1596165214.084478,61.20178699493408,0,0
1596165214.094478,63.00285816192627,0,0
1596165214.104478,64.80010986328125,0,0
1596165214.1144779,66.60109519958496,0,0
1596165214.1244779,68.40096473693848,0,0
1596165214.1344779,70.20233631134033,0,0
1596165214.1444778,72.00306415557861,0,0
1596165214.1544778,73.80044460296631,0,0
1596165214.1644778,75.60142993927002,0,0
1596165214.1744778,77.40245819091797,0,0
1596165214.1844778,79.20194149017334,0,0
1596165214.1944778,81.003098487854,0,0
1596165214.2044778,82.80146598815918,0,0
1596165214.2144778,84.60094928741455,0,0
1596165214.2244778,86.4005184173584,0,0
1596165214.2344778,88.20176124572754,0,0
1596165214.2444777,90.00248908996582,0,0
1596165214.2544777,91.80295944213867,0,0
1596165214.2644777,93.6020565032959,0,0
1596165214.2744777,95.40016651153564,0,0
1596165214.2844777,97.20158100128174,0,0
1596165214.2944777,99.00175094604492,0,0
1596165214.3044777,100.80093383789062,0,0
1596165214.3144777,102.60054588317871,0,0
1596165214.3244777,104.4019603729248,0,0
1596165214.3344777,106.20178699493408,0,0
1596165214.3444777,108.00169944763184,0,0
1596165214.3544776,109.8013973236084,0,0
1596165214.3644776,111.60229682922363,0,0
1596165214.3744776,113.399977684021,0,0
1596165214.3844776,115.20160675048828,0,0
1596165214.3944776,117.00267791748047,0,0
1596165214.4044776,118.80207538604736,0,0
1596165214.4144776,120.60318946838379,0,0
1596165214.4244776,122.40224361419678,0,0
1596165214.4344776,124.20138359069824,0,0
1596165214.4444776,126.00090980529785,0,0
1596165214.4544775,127.80150890350342,0,0
1596165214.4644775,129.6000051498413,0,0
1596165214.4744775,131.40081882476807,0,0
1596165214.4844775,133.2013750076294,0,0
1596165214.4944775,135.00175952911377,0,0
1596165214.5044775,136.8028736114502,0,0
1596165214.5144775,138.60102653503418,0,0
1596165214.5244775,140.40059566497803,0,0
1596165214.5344775,142.20102310180664,0,0
1596165214.5444775,144.0000343322754,0,0
1596165214.5544775,145.80127716064453,0,0
1596165214.5644774,147.60093212127686,0,0
1596165214.5744774,149.40256118774414,0,0
1596165214.5844774,151.19994163513184,0,0
1596165214.5944774,153.00028324127197,0,0
1596165214.6044774,154.8013973236084,0,0
1596165214.6144774,156.6007947921753,0,0
1596165214.6244774,158.40139389038086,0,0
1596165214.6344774,160.20267963409424,0,0
1596165214.6444774,162.00284957885742,0,0
1596165214.6544774,163.80095958709717,0,0
1596165214.6644773,165.60001373291016,0,0
1596165214.6744773,167.4012565612793,0,0
1596165214.6844773,169.20181274414062,0,0
1596165214.6869376,169.6426820755005,0,0
1596165214.6869376,169.6426820755005,0.0,0
1596165214.6944773,170.9998369216919,0.0,0
1596165214.7044773,172.80275344848633,0.0,0
1596165214.7144773,174.60086345672607,0.0,0
1596165214.7244773,176.40300750732422,0.0,0
1596165214.7344773,178.200945854187,0.0,0
1596165214.7444773,180.00107288360596,0.0,0
1596165214.7544773,181.80218696594238,0.0,0
1596165214.7644773,183.60197067260742,0.0,0
1596165214.7744772,185.40038108825684,0.0,0
1596165214.7844772,187.20312595367432,0.0,0
1596165214.7944772,189.0027379989624,0.0,0
1596165214.8044772,190.800461769104,0.0,0
1596165214.8144772,192.60251998901367,0.0,0
1596165214.8244772,194.40041542053223,0.0,0
1596165214.8344772,196.20088577270508,0.0,0
1596165214.8444772,198.00049781799316,0.0,0
1596165214.8544772,199.8006248474121,0.0,0
1596165214.8644772,201.60298347473145,0.0,0
1596165214.8744771,203.39984893798828,0.0,0
1596165214.8844771,205.20190715789795,0.0,0
1596165214.8944771,207.0023775100708,0.0,0
1596165214.9044771,208.80018711090088,0.0,0
1596165214.914477,210.60250282287598,0.0,0
1596165214.924477,212.40220069885254,0.0,0
1596165214.934477,214.202241897583,0.0,0
1596165214.944477,216.0024118423462,0.0,0
1596165214.954477,217.80223846435547,0.0,0
1596165214.964477,219.6011209487915,0.0,0
1596165214.974477,221.4008617401123,0.0,0
1596165214.984477,223.20231914520264,0.0,0
1596165214.994477,225.00266075134277,0.0,0
1596165215.004477,226.799955368042,0.0,0
1596165215.014477,228.6003828048706,0.0,0
1596165215.024477,230.40244102478027,0.0,0
1596165215.034477,232.20213890075684,0.0,0
1596165215.044477,234.00269508361816,0.0,0
1596165215.054477,235.80187797546387,0.0,0
1596165215.064477,237.60067462921143,0.0,0
1596165215.074477,239.40062999725342,0.0,0
1596165215.084477,241.20122909545898,0.0,0
1596165215.094477,243.0018711090088,0.0,0
1596165215.104477,244.80126857757568,0.0,0
1596165215.114477,246.60139560699463,0.0,0
1596165215.124477,248.40044975280762,0.0,0
1596165215.134477,250.2019500732422,0.0,0
1596165215.144477,252.0029354095459,0.0,0
1596165215.154477,253.7999725341797,0.0,0
1596165215.1644769,255.60177326202393,0.0,0
1596165215.1744769,257.4000549316406,0.0,0
1596165215.1844769,259.2006540298462,0.0,0
1596165215.1944768,261.00035190582275,0.0,0
1596165215.2044768,262.7999210357666,0.0,0
1596165215.2144768,264.6006917953491,0.0,0
1596165215.2244768,266.4012050628662,0.0,0
1596165215.2344768,268.2021903991699,0.0,0
1596165215.2444768,270.00072956085205,0.0,0
1596165215.2544768,271.80115699768066,0.0,0
1596165215.2644768,273.602614402771,0.0,0
1596165215.2744768,275.4013252258301,0.0,0
1596165215.2844768,277.200722694397,0.0,0
1596165215.2944767,279.0009355545044,0.0,0
1596165215.3044767,280.80119132995605,0.0,0
1596165215.3144767,282.6008462905884,0.0,0
1596165215.3244767,284.40200328826904,0.0,0
1596165215.3344767,286.20041370391846,0.0,0
1596165215.3444767,288.0001974105835,0.0,0
1596165215.3544767,289.80113983154297,0.0,0
1596165215.3644767,291.60276889801025,0.0,0
1596165215.3744767,293.40195178985596,0.0,0
1596165215.3844767,295.20079135894775,0.0,0
1596165215.3944767,297.00297832489014,0.0,0
1596165215.4044766,298.80117416381836,0.0,0
1596165215.4144766,300.6013870239258,0.0,0
1596165215.4244766,302.40065574645996,0.0,0
1596165215.4344766,304.20048236846924,0.0,0
1596165215.4444766,306.0028839111328,0.0,0
1596165215.4544766,307.80288219451904,0.0,0
1596165215.4644766,309.5997476577759,0.0,0
1596165215.4744766,311.40000343322754,0.0,0
1596165215.4844766,313.2006883621216,0.0,0
1596165215.4944766,315.0012445449829,0.0,0
1596165215.5044765,316.8021011352539,0.0,0
1596165215.5144765,318.601713180542,0.0,0
1596165215.5244765,320.40175437927246,0.0,0
1596165215.5344765,322.20046520233154,0.0,0
1596165215.5444765,324.00200843811035,0.0,0
1596165215.5544765,325.8014917373657,0.0,0
1596165215.5644765,327.59990215301514,0.0,0
1596165215.5744765,329.40165996551514,0.0,0
1596165215.5844765,331.2010145187378,0.0,0
1596165215.5944765,333.0004549026489,0.0,0
1596165215.6044765,334.8011827468872,0.0,0
1596165215.6144764,336.60096645355225,0.0,0
1596165215.6244764,338.4016942977905,0.0,0
1596165215.6344764,340.2018642425537,0.0,0
1596165215.6444764,342.0002746582031,0.0,0
1596165215.6544764,343.80061626434326,0.0,0
1596165215.6644764,345.6009578704834,0.0,0
1596165215.6744764,347.40190029144287,0.0,0
1596165215.6844764,349.2009973526001,0.0,0
1596165215.6944764,351.0009956359863,0.0,0
1596165215.7044764,352.80266761779785,0.0,0
1596165215.7144763,354.6023225784302,0.0,0
1596165215.7244763,356.4021062850952,0.0,0
1596165215.7344763,358.2003450393677,0.0,0
1596165215.7444937,360,0.0,1
1596165215.7444937,0,0,0
1596165215.7544937,1.8018436431884766,0,0
1596165215.7644937,3.6014556884765625,0,0
1596165215.7744937,5.402097702026367,0,0
1596165215.7844937,7.201967239379883,0,0
1596165215.7944937,9.003210067749023,0,0
1596165215.8044937,10.801877975463867,0,0
1596165215.8144937,12.60080337524414,0,0
1596165215.8244936,14.403376579284668,0,0
1596165215.8344936,16.20260238647461,0,0
1596165215.8444936,18.000240325927734,0,0
1596165215.8544936,19.803199768066406,0,0
1596165215.8644936,21.602683067321777,0,0
1596165215.8744936,23.40263843536377,0,0
1596165215.8844936,25.20310878753662,0,0
1596165215.8944936,27.0023775100708,0,0
1596165215.9044936,28.80336284637451,0,0
1596165215.9144936,30.60091495513916,0,0
1596165215.9244936,32.40138530731201,0,0
1596165215.9344935,34.2009973526001,0,0
1596165215.9444935,36.00125312805176,0,0
1596165215.9544935,37.80116558074951,0,0
1596165215.9644935,39.601120948791504,0,0
1596165215.9744935,41.400861740112305,0,0
1596165215.9844935,43.203134536743164,0,0
1596165215.9944935,45.002145767211914,0,0
1596165216.0044935,46.80278778076172,0,0
1596165216.0144935,48.60244274139404,0,0
1596165216.0244935,50.40231227874756,0,0
1596165216.0344934,52.20162391662598,0,0
1596165216.0444934,54.0032958984375,0,0
1596165216.0544934,55.80312252044678,0,0
1596165216.0644934,57.60127544403076,0,0
1596165216.0744934,59.40213203430176,0,0
1596165216.0844934,61.20187282562256,0,0
1596165216.0944934,63.00058364868164,0,0
1596165216.1044934,64.80212688446045,0,0
1596165216.1144934,66.60036563873291,0,0
1596165216.1244934,68.40014934539795,0,0
1596165216.1344934,70.20049095153809,0,0
1596165216.1444933,72.00284957885742,0,0
1596165216.1544933,73.80027294158936,0,0
1596165216.1644933,75.60194492340088,0,0
1596165216.1744933,77.40147113800049,0,0
1596165216.1844933,79.2009973526001,0,0
1596165216.1944933,81.0025405883789,0,0
1596165216.2044933,82.80065059661865,0,0
1596165216.2144933,84.60013389587402,0,0
1596165216.2244933,86.40317916870117,0,0
1596165216.2344933,88.20287704467773,0,0
1596165216.2444932,89.99995708465576,0,0
1596165216.2544932,91.80025577545166,0,0
1596165216.2644932,93.59995365142822,0,0
1596165216.2744932,95.40128231048584,0,0
1596165216.2844932,97.20102310180664,0,0
1596165216.2944932,99.0029525756836,0,0
1596165216.3044932,100.80136299133301,0,0
1596165216.3144932,102.60204792022705,0,0
1596165216.3244932,104.4027328491211,0,0
1596165216.3344932,106.2007999420166,0,0
1596165216.3444932,108.00247192382812,0,0
1596165216.3544931,109.80002403259277,0,0
1596165216.3644931,111.6029405593872,0,0
1596165216.3744931,113.40087890625,0,0
1596165216.384493,115.20019054412842,0,0
1596165216.394493,117.00031757354736,0,0
1596165216.404493,118.80194664001465,0,0
1596165216.414493,120.60267448425293,0,0
1596165216.424493,122.40232944488525,0,0
1596165216.434493,124.20112609863281,0,0
1596165216.444493,126.00151062011719,0,0
1596165216.454493,127.80043601989746,0,0
1596165216.464493,129.60129261016846,0,0
1596165216.474493,131.40206336975098,0,0
1596165216.484493,133.1999158859253,0,0
1596165216.494493,135.00193119049072,0,0
1596165216.504493,136.80150032043457,0,0
1596165216.514493,138.60154151916504,0,0
1596165216.524493,140.40175437927246,0,0
1596165216.534493,142.2032117843628,0,0
1596165216.544493,144.0003776550293,0,0
1596165216.554493,145.8015775680542,0,0
1596165216.564493,147.603120803833,0,0
1596165216.574493,149.40101623535156,0,0
1596165216.584493,151.20200157165527,0,0
1596165216.594493,153.00169944763184,0,0
1596165216.604493,154.80096817016602,0,0
1596165216.614493,156.60100936889648,0,0
1596165216.624493,158.4032392501831,0,0
1596165216.6344929,160.2028512954712,0,0
1596165216.6444929,162.00027465820312,0,0
1596165216.6544929,163.80314826965332,0,0
1596165216.6644928,165.6003999710083,0,0
1596165216.6744928,167.40190029144287,0,0
1596165216.6844928,169.20031070709229,0,0
1596165216.6858132,169.43750381469727,0,0
1596165216.6858132,169.43750381469727,0.0,0
1596165216.6944928,171.001296043396,0.0,0
1596165216.7044928,172.80107975006104,0.0,0
1596165216.7144928,174.60197925567627,0.0,0
1596165216.7244928,176.40189170837402,0.0,0
1596165216.7344928,178.2028341293335,0.0,0
1596165216.7444928,180.0029182434082,0.0,0
1596165216.7544928,181.802659034729,0.0,0
1596165216.7644928,183.6000394821167,0.0,0
1596165216.7744927,185.39982318878174,0.0,0
1596165216.7844927,187.20166683197021,0.0,0
1596165216.7944927,189.00290966033936,0.0,0
1596165216.8044927,190.80106258392334,0.0,0
1596165216.8144927,192.60170459747314,0.0,0
1596165216.8244927,194.40067291259766,0.0,0
1596165216.8344927,196.20273113250732,0.0,0
1596165216.8444927,198.0019998550415,0.0,0
1596165216.8544927,199.8016119003296,0.0,0
1596165216.8644927,201.60143852233887,0.0,0
1596165216.8744926,203.40014934539795,0.0,0
1596165216.8844926,205.20237922668457,0.0,0
1596165216.8944926,207.00233459472656,0.0,0
1596165216.9044926,208.80181789398193,0.0,0
1596165216.9144926,210.60091495513916,0.0,0
1596165216.9244926,212.40026950836182,0.0,0
1596165216.9344926,214.20305728912354,0.0,0
1596165216.9444926,216.00284099578857,0.0,0
1596165216.9544926,217.80000686645508,0.0,0
1596165216.9644926,219.60060596466064,0.0,0
1596165216.9744925,221.4032220840454,0.0,0
1596165216.9844925,223.20253372192383,0.0,0
1596165216.9944925,225.0014591217041,0.0,0
1596165217.0044925,226.80188655853271,0.0,0
1596165217.0144925,228.60068321228027,0.0,0
1596165217.0244925,230.40115356445312,0.0,0
1596165217.0344925,232.20261096954346,0.0,0
1596165217.0444925,234.0014934539795,0.0,0
1596165217.0544925,235.80204963684082,0.0,0
1596165217.0644925,237.60213375091553,0.0,0
1596165217.0744925,239.40311908721924,0.0,0
1596165217.0844924,241.20243072509766,0.0,0
1596165217.0944924,243.00127029418945,0.0,0
1596165217.1044924,244.80268478393555,0.0,0
1596165217.1144924,246.60212516784668,0.0,0
1596165217.1244924,248.39984893798828,0.0,0
1596165217.1344924,250.20203590393066,0.0,0
1596165217.1444924,252.00164794921875,0.0,0
1596165217.1544924,253.7998867034912,0.0,0
1596165217.1644924,255.60052871704102,0.0,0
1596165217.1744924,257.40245819091797,0.0,0
1596165217.1844923,259.2014265060425,0.0,0
1596165217.1944923,261.0009956359863,0.0,0
1596165217.2044923,262.80288219451904,0.0,0
1596165217.2144923,264.60193634033203,0.0,0
1596165217.2244923,266.40034675598145,0.0,0
1596165217.2344923,268.2030916213989,0.0,0
1596165217.2444923,270.000901222229,0.0,0
1596165217.2544923,271.8029594421387,0.0,0
1596165217.2644923,273.60033988952637,0.0,0
1596165217.2744923,275.402569770813,0.0,0
1596165217.2844923,277.20239639282227,0.0,0
1596165217.2944922,279.00012016296387,0.0,0
1596165217.3044922,280.80196380615234,0.0,0
1596165217.3144922,282.6023483276367,0.0,0
1596165217.3244922,284.3997287750244,0.0,0
1596165217.3344922,286.2018299102783,0.0,0
1596165217.3444922,288.0026435852051,0.0,0
1596165217.3544922,289.79976654052734,0.0,0
1596165217.3644922,291.6003656387329,0.0,0
1596165217.3744922,293.40238094329834,0.0,0
1596165217.3844922,295.2005338668823,0.0,0
1596165217.3944921,297.0024633407593,0.0,0
1596165217.4044921,298.79980087280273,0.0,0
1596165217.4144921,300.6019878387451,0.0,0
1596165217.4244921,302.4008274078369,0.0,0
1596165217.434492,304.2024564743042,0.0,0
1596165217.444492,306.00236892700195,0.0,0
1596165217.454492,307.80065059661865,0.0,0
1596165217.464492,309.6006488800049,0.0,0
1596165217.474492,311.4018487930298,0.0,0
1596165217.484492,313.2004737854004,0.0,0
1596165217.494492,315.0026607513428,0.0,0
1596165217.504492,316.80025577545166,0.0,0
1596165217.514492,318.60235691070557,0.0,0
1596165217.524492,320.4003381729126,0.0,0
1596165217.534492,322.2029113769531,0.0,0
1596165217.544492,324.000506401062,0.0,0
1596165217.554492,325.8000326156616,0.0,0
1596165217.564492,327.5998592376709,0.0,0
1596165217.574492,329.39977169036865,0.0,0
1596165217.584492,331.20255947113037,0.0,0
1596165217.594492,333.001914024353,0.0,0
1596165217.604492,334.80178356170654,0.0,0
1596165217.614492,336.6006660461426,0.0,0
1596165217.624492,338.4009647369385,0.0,0
1596165217.634492,340.20293712615967,0.0,0
1596165217.644492,342.00117588043213,0.0,0
1596165217.654492,343.8020324707031,0.0,0
1596165217.664492,345.60301780700684,0.0,0
1596165217.674492,347.40039825439453,0.0,0
1596165217.6844919,349.20194149017334,0.0,0
1596165217.6944919,351.00279808044434,0.0,0
1596165217.7044919,352.8012943267822,0.0,0
1596165217.7144918,354.6009063720703,0.0,0
1596165217.7244918,356.40214920043945,0.0,0
1596165217.7344918,358.2002592086792,0.0,0
1596165217.7445068,360,0.0,1
1596165217.7445068,0,0,0
1596165217.7545068,1.8001699447631836,0,0
1596165217.7645068,3.601670265197754,0,0
1596165217.7745068,5.401625633239746,0,0
1596165217.7845068,7.201881408691406,0,0
1596165217.7945068,9.000592231750488,0,0
1596165217.8045068,10.801148414611816,0,0
1596165217.8145068,12.602391242980957,0,0
1596165217.8245068,14.400286674499512,0,0
1596165217.8345068,16.20204448699951,0,0
1596165217.8445067,18.002729415893555,0,0
1596165217.8545067,19.80186939239502,0,0
1596165217.8645067,21.603412628173828,0,0
1596165217.8745067,23.40216636657715,0,0
1596165217.8845067,25.200576782226562,0,0
1596165217.8945067,27.00040340423584,0,0
1596165217.9045067,28.801732063293457,0,0
1596165217.9145067,30.600743293762207,0,0
1596165217.9245067,32.40211486816406,0,0
1596165217.9345067,34.202799797058105,0,0
1596165217.9445066,36.00314140319824,0,0
1596165217.9545066,37.80241012573242,0,0
1596165217.9645066,39.60219383239746,0,0
1596165217.9745066,41.40043258666992,0,0
1596165217.9845066,43.20330619812012,0,0
1596165217.9945066,45.00004291534424,0,0
1596165218.0045066,46.800599098205566,0,0
1596165218.0145066,48.6005973815918,0,0
1596165218.0245066,50.40111064910889,0,0
1596165218.0345066,52.20175266265869,0,0
1596165218.0445065,54.001150131225586,0,0
1596165218.0545065,55.80307960510254,0,0
1596165218.0645065,57.60088920593262,0,0
1596165218.0745065,59.40311908721924,0,0
1596165218.0845065,61.200242042541504,0,0
1596165218.0945065,63.00182819366455,0,0
1596165218.1045065,64.80148315429688,0,0
1596165218.1145065,66.60324096679688,0,0
1596165218.1245065,68.40075016021729,0,0
1596165218.1345065,70.20255088806152,0,0
1596165218.1445065,72.0003604888916,0,0
1596165218.1545064,73.80151748657227,0,0
1596165218.1645064,75.60224533081055,0,0
1596165218.1745064,77.40177154541016,0,0
1596165218.1845064,79.20005321502686,0,0
1596165218.1945064,81.00206851959229,0,0
1596165218.2045064,82.80000686645508,0,0
1596165218.2145064,84.60249423980713,0,0
1596165218.2245064,86.40047550201416,0,0
1596165218.2345064,88.20013046264648,0,0
1596165218.2445064,90.00077247619629,0,0
1596165218.2545063,91.80274486541748,0,0
1596165218.2645063,93.60291481018066,0,0
1596165218.2745063,95.4026985168457,0,0
1596165218.2845063,97.20067977905273,0,0
1596165218.2945063,99.00024890899658,0,0
1596165218.3045063,100.80166339874268,0,0
1596165218.3145063,102.60046005249023,0,0
1596165218.3245063,104.40238952636719,0,0
1596165218.3345063,106.20058536529541,0,0
1596165218.3445063,108.00032615661621,0,0
1596165218.3545063,109.80178356170654,0,0
1596165218.3645062,111.60324096679688,0,0
1596165218.3745062,113.40117931365967,0,0
1596165218.3845062,115.20087718963623,0,0
1596165218.3945062,117.00207710266113,0,0
1596165218.4045062,118.80198955535889,0,0
1596165218.4145062,120.60014247894287,0,0
1596165218.4245062,122.4030590057373,0,0
1596165218.4345062,124.20258522033691,0,0
1596165218.4445062,126.00279808044434,0,0
1596165218.4545062,127.80198097229004,0,0
1596165218.4645061,129.60197925567627,0,0
1596165218.4745061,131.39991760253906,0,0
1596165218.4845061,133.20034503936768,0,0
1596165218.4945061,135.00266075134277,0,0
1596165218.504506,136.8009853363037,0,0
1596165218.514506,138.60141277313232,0,0
1596165218.524506,140.40119647979736,0,0
1596165218.534506,142.20059394836426,0,0
1596165218.544506,144.00290966033936,0,0
1596165218.554506,145.80084800720215,0,0
1596165218.564506,147.60033130645752,0,0
1596165218.574506,149.40187454223633,0,0
1596165218.584506,151.20054244995117,0,0
1596165218.594506,153.0010986328125,0,0
1596165218.604506,154.8004961013794,0,0
1596165218.614506,156.60122394561768,0,0
1596165218.624506,158.40203762054443,0,0
1596165218.634506,160.20023345947266,0,0
1596165218.644506,162.0003604888916,0,0
1596165218.654506,163.80271911621094,0,0
1596165218.664506,165.60190200805664,0,0
1596165218.674506,167.4014711380005,0,0
1596165218.684506,169.20194149017334,0,0
1596165218.6859105,169.45265293121338,0,0
1596165218.6859105,169.45265293121338,0.0,0
1596165218.694506,171.00048065185547,0.0,0
1596165218.704506,172.80112266540527,0.0,0
1596165218.714506,174.60227966308594,0.0,0
1596165218.724506,176.4012908935547,0.0,0
1596165218.734506,178.2015037536621,0.0,0
1596165218.744506,180.00047206878662,0.0,0
1596165218.7545059,181.8019723892212,0.0,0
1596165218.7645059,183.6027431488037,0.0,0
1596165218.7745059,185.4010248184204,0.0,0
1596165218.7845058,187.19995021820068,0.0,0
1596165218.7945058,189.00166511535645,0.0,0
1596165218.8045058,190.80076217651367,0.0,0
1596165218.8145058,192.6007604598999,0.0,0
1596165218.8245058,194.4018316268921,0.0,0
1596165218.8345058,196.20122909545898,0.0,0
1596165218.8445058,198.0004119873047,0.0,0
1596165218.8545058,199.79985237121582,0.0,0
1596165218.8645058,201.6019105911255,0.0,0
1596165218.8745058,203.4021234512329,0.0,0
1596165218.8845057,205.20212173461914,0.0,0
1596165218.8945057,207.0014762878418,0.0,0
1596165218.9045057,208.80048751831055,0.0,0
1596165218.9145057,210.60057163238525,0.0,0
1596165218.9245057,212.4020290374756,0.0,0
1596165218.9345057,214.19983863830566,0.0,0
1596165218.9445057,216.0024118423462,0.0,0
1596165218.9545057,217.80322551727295,0.0,0
1596165218.9645057,219.60193634033203,0.0,0
1596165218.9745057,221.40081882476807,0.0,0
1596165218.9845057,223.20201873779297,0.0,0
1596165218.9945056,225.0007724761963,0.0,0
1596165219.0045056,226.80132865905762,0.0,0
1596165219.0145056,228.60308647155762,0.0,0
1596165219.0245056,230.40050983428955,0.0,0
1596165219.0345056,232.20252513885498,0.0,0
1596165219.0445056,234.00286674499512,0.0,0
1596165219.0545056,235.79986095428467,0.0,0
1596165219.0645056,237.6002025604248,0.0,0
1596165219.0745056,239.40110206604004,0.0,0
1596165219.0845056,241.20084285736084,0.0,0
1596165219.0945055,243.00281524658203,0.0,0
1596165219.1045055,244.8019552230835,0.0,0
1596165219.1145055,246.6013526916504,0.0,0
1596165219.1245055,248.4016513824463,0.0,0
1596165219.1345055,250.20212173461914,0.0,0
1596165219.1445055,252.00143337249756,0.0,0
1596165219.1545055,253.8008737564087,0.0,0
1596165219.1645055,255.60293197631836,0.0,0
1596165219.1745055,257.4011707305908,0.0,0
1596165219.1845055,259.2002248764038,0.0,0
1596165219.1945055,261.0008668899536,0.0,0
1596165219.2045054,262.79974937438965,0.0,0
1596165219.2145054,264.600133895874,0.0,0
1596165219.2245054,266.4006042480469,0.0,0
1596165219.2345054,268.2008171081543,0.0,0
1596165219.2445054,270.0013303756714,0.0,0
1596165219.2545054,271.8016719818115,0.0,0
1596165219.2645054,273.6021423339844,0.0,0
1596165219.2745054,275.40205478668213,0.0,0
1596165219.2845054,277.19982147216797,0.0,0
1596165219.2945054,278.9999055862427,0.0,0
1596165219.3045053,280.80286502838135,0.0,0
1596165219.3145053,282.59990215301514,0.0,0
1596165219.3245053,284.40191745758057,0.0,0
1596165219.3345053,286.2023448944092,0.0,0
1596165219.3445053,288.0026865005493,0.0,0
1596165219.3545053,289.8012685775757,0.0,0
1596165219.3645053,291.6010093688965,0.0,0
1596165219.3745053,293.4024667739868,0.0,0
1596165219.3845053,295.2027654647827,0.0,0
1596165219.3945053,297.00242042541504,0.0,0
1596165219.4045053,298.80005836486816,0.0,0
1596165219.4145052,300.6029748916626,0.0,0
1596165219.4245052,302.40074157714844,0.0,0
1596165219.4345052,304.20271396636963,0.0,0
1596165219.4445052,306.0000944137573,0.0,0
1596165219.4545052,307.8005647659302,0.0,0
1596165219.4645052,309.6023654937744,0.0,0
1596165219.4745052,311.3998746871948,0.0,0
1596165219.4845052,313.2024908065796,0.0,0
1596165219.4945052,315.00184535980225,0.0,0
1596165219.5045052,316.80248737335205,0.0,0
1596165219.5145051,318.6002540588379,0.0,0
1596165219.5245051,320.4003381729126,0.0,0
1596165219.5345051,322.2011947631836,0.0,0
1596165219.5445051,324.0009355545044,0.0,0
1596165219.554505,325.80196380615234,0.0,0
1596165219.564505,327.60282039642334,0.0,0
1596165219.574505,329.3999433517456,0.0,0
1596165219.584505,331.2008857727051,0.0,0
1596165219.594505,333.0006265640259,0.0,0
1596165219.604505,334.79976654052734,0.0,0
1596165219.614505,336.6019535064697,0.0,0
1596165219.624505,338.4018659591675,0.0,0
1596165219.634505,340.1999759674072,0.0,0
1596165219.644505,342.0028495788574,0.0,0
1596165219.654505,343.80306243896484,0.0,0
1596165219.664505,345.60057163238525,0.0,0
1596165219.674505,347.39975452423096,0.0,0
1596165219.684505,349.2023277282715,0.0,0
1596165219.694505,351.00305557250977,0.0,0
1596165219.704505,352.8005647659302,0.0,0
1596165219.714505,354.60275173187256,0.0,0
1596165219.724505,356.39970302581787,0.0,0
1596165219.734505,358.20300579071045,0.0,0
1596165219.744507,360,0.0,1
1596165219.744507,0,0,0
1596165219.754507,1.8001699447631836,0,0
1596165219.764507,3.6033010482788086,0,0
1596165219.774507,5.401926040649414,0,0
1596165219.784507,7.202267646789551,0,0
1596165219.794507,9.001150131225586,0,0
1596165219.804507,10.80007553100586,0,0
1596165219.814507,12.602391242980957,0,0
1596165219.824507,14.400501251220703,0,0
1596165219.834507,16.20058536529541,0,0
1596165219.844507,18.0025577545166,0,0
1596165219.854507,19.802427291870117,0,0
1596165219.864507,21.60186767578125,0,0
1596165219.874507,23.40036392211914,0,0
1596165219.884507,25.201091766357422,0,0
1596165219.894507,27.00212001800537,0,0
1596165219.904507,28.80336284637451,0,0
1596165219.914507,30.601515769958496,0,0
1596165219.924507,32.402286529541016,0,0
1596165219.934507,34.20215606689453,0,0
1596165219.944507,36.001338958740234,0,0
1596165219.9545069,37.80262470245361,0,0
1596165219.9645069,39.6007776260376,0,0
1596165219.9745069,41.402578353881836,0,0
1596165219.9845068,43.203392028808594,0,0
1596165219.9945068,45.00124454498291,0,0
1596165220.0045068,46.801414489746094,0,0
1596165220.0145068,48.60055446624756,0,0
1596165220.0245068,50.40020942687988,0,0
1596165220.0345068,52.20248222351074,0,0
1596165220.0445068,54.00097846984863,0,0
1596165220.0545068,55.80273628234863,0,0
1596165220.0645068,57.602434158325195,0,0
1596165220.0745068,59.40165996551514,0,0
1596165220.0845068,61.20178699493408,0,0
1596165220.0945067,63.001227378845215,0,0
1596165220.1045067,64.80216979980469,0,0
1596165220.1145067,66.60122394561768,0,0
1596165220.1245067,68.40152263641357,0,0
1596165220.1345067,70.20134925842285,0,0
1596165220.1445067,72.00053215026855,0,0
1596165220.1545067,73.80293369293213,0,0
1596165220.1645067,75.6000566482544,0,0
1596165220.1745067,77.4010419845581,0,0
1596165220.1845067,79.20327186584473,0,0
1596165220.1945066,81.00030899047852,0,0
1596165220.2045066,82.80258178710938,0,0
1596165220.2145066,84.60043430328369,0,0
1596165220.2245066,86.40000343322754,0,0
1596165220.2345066,88.20008754730225,0,0
1596165220.2445066,90.00261783599854,0,0
1596165220.2545066,91.80334568023682,0,0
1596165220.2645066,93.60051155090332,0,0
1596165220.2745066,95.39990901947021,0,0
1596165220.2845066,97.20029354095459,0,0
1596165220.2945065,99.00149345397949,0,0
1596165220.3045065,100.80136299133301,0,0
1596165220.3145065,102.60196208953857,0,0
1596165220.3245065,104.40135955810547,0,0
1596165220.3345065,106.20268821716309,0,0
1596165220.3445065,108.00002574920654,0,0
1596165220.3545065,109.80264186859131,0,0
1596165220.3645065,111.60126686096191,0,0
1596165220.3745065,113.40165138244629,0,0
1596165220.3845065,115.20070552825928,0,0
1596165220.3945065,117.00066089630127,0,0
1596165220.4045064,118.80078792572021,0,0
1596165220.4145064,120.59997081756592,0,0
1596165220.4245064,122.40168571472168,0,0
1596165220.4345064,124.20275688171387,0,0
1596165220.4445064,126.00288391113281,0,0
1596165220.4545064,127.80210971832275,0,0
1596165220.4645064,129.6009063720703,0,0
1596165220.4745064,131.40094757080078,0,0
1596165220.4845064,133.20210456848145,0,0
1596165220.4945064,135.00081539154053,0,0
1596165220.5045063,136.79999828338623,0,0
1596165220.5145063,138.60252857208252,0,0
1596165220.5245063,140.40261268615723,0,0
1596165220.5345063,142.20218181610107,0,0
1596165220.5445063,144.0032958984375,0,0
1596165220.5545063,145.8032512664795,0,0
1596165220.5645063,147.60114669799805,0,0
1596165220.5745063,149.4008445739746,0,0
1596165220.5845063,151.20285987854004,0,0
1596165220.5945063,153.00230026245117,0,0
1596165220.6045063,154.80075359344482,0,0
1596165220.6145062,156.60285472869873,0,0
1596165220.6245062,158.40096473693848,0,0
1596165220.6345062,160.20100593566895,0,0
1596165220.6445062,162.0011329650879,0,0
1596165220.6545062,163.80254745483398,0,0
1596165220.6645062,165.60306072235107,0,0
1596165220.6745062,167.40198612213135,0,0
1596165220.6845062,169.20305728912354,0,0
1596165220.6860373,169.4754409790039,0,0
1596165220.6860373,169.4754409790039,0.0,0
1596165220.6945062,171.00125312805176,0.0,0
1596165220.7045062,172.80039310455322,0.0,0
1596165220.7145061,174.6023654937744,0.0,0
1596165220.7245061,176.40193462371826,0.0,0
1596165220.7345061,178.20000171661377,0.0,0
1596165220.7445061,180.00060081481934,0.0,0
1596165220.754506,181.80038452148438,0.0,0
1596165220.764506,183.60051155090332,0.0,0
1596165220.774506,185.40149688720703,0.0,0
1596165220.784506,187.20166683197021,0.0,0
1596165220.794506,189.00110721588135,0.0,0
1596165220.804506,190.79981803894043,0.0,0
1596165220.814506,192.59990215301514,0.0,0
1596165220.824506,194.4001579284668,0.0,0
1596165220.834506,196.19994163513184,0.0,0
1596165220.844506,198.00307273864746,0.0,0
1596165220.854506,199.80032444000244,0.0,0
1596165220.864506,201.60027980804443,0.0,0
1596165220.874506,203.40096473693848,0.0,0
1596165220.884506,205.20203590393066,0.0,0
1596165220.894506,207.00220584869385,0.0,0
1596165220.904506,208.8008737564087,0.0,0
1596165220.914506,210.60211658477783,0.0,0
1596165220.924506,212.4008274078369,0.0,0
1596165220.934506,214.2015552520752,0.0,0
1596165220.944506,216.002197265625,0.0,0
1596165220.954506,217.8017234802246,0.0,0
1596165220.964506,219.6023654937744,0.0,0
1596165220.974506,221.4003038406372,0.0,0
1596165220.984506,223.20163249969482,0.0,0
1596165220.994506,225.0027894973755,0.0,0
1596165221.0045059,226.80150032043457,0.0,0
1596165221.0145059,228.6027431488037,0.0,0
1596165221.0245059,230.40128231048584,0.0,0
1596165221.0345058,232.20261096954346,0.0,0
1596165221.0445058,234.00179386138916,0.0,0
1596165221.0545058,235.8024787902832,0.0,0
1596165221.0645058,237.59981632232666,0.0,0
1596165221.0745058,239.40178871154785,0.0,0
1596165221.0845058,241.20221614837646,0.0,0
1596165221.0945058,243.00071239471436,0.0,0
1596165221.1045058,244.80148315429688,0.0,0
1596165221.1145058,246.60251140594482,0.0,0
1596165221.1245058,248.3997631072998,0.0,0
1596165221.1345057,250.1998472213745,0.0,0
1596165221.1445057,252.00254917144775,0.0,0
1596165221.1545057,253.80053043365479,0.0,0
1596165221.1645057,255.60070037841797,0.0,0
1596165221.1745057,257.4011278152466,0.0,0
1596165221.1845057,259.20159816741943,0.0,0
1596165221.1945057,261.0027551651001,0.0,0
1596165221.2045057,262.80099391937256,0.0,0
1596165221.2145057,264.6023654937744,0.0,0
1596165221.2245057,266.40056133270264,0.0,0
1596165221.2345057,268.2031774520874,0.0,0
1596165221.2445056,270.0,0.0,0
1596165221.2545056,271.8031311035156,0.0,0
1596165221.2645056,273.6028718948364,0.0,0
1596165221.2745056,275.4003381729126,0.0,0
1596165221.2845056,277.202525138855,0.0,0
1596165221.2945056,279.0012788772583,0.0,0
1596165221.3045056,280.80016136169434,0.0,0
1596165221.3145056,282.60080337524414,0.0,0
1596165221.3245056,284.40075874328613,0.0,0
1596165221.3345056,286.2018299102783,0.0,0
1596165221.3445055,287.99981117248535,0.0,0
1596165221.3545055,289.8029851913452,0.0,0
1596165221.3645055,291.6005802154541,0.0,0
1596165221.3745055,293.40126514434814,0.0,0
1596165221.3845055,295.2019500732422,0.0,0
1596165221.3945055,297.0022916793823,0.0,0
1596165221.4045055,298.80091667175293,0.0,0
1596165221.4145055,300.601601600647,0.0,0
1596165221.4245055,302.4002695083618,0.0,0
1596165221.4345055,304.2016410827637,0.0,0
1596165221.4445055,306.0026693344116,0.0,0
1596165221.4545054,307.7997064590454,0.0,0
1596165221.4645054,309.600133895874,0.0,0
1596165221.4745054,311.40090465545654,0.0,0
1596165221.4845054,313.202919960022,0.0,0
1596165221.4945054,315.00128746032715,0.0,0
1596165221.5045054,316.79991245269775,0.0,0
1596165221.5145054,318.6009407043457,0.0,0
1596165221.5245054,320.4022264480591,0.0,0
1596165221.5345054,322.2021818161011,0.0,0
1596165221.5445054,323.9996910095215,0.0,0
1596165221.5545053,325.80153465270996,0.0,0
1596165221.5645053,327.60149002075195,0.0,0
1596165221.5745053,329.4022607803345,0.0,0
1596165221.5845053,331.2010145187378,0.0,0
1596165221.5945053,333.000111579895,0.0,0
1596165221.6045053,334.80144023895264,0.0,0
1596165221.6145053,336.60173892974854,0.0,0
1596165221.6245053,338.4021234512329,0.0,0
1596165221.6345053,340.20001888275146,0.0,0
1596165221.6445053,342.0014762878418,0.0,0
1596165221.6545053,343.80173206329346,0.0,0
1596165221.6645052,345.60237407684326,0.0,0
1596165221.6745052,347.4020290374756,0.0,0
1596165221.6845052,349.2024564743042,0.0,0
1596165221.6945052,351.0005235671997,0.0,0
1596165221.7045052,352.8015947341919,0.0,0
1596165221.7145052,354.60026264190674,0.0,0
1596165221.7245052,356.4015054702759,0.0,0
1596165221.7345052,358.20133209228516,0.0,0
1596165221.7445168,360,0.0,1
1596165221.7445168,0,0,0
1596165221.7545168,1.8002986907958984,0,0
1596165221.7645168,3.600168228149414,0,0
1596165221.7745168,5.402355194091797,0,0
1596165221.7845168,7.201495170593262,0,0
1596165221.7945168,9.001579284667969,0,0
1596165221.8045168,10.80054759979248,0,0
1596165221.8145168,12.601318359375,0,0
1596165221.8245168,14.402990341186523,0,0
1596165221.8345168,16.202001571655273,0,0
1596165221.8445168,18.002686500549316,0,0
1596165221.8545167,19.80015277862549,0,0
1596165221.8645167,21.601481437683105,0,0
1596165221.8745167,23.401308059692383,0,0
1596165221.8845167,25.201091766357422,0,0
1596165221.8945167,27.001304626464844,0,0
1596165221.9045167,28.800058364868164,0,0
1596165221.9145167,30.599970817565918,0,0
1596165221.9245167,32.402286529541016,0,0
1596165221.9345167,34.200053215026855,0,0
1596165221.9445167,36.002068519592285,0,0
1596165221.9545166,37.801551818847656,0,0
1596165221.9645166,39.60202217102051,0,0
1596165221.9745166,41.40202045440674,0,0
1596165221.9845166,43.20150375366211,0,0
1596165221.9945166,45.002102851867676,0,0
1596165222.0045166,46.80270195007324,0,0
1596165222.0145166,48.60244274139404,0,0
1596165222.0245166,50.40098190307617,0,0
1596165222.0345166,52.20179557800293,0,0
1596165222.0445166,54.00308132171631,0,0
1596165222.0545166,55.80209255218506,0,0
1596165222.0645165,57.601318359375,0,0
1596165222.0745165,59.40264701843262,0,0
1596165222.0845165,61.201486587524414,0,0
1596165222.0945165,63.00006866455078,0,0
1596165222.1045165,64.80015277862549,0,0
1596165222.1145165,66.60182476043701,0,0
1596165222.1245165,68.40066432952881,0,0
1596165222.1345165,70.20237922668457,0,0
1596165222.1445165,72.00233459472656,0,0
1596165222.1545165,73.80306243896484,0,0
1596165222.1645164,75.59992790222168,0,0
1596165222.1745164,77.40151405334473,0,0
1596165222.1845164,79.20112609863281,0,0
1596165222.1945164,81.00172519683838,0,0
1596165222.2045164,82.80120849609375,0,0
1596165222.2145164,84.6025800704956,0,0
1596165222.2245164,86.40056133270264,0,0
1596165222.2345164,88.20077419281006,0,0
1596165222.2445164,90.00326156616211,0,0
1596165222.2545164,91.80325984954834,0,0
1596165222.2645164,93.60192775726318,0,0
1596165222.2745163,95.40256977081299,0,0
1596165222.2845163,97.2018814086914,0,0
1596165222.2945163,99.00132179260254,0,0
1596165222.3045163,100.8021354675293,0,0
1596165222.3145163,102.60226249694824,0,0
1596165222.3245163,104.40028667449951,0,0
1596165222.3345163,106.20007038116455,0,0
1596165222.3445163,108.0007553100586,0,0
1596165222.3545163,109.8013973236084,0,0
1596165222.3645163,111.60118103027344,0,0
1596165222.3745162,113.40281009674072,0,0
1596165222.3845162,115.20019054412842,0,0
1596165222.3945162,117.00134754180908,0,0
1596165222.4045162,118.80023002624512,0,0
1596165222.4145162,120.60258865356445,0,0
1596165222.4245162,122.40147113800049,0,0
1596165222.4345162,124.20202732086182,0,0
1596165222.4445162,126.002197265625,0,0
1596165222.4545162,127.80198097229004,0,0
1596165222.4645162,129.6011209487915,0,0
1596165222.4745162,131.40202045440674,0,0
1596165222.4845161,133.2008171081543,0,0
1596165222.4945161,135.0006866455078,0,0
1596165222.5045161,136.80330276489258,0,0
1596165222.514516,138.60076904296875,0,0
1596165222.524516,140.40003776550293,0,0
1596165222.534516,142.20338344573975,0,0
1596165222.544516,144.00256633758545,0,0
1596165222.554516,145.80050468444824,0,0
1596165222.564516,147.602219581604,0,0
1596165222.574516,149.40088748931885,0,0
1596165222.584516,151.20075702667236,0,0
1596165222.594516,153.00182819366455,0,0
1596165222.604516,154.80212688446045,0,0
1596165222.614516,156.60272598266602,0,0
1596165222.624516,158.40250968933105,0,0
1596165222.634516,160.20126342773438,0,0
1596165222.644516,162.00134754180908,0,0
1596165222.654516,163.80314826965332,0,0
1596165222.664516,165.6002712249756,0,0
1596165222.674516,167.40275859832764,0,0
1596165222.684516,169.2006540298462,0,0
1596165222.6861427,169.49265003204346,0,0
1596165222.6861427,169.49265003204346,0.0,0
1596165222.694516,171.00181102752686,0.0,0
1596165222.704516,172.80095100402832,0.0,0
1596165222.714516,174.60262298583984,0.0,0
1596165222.724516,176.40296459197998,0.0,0
1596165222.734516,178.2004737854004,0.0,0
1596165222.744516,180.00266075134277,0.0,0
1596165222.754516,181.8017578125,0.0,0
1596165222.7645159,183.60257148742676,0.0,0
1596165222.7745159,185.40042400360107,0.0,0
1596165222.7845159,187.2017526626587,0.0,0
1596165222.7945158,189.0030813217163,0.0,0
1596165222.8045158,190.80003261566162,0.0,0
1596165222.8145158,192.60273456573486,0.0,0
1596165222.8245158,194.40243244171143,0.0,0
1596165222.8345158,196.20238780975342,0.0,0
1596165222.8445158,198.00105571746826,0.0,0
1596165222.8545158,199.8008394241333,0.0,0
1596165222.8645158,201.60216808319092,0.0,0
1596165222.8745158,203.40285301208496,0.0,0
1596165222.8845158,205.20156383514404,0.0,0
1596165222.8945158,207.00031757354736,0.0,0
1596165222.9045157,208.80130290985107,0.0,0
1596165222.9145157,210.60070037841797,0.0,0
1596165222.9245157,212.4012565612793,0.0,0
1596165222.9345157,214.20125484466553,0.0,0
1596165222.9445157,216.00125312805176,0.0,0
1596165222.9545157,217.80296802520752,0.0,0
1596165222.9645157,219.6015501022339,0.0,0
1596165222.9745157,221.39978885650635,0.0,0
1596165222.9845157,223.20197582244873,0.0,0
1596165222.9945157,225.00042915344238,0.0,0
1596165223.0045156,226.80180072784424,0.0,0
1596165223.0145156,228.60132694244385,0.0,0
1596165223.0245156,230.4017972946167,0.0,0
1596165223.0345156,232.20003604888916,0.0,0
1596165223.0445156,234.0005922317505,0.0,0
1596165223.0545156,235.80140590667725,0.0,0
1596165223.0645156,237.60226249694824,0.0,0
1596165223.0745156,239.4019603729248,0.0,0
1596165223.0845156,241.2022590637207,0.0,0
1596165223.0945156,243.00092697143555,0.0,0
1596165223.1045156,244.8017406463623,0.0,0
1596165223.1145155,246.60251140594482,0.0,0
1596165223.1245155,248.4022092819214,0.0,0
1596165223.1345155,250.20315170288086,0.0,0
1596165223.1445155,252.00319290161133,0.0,0
1596165223.1545155,253.80173206329346,0.0,0
1596165223.1645155,255.6016445159912,0.0,0
1596165223.1745155,257.4016857147217,0.0,0
1596165223.1845155,259.2003536224365,0.0,0
1596165223.1945155,261.0002660751343,0.0,0
1596165223.2045155,262.80176639556885,0.0,0
1596165223.2145154,264.60206508636475,0.0,0
1596165223.2245154,266.4003896713257,0.0,0
1596165223.2345154,268.2019329071045,0.0,0
1596165223.2445154,270.00060081481934,0.0,0
1596165223.2545154,271.8027877807617,0.0,0
1596165223.2645154,273.60154151916504,0.0,0
1596165223.2745154,275.4013252258301,0.0,0
1596165223.2845154,277.20037937164307,0.0,0
1596165223.2945154,279.0025234222412,0.0,0
1596165223.3045154,280.8024787902832,0.0,0
1596165223.3145154,282.6026916503906,0.0,0
1596165223.3245153,284.4011449813843,0.0,0
1596165223.3345153,286.1998128890991,0.0,0
1596165223.3445153,288.002986907959,0.0,0
1596165223.3545153,289.80045318603516,0.0,0
1596165223.3645153,291.6030263900757,0.0,0
1596165223.3745153,293.4002351760864,0.0,0
1596165223.3845153,295.2007484436035,0.0,0
1596165223.3945153,297.00121879577637,0.0,0
1596165223.4045153,298.8019895553589,0.0,0
1596165223.4145153,300.6013011932373,0.0,0
1596165223.4245152,302.40254402160645,0.0,0
1596165223.4345152,304.20116901397705,0.0,0
1596165223.4445152,306.001296043396,0.0,0
1596165223.4545152,307.8024101257324,0.0,0
1596165223.4645152,309.6000909805298,0.0,0
1596165223.4745152,311.4015483856201,0.0,0
1596165223.4845152,313.2007312774658,0.0,0
1596165223.4945152,315.00072956085205,0.0,0
1596165223.5045152,316.80171489715576,0.0,0
1596165223.5145152,318.60124111175537,0.0,0
1596165223.5245152,320.40308475494385,0.0,0
1596165223.5345151,322.2021818161011,0.0,0
1596165223.5445151,324.0019655227661,0.0,0
1596165223.5545151,325.801362991333,0.0,0
1596165223.564515,327.5999879837036,0.0,0
1596165223.574515,329.40080165863037,0.0,0
1596165223.584515,331.20049953460693,0.0,0
1596165223.594515,333.0030298233032,0.0,0
1596165223.604515,334.800066947937,0.0,0
1596165223.614515,336.60118103027344,0.0,0
1596165223.624515,338.3998489379883,0.0,0
1596165223.634515,340.20057678222656,0.0,0
1596165223.644515,342.0018196105957,0.0,0
1596165223.654515,343.8018608093262,0.0,0
1596165223.664515,345.6000566482544,0.0,0
1596165223.674515,347.40099906921387,0.0,0
1596165223.684515,349.2030143737793,0.0,0
1596165223.694515,351.00202560424805,0.0,0
1596165223.704515,352.80279636383057,0.0,0
1596165223.714515,354.60052013397217,0.0,0
1596165223.724515,356.3998746871948,0.0,0
1596165223.734515,358.2027053833008,0.0,0
1596165223.744515,359.99969959259033,0.0,0
1596165223.744537,360,0.0,1
1596165223.744537,0,0,0
1596165223.754537,1.803431510925293,0,0
1596165223.764537,3.6034297943115234,0,0
1596165223.774537,5.400338172912598,0,0
1596165223.784537,7.201623916625977,0,0
1596165223.794537,9.001579284667969,0,0
1596165223.804537,10.8030366897583,0,0
1596165223.814537,12.601232528686523,0,0
1596165223.824537,14.400930404663086,0,0
1596165223.834537,16.20255947113037,0,0
1596165223.844537,18.0025577545166,0,0
1596165223.854537,19.80015277862549,0,0
1596165223.864537,21.6031551361084,0,0
1596165223.874537,23.40336799621582,0,0
1596165223.884537,25.20092010498047,0,0
1596165223.894537,27.001948356628418,0,0
1596165223.904537,28.802032470703125,0,0
1596165223.914537,30.603318214416504,0,0
1596165223.924537,32.401556968688965,0,0
1596165223.934537,34.2018985748291,0,0
1596165223.944537,36.00292682647705,0,0
1596165223.954537,37.80292510986328,0,0
1596165223.964537,39.60193634033203,0,0
1596165223.974537,41.402878761291504,0,0
1596165223.984537,43.20201873779297,0,0
1596165223.9945369,45.00094413757324,0,0
1596165224.0045369,46.80197238922119,0,0
1596165224.0145369,48.60222816467285,0,0
1596165224.0245368,50.40334224700928,0,0
1596165224.0345368,52.203125953674316,0,0
1596165224.0445368,54.000935554504395,0,0
1596165224.0545368,55.80187797546387,0,0
1596165224.0645368,57.60157585144043,0,0
1596165224.0745368,59.40084457397461,0,0
1596165224.0845368,61.20285987854004,0,0
1596165224.0945368,63.00152778625488,0,0
1596165224.1045368,64.8025131225586,0,0
1596165224.1145368,66.60126686096191,0,0
1596165224.1245368,68.40332508087158,0,0
1596165224.1345367,70.2006196975708,0,0
1596165224.1445367,72.00078964233398,0,0
1596165224.1545367,73.80005836486816,0,0
1596165224.1645367,75.60323238372803,0,0
1596165224.1745367,77.4006986618042,0,0
1596165224.1845367,79.20194149017334,0,0
1596165224.1945367,81.00116729736328,0,0
1596165224.2045367,82.80198097229004,0,0
1596165224.2145367,84.60232257843018,0,0
1596165224.2245367,86.40081882476807,0,0
1596165224.2345366,88.20223331451416,0,0
1596165224.2445366,90.00137329101562,0,0
1596165224.2545366,91.80304527282715,0,0
1596165224.2645366,93.6031723022461,0,0
1596165224.2745366,95.40132522583008,0,0
1596165224.2845366,97.2011947631836,0,0
1596165224.2945366,99.00050640106201,0,0
1596165224.3045366,100.80200672149658,0,0
1596165224.3145366,102.60273456573486,0,0
1596165224.3245366,104.40135955810547,0,0
1596165224.3345366,106.20311737060547,0,0
1596165224.3445365,108.00238609313965,0,0
1596165224.3545365,109.80053901672363,0,0
1596165224.3645365,111.60311222076416,0,0
1596165224.3745365,113.40135097503662,0,0
1596165224.3845365,115.20276546478271,0,0
1596165224.3945365,117.00160503387451,0,0
1596165224.4045365,118.80173206329346,0,0
1596165224.4145365,120.60160160064697,0,0
1596165224.4245365,122.40237236022949,0,0
1596165224.4345365,124.20095443725586,0,0
1596165224.4445364,126.00099563598633,0,0
1596165224.4545364,127.80262470245361,0,0
1596165224.4645364,129.6020221710205,0,0
1596165224.4745364,131.40000343322754,0,0
1596165224.4845364,133.20244789123535,0,0
1596165224.4945364,135.00227451324463,0,0
1596165224.5045364,136.80077075958252,0,0
1596165224.5145364,138.6031723022461,0,0
1596165224.5245364,140.40050983428955,0,0
1596165224.5345364,142.2022247314453,0,0
1596165224.5445364,144.0000343322754,0,0
1596165224.5545363,145.80265045166016,0,0
1596165224.5645363,147.60320663452148,0,0
1596165224.5745363,149.40054416656494,0,0
1596165224.5845363,151.20294570922852,0,0
1596165224.5945363,153.0019998550415,0,0
1596165224.6045363,154.80169773101807,0,0
1596165224.6145363,156.6002368927002,0,0
1596165224.6245363,158.40096473693848,0,0
1596165224.6345363,160.199933052063,0,0
1596165224.6445363,162.0002317428589,0,0
1596165224.6545362,163.80250453948975,0,0
1596165224.6645362,165.60065746307373,0,0
1596165224.6745362,167.40245819091797,0,0
1596165224.6845362,169.200439453125,0,0
1596165224.6862812,169.51393604278564,0,0
1596165224.6862812,169.51393604278564,0.0,0
1596165224.6945362,171.0008668899536,0.0,0
1596165224.7045362,172.80288219451904,0.0,0
1596165224.7145362,174.60176467895508,0.0,0
1596165224.7245362,176.4003038406372,0.0,0
1596165224.7345362,178.20086002349854,0.0,0
1596165224.7445362,180.0023603439331,0.0,0
1596165224.7545362,181.80227279663086,0.0,0
1596165224.7645361,183.60235691070557,0.0,0
1596165224.7745361,185.40136814117432,0.0,0
1596165224.7845361,187.20025062561035,0.0,0
1596165224.794536,189.0010643005371,0.0,0
1596165224.804536,190.80003261566162,0.0,0
1596165224.814536,192.6002025604248,0.0,0
1596165224.824536,194.4023036956787,0.0,0
1596165224.834536,196.20122909545898,0.0,0
1596165224.844536,198.00157070159912,0.0,0
1596165224.854536,199.80255603790283,0.0,0
1596165224.864536,201.60216808319092,0.0,0
1596165224.874536,203.40182304382324,0.0,0
1596165224.884536,205.199933052063,0.0,0
1596165224.894536,207.00109004974365,0.0,0
1596165224.904536,208.8023328781128,0.0,0
1596165224.914536,210.6007432937622,0.0,0
1596165224.924536,212.4015998840332,0.0,0
1596165224.934536,214.20151233673096,0.0,0
1596165224.944536,216.00022315979004,0.0,0
1596165224.954536,217.80039310455322,0.0,0
1596165224.964536,219.60185050964355,0.0,0
1596165224.974536,221.4012908935547,0.0,0
1596165224.984536,223.2028341293335,0.0,0
1596165224.994536,225.00141620635986,0.0,0
1596165225.004536,226.80218696594238,0.0,0
1596165225.014536,228.6028289794922,0.0,0
1596165225.024536,230.40003776550293,0.0,0
1596165225.034536,232.20012187957764,0.0,0
1596165225.0445359,233.99986267089844,0.0,0
1596165225.0545359,235.8023500442505,0.0,0
1596165225.0645359,237.60101795196533,0.0,0
1596165225.0745358,239.40221786499023,0.0,0
1596165225.0845358,241.20088577270508,0.0,0
1596165225.0945358,243.00084114074707,0.0,0
1596165225.1045358,244.80247020721436,0.0,0
1596165225.1145358,246.60032272338867,0.0,0
1596165225.1245358,248.40040683746338,0.0,0
1596165225.1345358,250.20147800445557,0.0,0
1596165225.1445358,252.00027465820312,0.0,0
1596165225.1545358,253.80074501037598,0.0,0
1596165225.1645358,255.60224533081055,0.0,0
1596165225.1745358,257.4028015136719,0.0,0
1596165225.1845357,259.20129776000977,0.0,0
1596165225.1945357,261.00103855133057,0.0,0
1596165225.2045357,262.8029251098633,0.0,0
1596165225.2145357,264.6005630493164,0.0,0
1596165225.2245357,266.40193462371826,0.0,0
1596165225.2345357,268.20021629333496,0.0,0
1596165225.2445357,270.0024461746216,0.0,0
1596165225.2545357,271.8030023574829,0.0,0
1596165225.2645357,273.6005973815918,0.0,0
1596165225.2745357,275.40093898773193,0.0,0
1596165225.2845356,277.2017526626587,0.0,0
1596165225.2945356,279.0013647079468,0.0,0
1596165225.3045356,280.8003330230713,0.0,0
1596165225.3145356,282.6014471054077,0.0,0
1596165225.3245356,284.40165996551514,0.0,0
1596165225.3345356,286.20105743408203,0.0,0
1596165225.3445356,288.0010986328125,0.0,0
1596165225.3545356,289.80156898498535,0.0,0
1596165225.3645356,291.5999364852905,0.0,0
1596165225.3745356,293.4018659591675,0.0,0
1596165225.3845356,295.201735496521,0.0,0
1596165225.3945355,297.00006008148193,0.0,0
1596165225.4045355,298.8008737564087,0.0,0
1596165225.4145355,300.60100078582764,0.0,0
1596165225.4245355,302.4022436141968,0.0,0
1596165225.4345355,304.2010831832886,0.0,0
1596165225.4445355,306.0008668899536,0.0,0
1596165225.4545355,307.80030727386475,0.0,0
1596165225.4645355,309.60129261016846,0.0,0
1596165225.4745355,311.4016342163086,0.0,0
1596165225.4845355,313.2027053833008,0.0,0
1596165225.4945354,315.00051498413086,0.0,0
1596165225.5045354,316.80180072784424,0.0,0
1596165225.5145354,318.6006832122803,0.0,0
1596165225.5245354,320.3999090194702,0.0,0
1596165225.5345354,322.20282554626465,0.0,0
1596165225.5445354,324.0028667449951,0.0,0
1596165225.5545354,325.80217838287354,0.0,0
1596165225.5645354,327.60003089904785,0.0,0
1596165225.5745354,329.39998626708984,0.0,0
1596165225.5845354,331.2005424499512,0.0,0
1596165225.5945354,333.00015449523926,0.0,0
1596165225.6045353,334.80191230773926,0.0,0
1596165225.6145353,336.6019535064697,0.0,0
1596165225.6245353,338.40057849884033,0.0,0
1596165225.6345353,340.1999759674072,0.0,0
1596165225.6445353,342.0019054412842,0.0,0
1596165225.6545353,343.7997579574585,0.0,0
1596165225.6645353,345.59967041015625,0.0,0
1596165225.6745353,347.40220069885254,0.0,0
1596165225.6845353,349.2018127441406,0.0,0
1596165225.6945353,351.00224018096924,0.0,0
1596165225.7045352,352.80065059661865,0.0,0
1596165225.7145352,354.60283756256104,0.0,0
1596165225.7245352,356.4024496078491,0.0,0
1596165225.7345352,358.20021629333496,0.0,0
1596165225.7445495,360,0.0,1
1596165225.7445495,0,0,0
1596165225.7545495,1.8029594421386719,0,0
1596165225.7645495,3.602571487426758,0,0
1596165225.7745495,5.403342247009277,0,0
1596165225.7845495,7.203340530395508,0,0
1596165225.7945495,9.002866744995117,0,0
1596165225.8045495,10.801920890808105,0,0
1596165225.8145494,12.601017951965332,0,0
1596165225.8245494,14.400501251220703,0,0
1596165225.8345494,16.201915740966797,0,0
1596165225.8445494,18.00105571746826,0,0
1596165225.8545494,19.800539016723633,0,0
1596165225.8645494,21.603283882141113,0,0
1596165225.8745494,23.403024673461914,0,0
1596165225.8845494,25.200834274291992,0,0
1596165225.8945494,27.00066089630127,0,0
1596165225.9045494,28.803019523620605,0,0
1596165225.9145494,30.603103637695312,0,0
1596165225.9245493,32.40061283111572,0,0
1596165225.9345493,34.200096130371094,0,0
1596165225.9445493,36.001553535461426,0,0
1596165225.9545493,37.80022144317627,0,0
1596165225.9645493,39.60155010223389,0,0
1596165225.9745493,41.400089263916016,0,0
1596165225.9845493,43.200602531433105,0,0
1596165225.9945493,45.00330448150635,0,0
1596165226.0045493,46.80184364318848,0,0
1596165226.0145493,48.59999656677246,0,0
1596165226.0245492,50.40059566497803,0,0
1596165226.0345492,52.202653884887695,0,0
1596165226.0445492,54.00248050689697,0,0
1596165226.0545492,55.80209255218506,0,0
1596165226.0645492,57.601318359375,0,0
1596165226.0745492,59.40337657928467,0,0
1596165226.0845492,61.20058536529541,0,0
1596165226.0945492,63.00230026245117,0,0
1596165226.1045492,64.8031997680664,0,0
1596165226.1145492,66.60088062286377,0,0
1596165226.1245492,68.40319633483887,0,0
1596165226.1345491,70.20306587219238,0,0
1596165226.1445491,71.99997425079346,0,0
1596165226.1545491,73.8026762008667,0,0
1596165226.164549,75.60288906097412,0,0
1596165226.174549,77.40241527557373,0,0
1596165226.184549,79.2027997970581,0,0
1596165226.194549,81.00198268890381,0,0
1596165226.204549,82.80180931091309,0,0
1596165226.214549,84.60013389587402,0,0
1596165226.224549,86.40167713165283,0,0
1596165226.234549,88.20111751556396,0,0
1596165226.244549,90.0014591217041,0,0
1596165226.254549,91.80089950561523,0,0
1596165226.264549,93.60128402709961,0,0
1596165226.274549,95.40265560150146,0,0
1596165226.284549,97.2020959854126,0,0
1596165226.294549,99.00024890899658,0,0
1596165226.304549,100.80041885375977,0,0
1596165226.314549,102.60174751281738,0,0
1596165226.324549,104.40268993377686,0,0
1596165226.334549,106.20303153991699,0,0
1596165226.344549,108.00238609313965,0,0
1596165226.354549,109.80135440826416,0,0
1596165226.364549,111.60105228424072,0,0
1596165226.374549,113.4028959274292,0,0
1596165226.384549,115.2000617980957,0,0
1596165226.394549,117.00096130371094,0,0
1596165226.404549,118.80138874053955,0,0
1596165226.4145489,120.60173034667969,0,0
1596165226.4245489,122.40117073059082,0,0
1596165226.4345489,124.20159816741943,0,0
1596165226.4445488,126.00151062011719,0,0
1596165226.4545488,127.80017852783203,0,0
1596165226.4645488,129.60116386413574,0,0
1596165226.4745488,131.4012050628662,0,0
1596165226.4845488,133.20197582244873,0,0
1596165226.4945488,135.00137329101562,0,0
1596165226.5045488,136.80240154266357,0,0
1596165226.5145488,138.60325813293457,0,0
1596165226.5245488,140.40106773376465,0,0
1596165226.5345488,142.20239639282227,0,0
1596165226.5445487,144.00230884552002,0,0
1596165226.5545487,145.80016136169434,0,0
1596165226.5645487,147.6015329360962,0,0
1596165226.5745487,149.39985752105713,0,0
1596165226.5845487,151.20264530181885,0,0
1596165226.5945487,153.00307273864746,0,0
1596165226.6045487,154.80324268341064,0,0
1596165226.6145487,156.60032272338867,0,0
1596165226.6245487,158.40242385864258,0,0
1596165226.6345487,160.20079135894775,0,0
1596165226.6445487,162.00186252593994,0,0
1596165226.6545486,163.80173206329346,0,0
1596165226.6645486,165.60284614562988,0,0
1596165226.6745486,167.40026950836182,0,0
1596165226.6845486,169.20073986053467,0,0
1596165226.6863785,169.52921390533447,0,0
1596165226.6863785,169.52921390533447,0.0,0
1596165226.6945486,171.00013732910156,0.0,0
1596165226.7045486,172.8031826019287,0.0,0
1596165226.7145486,174.603009223938,0.0,0
1596165226.7245486,176.40004634857178,0.0,0
1596165226.7345486,178.20120334625244,0.0,0
1596165226.7445486,180.00102996826172,0.0,0
1596165226.7545485,181.80222988128662,0.0,0
1596165226.7645485,183.60106945037842,0.0,0
1596165226.7745485,185.40218353271484,0.0,0
1596165226.7845485,187.20316886901855,0.0,0
1596165226.7945485,189.00166511535645,0.0,0
1596165226.8045485,190.80295085906982,0.0,0
1596165226.8145485,192.60088920593262,0.0,0
1596165226.8245485,194.4023895263672,0.0,0
1596165226.8345485,196.2000274658203,0.0,0
1596165226.8445485,197.99981117248535,0.0,0
1596165226.8545485,199.8016119003296,0.0,0
1596165226.8645484,201.600923538208,0.0,0
1596165226.8745484,203.4028959274292,0.0,0
1596165226.8845484,205.2031946182251,0.0,0
1596165226.8945484,207.00151920318604,0.0,0
1596165226.9045484,208.80259037017822,0.0,0
1596165226.9145484,210.60070037841797,0.0,0
1596165226.9245484,212.4001407623291,0.0,0
1596165226.9345484,214.2017698287964,0.0,0
1596165226.9445484,215.9998369216919,0.0,0
1596165226.9545484,217.80202388763428,0.0,0
1596165226.9645483,219.6015501022339,0.0,0
1596165226.9745483,221.40047550201416,0.0,0
1596165226.9845483,223.20077419281006,0.0,0
1596165226.9945483,225.00188827514648,0.0,0
