Type = Mirollor Strogatz (-ish),Function = Peskin,Refract =0.05,Epsilon =0.3,Gamma =3,Start_phase =116
Timestamp,Phase,Offset,Ping?
1596167688,116,0,0
1596167688.01,117.79450511932374,0.6444444444444445,0
1596167688.02,119.59724998474123,0.6444444444444445,0
1596167688.03,121.3941583633423,0.6444444444444445,0
1596167688.04,123.19660282135011,0.6444444444444445,0
1596167688.05,124.99604320526124,0.6444444444444445,0
1596167688.06,126.79677104949953,0.6444444444444445,0
1596167688.07,128.59539604187012,0.6444444444444445,0
1596167688.08,130.3952226638794,0.6444444444444445,0
1596167688.09,132.1949634552002,0.6444444444444445,0
1596167688.1,133.99530506134033,0.6444444444444445,0
1596167688.11,135.7961187362671,0.6444444444444445,0
1596167688.12,137.5974473953247,0.6444444444444445,0
1596167688.1299999,139.39435577392578,0.6444444444444445,0
1596167688.1399999,141.1954698562622,0.6444444444444445,0
1596167688.1499999,142.9948673248291,0.6444444444444445,0
1596167688.1599998,144.79456520080566,0.6444444444444445,0
1596167688.1699998,146.59516429901123,0.6444444444444445,0
1596167688.1799998,148.39563465118408,0.6444444444444445,0
1596167688.1899998,150.19546127319336,0.6444444444444445,0
1596167688.1999998,151.9961462020874,0.6444444444444445,0
1596167688.2099998,153.79717445373535,0.6444444444444445,0
1596167688.2199998,155.59489822387695,0.6444444444444445,0
1596167688.2299998,157.39652729034424,0.6444444444444445,0
1596167688.2399998,159.19661140441895,0.6444444444444445,0
1596167688.2499998,160.99626636505127,0.6444444444444445,0
1596167688.2599998,162.79617881774902,0.6444444444444445,0
1596167688.2699997,164.59759330749512,0.6444444444444445,0
1596167688.2799997,166.39681911468506,0.6444444444444445,0
1596167688.2899997,168.19698905944824,0.6444444444444445,0
1596167688.2999997,169.99733066558838,0.6444444444444445,0
1596167688.3099997,171.79565525054932,0.6444444444444445,0
1596167688.3199997,173.59432315826416,0.6444444444444445,0
1596167688.3299997,175.39427852630615,0.6444444444444445,0
1596167688.3399997,177.19616508483887,0.6444444444444445,0
1596167688.3499997,178.99534797668457,0.6444444444444445,0
1596167688.3599997,180.7966766357422,0.6444444444444445,0
1596167688.3699996,182.59534454345703,0.6444444444444445,0
1596167688.3799996,184.39431285858154,0.6444444444444445,0
1596167688.3899996,186.19731521606445,0.6444444444444445,0
1596167688.3999996,187.99606895446777,0.6444444444444445,0
1596167688.4099996,189.79636764526367,0.6444444444444445,0
1596167688.4199996,191.59597969055176,0.6444444444444445,0
1596167688.4299996,193.39752292633057,0.6444444444444445,0
1596167688.4399996,195.19687747955322,0.6444444444444445,0
1596167688.4499996,196.99477291107178,0.6444444444444445,0
1596167688.4599996,198.79738903045654,0.6444444444444445,0
1596167688.4699996,200.59738731384277,0.6444444444444445,0
1596167688.4799995,202.39729976654053,0.6444444444444445,0
1596167688.4899995,204.1967830657959,0.6444444444444445,0
1596167688.4999995,205.99523639678955,0.6444444444444445,0
1596167688.5099995,207.7945909500122,0.6444444444444445,0
1596167688.5199995,209.59514713287354,0.6444444444444445,0
1596167688.5299995,211.39523124694824,0.6444444444444445,0
1596167688.5399995,213.19677448272705,0.6444444444444445,0
1596167688.5499995,214.9950132369995,0.6444444444444445,0
1596167688.5599995,216.79647064208984,0.6444444444444445,0
1596167688.5699995,218.5956106185913,0.6444444444444445,0
1596167688.5799994,220.39629554748535,0.6444444444444445,0
1596167688.5899994,222.1971092224121,0.6444444444444445,0
1596167688.5999994,223.99607753753662,0.6444444444444445,0
1596167688.6099994,225.79418754577637,0.6444444444444445,0
1596167688.6199994,227.59749031066895,0.6444444444444445,0
1596167688.6299994,229.39439868927002,0.6444444444444445,0
1596167688.6399994,231.19577026367188,0.6444444444444445,0
1596167688.6499994,232.9955539703369,0.6444444444444445,0
1596167688.6599994,234.79490852355957,0.6444444444444445,0
1596167688.6699994,236.59443473815918,0.6444444444444445,0
1596167688.6799994,238.39614963531494,0.6444444444444445,0
1596167688.6899993,240.19464588165283,0.6444444444444445,0
1596167688.6999993,241.9953737258911,0.6444444444444445,0
1596167688.7099993,243.79562950134277,0.6444444444444445,0
1596167688.7199993,245.59717273712158,0.6444444444444445,0
1596167688.7299993,247.39618396759033,0.6444444444444445,0
1596167688.7399993,249.19652557373047,0.6444444444444445,0
1596167688.7499993,250.99588012695312,0.6444444444444445,0
1596167688.7599993,252.79712295532227,0.6444444444444445,0
1596167688.7699993,254.5948896408081,0.6444444444444445,0
1596167688.7799993,256.3954029083252,0.6444444444444445,0
1596167688.7899992,258.1968173980713,0.6444444444444445,0
1596167688.7999992,259.9947986602783,0.6444444444444445,0
1596167688.8099992,261.79514026641846,0.6444444444444445,0
1596167688.8199992,263.59634017944336,0.6444444444444445,0
1596167688.8299992,265.39629554748535,0.6444444444444445,0
1596167688.8399992,267.19436264038086,0.6444444444444445,0
1596167688.8499992,268.9950475692749,0.6444444444444445,0
1596167688.8599992,270.796462059021,0.6444444444444445,0
1596167688.8699992,272.59590244293213,0.6444444444444445,0
1596167688.8799992,274.39465618133545,0.6444444444444445,0
1596167688.8899992,276.1970148086548,0.6444444444444445,0
1596167688.8999991,277.9942235946655,0.6444444444444445,0
1596167688.9099991,279.7959814071655,0.6444444444444445,0
1596167688.9199991,281.5972671508789,0.6444444444444445,0
1596167688.929999,283.3973512649536,0.6444444444444445,0
1596167688.939999,285.1949462890625,0.6444444444444445,0
1596167688.949999,286.9955024719238,0.6444444444444445,0
1596167688.959999,288.79618740081787,0.6444444444444445,0
1596167688.969999,290.5973873138428,0.6444444444444445,0
1596167688.979999,292.39463901519775,0.6444444444444445,0
1596167688.989999,294.1954097747803,0.6444444444444445,0
1596167688.999999,295.99691009521484,0.6444444444444445,0
1596167689.009999,297.7954921722412,0.6444444444444445,0
1596167689.019999,299.59673500061035,0.6444444444444445,0
1596167689.029999,301.39626121520996,0.6444444444444445,0
1596167689.039999,303.1965169906616,0.6444444444444445,0
1596167689.049999,304.99741649627686,0.6444444444444445,0
1596167689.059999,306.7969856262207,0.6444444444444445,0
1596167689.069999,308.5943660736084,0.6444444444444445,0
1596167689.079999,310.3951368331909,0.6444444444444445,0
1596167689.089999,312.19693756103516,0.6444444444444445,0
1596167689.099999,313.9971504211426,0.6444444444444445,0
1596167689.109999,315.79448795318604,0.6444444444444445,0
1596167689.119999,317.59680366516113,0.6444444444444445,0
1596167689.129999,319.3942699432373,0.6444444444444445,0
1596167689.139999,321.1954698562622,0.6444444444444445,0
1596167689.149999,322.99684143066406,0.6444444444444445,0
1596167689.159999,324.7952947616577,0.6444444444444445,0
1596167689.169999,326.59585094451904,0.6444444444444445,0
1596167689.1799989,328.39417552948,0.6444444444444445,0
1596167689.1899989,330.19722080230713,0.6444444444444445,0
1596167689.1999989,331.99472999572754,0.6444444444444445,0
1596167689.2099988,333.7943420410156,0.6444444444444445,0
1596167689.2199988,335.5948123931885,0.6444444444444445,0
1596167689.2299988,337.39476776123047,0.6444444444444445,0
1596167689.2399988,339.19536685943604,0.6444444444444445,0
1596167689.2499988,340.99691009521484,0.6444444444444445,0
1596167689.2599988,342.79510593414307,0.6444444444444445,0
1596167689.2699988,344.5947608947754,0.6444444444444445,0
1596167689.2799988,346.3954029083252,0.6444444444444445,0
1596167689.2899988,348.1952295303345,0.6444444444444445,0
1596167689.2999988,349.9959144592285,0.6444444444444445,0
1596167689.3099988,351.79694271087646,0.6444444444444445,0
1596167689.3199987,353.5970268249512,0.6444444444444445,0
1596167689.3299987,355.3951368331909,0.6444444444444445,0
1596167689.3399987,357.1952209472656,0.6444444444444445,0
1596167689.3499987,358.9942321777344,0.6444444444444445,0
1596167689.3556032,360,0.6444444444444445,1
1596167689.3556032,0,0,0
1596167689.3656032,1.8035173416137695,0,0
1596167689.3756032,3.601670265197754,0,0
1596167689.3856032,5.400552749633789,0,0
1596167689.3956032,7.202868461608887,0,0
1596167689.4056032,9.003338813781738,0,0
1596167689.4156032,10.80256462097168,0,0
1596167689.4256032,12.600975036621094,0,0
1596167689.4356031,14.401702880859375,0,0
1596167689.4456031,16.200971603393555,0,0
1596167689.4556031,18.003029823303223,0,0
1596167689.465603,19.800281524658203,0,0
1596167689.475603,21.601696014404297,0,0
1596167689.485603,23.400449752807617,0,0
1596167689.495603,25.20216464996338,0,0
1596167689.505603,27.002592086791992,0,0
1596167689.5086732,27.552595138549805,0,0
1596167689.5086732,88.29429175924807,0.33745387011499034,0
1596167689.515603,89.54317119192629,0.33745387011499034,0
1596167689.525603,91.34205367636231,0.33745387011499034,0
1596167689.535603,93.14497020315675,0.33745387011499034,0
1596167689.545603,94.94462516378907,0.33745387011499034,0
1596167689.555603,96.74488093924073,0.33745387011499034,0
1596167689.565603,98.5417893178418,0.33745387011499034,0
1596167689.575603,100.34303214621094,0.33745387011499034,0
1596167689.585603,102.14358832907227,0.33745387011499034,0
1596167689.595603,103.94186999868897,0.33745387011499034,0
1596167689.605603,105.74375655722169,0.33745387011499034,0
1596167689.615603,107.54212405752686,0.33745387011499034,0
1596167689.625603,109.34255149435548,0.33745387011499034,0
1596167689.635603,111.14327933859376,0.33745387011499034,0
1596167689.645603,112.94259097647218,0.33745387011499034,0
1596167689.655603,114.7448208577588,0.33745387011499034,0
1596167689.665603,116.5440037496045,0.33745387011499034,0
1596167689.675603,118.34490325521973,0.33745387011499034,0
1596167689.685603,120.14481570791749,0.33745387011499034,0
1596167689.695603,121.94219615530518,0.33745387011499034,0
1596167689.705603,123.74270942282227,0.33745387011499034,0
1596167689.7156029,125.54232146811036,0.33745387011499034,0
1596167689.7256029,127.3418905980542,0.33745387011499034,0
1596167689.7356029,129.1418459660962,0.33745387011499034,0
1596167689.7456028,130.9445908315137,0.33745387011499034,0
1596167689.7556028,132.74218585562258,0.33745387011499034,0
1596167689.7656028,134.54480197500735,0.33745387011499034,0
1596167689.7756028,136.34364154409914,0.33745387011499034,0
1596167689.7856028,138.1429960973218,0.33745387011499034,0
1596167689.7956028,139.94458224844485,0.33745387011499034,0
1596167689.8056028,141.74402263235598,0.33745387011499034,0
1596167689.8156028,143.5450079686597,0.33745387011499034,0
1596167689.8256028,145.34178760122805,0.33745387011499034,0
1596167689.8356028,147.1439316518262,0.33745387011499034,0
1596167689.8456028,148.94465949606447,0.33745387011499034,0
1596167689.8556027,150.74349906515627,0.33745387011499034,0
1596167689.8656027,152.5429394490674,0.33745387011499034,0
1596167689.8756027,154.34186484884768,0.33745387011499034,0
1596167689.8856027,156.1427643544629,0.33745387011499034,0
1596167689.8956027,157.94486548971682,0.33745387011499034,0
1596167689.9056027,159.74327590536623,0.33745387011499034,0
1596167689.9156027,161.54473331045656,0.33745387011499034,0
1596167689.9256027,163.34365871023684,0.33745387011499034,0
1596167689.9356027,165.14378573965578,0.33745387011499034,0
1596167689.9456027,166.9433119542554,0.33745387011499034,0
1596167689.9556026,168.7447264440015,0.33745387011499034,0
1596167689.9656026,170.54253604483156,0.33745387011499034,0
1596167689.9756026,172.3421051747754,0.33745387011499034,0
1596167689.9856026,174.14313342642336,0.33745387011499034,0
1596167689.9956026,175.94218757223635,0.33745387011499034,0
1596167690.0056026,177.74240043234377,0.33745387011499034,0
1596167690.0156026,179.54501655172854,0.33745387011499034,0
1596167690.0256026,181.34432818960695,0.33745387011499034,0
1596167690.0356026,183.14454104971438,0.33745387011499034,0
1596167690.0456026,184.94256522726565,0.33745387011499034,0
1596167690.0556026,186.7431643254712,0.33745387011499034,0
1596167690.0656025,188.54384925436526,0.33745387011499034,0
1596167690.0756025,190.34389045309572,0.33745387011499034,0
1596167690.0856025,192.14453246664553,0.33745387011499034,0
1596167690.0956025,193.94156959127932,0.33745387011499034,0
1596167690.1056025,195.74216868948488,0.33745387011499034,0
1596167690.1156025,197.54306819510012,0.33745387011499034,0
1596167690.1256025,199.34306647848635,0.33745387011499034,0
1596167690.1356025,201.14491012167483,0.33745387011499034,0
1596167690.1456025,202.9445221669629,0.33745387011499034,0
1596167690.1556025,204.743232990022,0.33745387011499034,0
1596167690.1656024,206.5426304585889,0.33745387011499034,0
1596167690.1756024,208.3448603398755,0.33745387011499034,0
1596167690.1856024,210.14249827932863,0.33745387011499034,0
1596167690.1956024,211.94258239340334,0.33745387011499034,0
1596167690.2056024,213.74365356039553,0.33745387011499034,0
1596167690.2156024,215.5444672353223,0.33745387011499034,0
1596167690.2256024,217.34154727530031,0.33745387011499034,0
1596167690.2356024,219.1418459660962,0.33745387011499034,0
1596167690.2456024,220.94394710135012,0.33745387011499034,0
1596167690.2556024,222.74295833181887,0.33745387011499034,0
1596167690.2656024,224.54312827658205,0.33745387011499034,0
1596167690.2756023,226.34218242239504,0.33745387011499034,0
1596167690.2856023,228.14398315023928,0.33745387011499034,0
1596167690.2956023,229.94436767172365,0.33745387011499034,0
1596167690.3056023,231.74462344717531,0.33745387011499034,0
1596167690.3156023,233.54183223318606,0.33745387011499034,0
1596167690.3256023,235.34260299276858,0.33745387011499034,0
1596167690.3356023,237.14307334494143,0.33745387011499034,0
1596167690.3456023,238.9433291203931,0.33745387011499034,0
1596167690.3556023,240.743627811189,0.33745387011499034,0
1596167690.3656023,242.54444148611574,0.33745387011499034,0
1596167690.3756022,244.34332397055178,0.33745387011499034,0
1596167690.3856022,246.14396598410158,0.33745387011499034,0
1596167690.3956022,247.94340636801272,0.33745387011499034,0
1596167690.4056022,249.7437908894971,0.33745387011499034,0
1596167690.4156022,251.54202964376955,0.33745387011499034,0
1596167690.4256022,253.34172751974612,0.33745387011499034,0
1596167690.4356022,255.1422407872632,0.33745387011499034,0
1596167690.4456022,256.94185283255126,0.33745387011499034,0
1596167690.4556022,258.74438312124755,0.33745387011499034,0
1596167690.4656022,260.54154899191406,0.33745387011499034,0
1596167690.4756021,262.3447230107739,0.33745387011499034,0
1596167690.4856021,264.14347674917724,0.33745387011499034,0
1596167690.4956021,265.94244506430175,0.33745387011499034,0
1596167690.5056021,267.7442887074902,0.33745387011499034,0
1596167690.515602,269.54239871573,0.33745387011499034,0
1596167690.525602,271.3436415440991,0.33745387011499034,0
1596167690.535602,273.14454104971435,0.33745387011499034,0
1596167690.545602,274.9434235341504,0.33745387011499034,0
1596167690.555602,276.744752193208,0.33745387011499034,0
1596167690.565602,278.5426905400708,0.33745387011499034,0
1596167690.575602,280.3442337758496,0.33745387011499034,0
1596167690.585602,282.14234378408935,0.33745387011499034,0
1596167690.595602,283.94165542196777,0.33745387011499034,0
1596167690.605602,285.7435848958447,0.33745387011499034,0
1596167690.615602,287.5433256871655,0.33745387011499034,0
1596167690.625602,289.3430664784863,0.33745387011499034,0
1596167690.635602,291.14194896292236,0.33745387011499034,0
1596167690.645602,292.9418614156201,0.33745387011499034,0
1596167690.655602,294.7425892598584,0.33745387011499034,0
1596167690.665602,296.54353168081786,0.33745387011499034,0
1596167690.675602,298.3433153874829,0.33745387011499034,0
1596167690.685602,300.1415112264111,0.33745387011499034,0
1596167690.695602,301.94193866323974,0.33745387011499034,0
1596167690.705602,303.7447693593457,0.33745387011499034,0
1596167690.715602,305.544595981355,0.33745387011499034,0
1596167690.725602,307.3445084340527,0.33745387011499034,0
1596167690.735602,309.14394881796386,0.33745387011499034,0
1596167690.745602,310.941586757417,0.33745387011499034,0
1596167690.755602,312.7439453847363,0.33745387011499034,0
1596167690.7656019,314.5426562077954,0.33745387011499034,0
1596167690.7756019,316.3423969991162,0.33745387011499034,0
1596167690.7856019,318.14488437246825,0.33745387011499034,0
1596167690.7956018,319.94303729605224,0.33745387011499034,0
1596167690.8056018,321.7421772725537,0.33745387011499034,0
1596167690.8156018,323.54475047659423,0.33745387011499034,0
1596167690.8256018,325.34350421499755,0.33745387011499034,0
1596167690.8356018,327.14345958303954,0.33745387011499034,0
1596167690.8456018,328.9420416600659,0.33745387011499034,0
1596167690.8556018,330.7431986577466,0.33745387011499034,0
1596167690.8656018,332.54259612631347,0.33745387011499034,0
1596167690.8756018,334.3438389546826,0.33745387011499034,0
1596167690.8856018,336.143322253938,0.33745387011499034,0
1596167690.8956017,337.9443075902417,0.33745387011499034,0
1596167690.9056017,339.7431900746777,0.33745387011499034,0
1596167690.9156017,341.5433171040967,0.33745387011499034,0
1596167690.9256017,343.3432295567944,0.33745387011499034,0
1596167690.9356017,345.14387157034423,0.33745387011499034,0
1596167690.9456017,346.9434836156323,0.33745387011499034,0
1596167690.9556017,348.74382522177245,0.33745387011499034,0
1596167690.9656017,350.54219272207763,0.33745387011499034,0
1596167690.9756017,352.34262015890624,0.33745387011499034,0
1596167690.9856017,354.1429617650464,0.33745387011499034,0
1596167690.9956017,355.9427454717114,0.33745387011499034,0
1596167691.0056016,357.7422287709668,0.33745387011499034,0
1596167691.0156016,359.5445444829419,0.33745387011499034,0
1596167691.0181553,360,0.33745387011499034,1
1596167691.0181553,0,0,0
1596167691.0281553,1.800084114074707,0,0
1596167691.0381553,3.601198196411133,0,0
1596167691.0481553,5.400638580322266,0,0
1596167691.0581553,7.201838493347168,0,0
1596167691.0681553,9.002823829650879,0,0
1596167691.0781553,10.800418853759766,0,0
1596167691.08255,11.591048240661621,0,0
1596167691.08255,62.86776495816017,0.2848706484305475,0
1596167691.0881553,63.87752009274269,0.2848706484305475,0
1596167691.0981553,65.67841959835792,0.2848706484305475,0
1596167691.1081553,67.47760249020362,0.2848706484305475,0
1596167691.1181552,69.2768712127378,0.2848706484305475,0
1596167691.1281552,71.07905817868019,0.2848706484305475,0
1596167691.1381552,72.87862730862403,0.2848706484305475,0
1596167691.1481552,74.6801276290586,0.2848706484305475,0
1596167691.1581552,76.47836638333106,0.2848706484305475,0
1596167691.1681552,78.27686262966895,0.2848706484305475,0
1596167691.1781552,80.07720423580909,0.2848706484305475,0
1596167691.1881552,81.87883330227638,0.2848706484305475,0
1596167691.1981552,83.67694331051612,0.2848706484305475,0
1596167691.2081552,85.47749949337745,0.2848706484305475,0
1596167691.2181551,87.27874232174659,0.2848706484305475,0
1596167691.2281551,89.0799422347715,0.2848706484305475,0
1596167691.2381551,90.87667895199561,0.2848706484305475,0
1596167691.248155,92.67860842587257,0.2848706484305475,0
1596167691.258155,94.4769330108335,0.2848706484305475,0
1596167691.268155,96.27748919369483,0.2848706484305475,0
1596167691.278155,98.07916117550636,0.2848706484305475,0
1596167691.288155,99.87800074459815,0.2848706484305475,0
1596167691.298155,101.6781277740171,0.2848706484305475,0
1596167691.308155,103.47769690396095,0.2848706484305475,0
1596167691.318155,105.27863932492042,0.2848706484305475,0
1596167691.328155,107.07928133847022,0.2848706484305475,0
1596167691.338155,108.87880755306983,0.2848706484305475,0
1596167691.348155,110.6794066512754,0.2848706484305475,0
1596167691.358155,112.47790289761329,0.2848706484305475,0
1596167691.368155,114.27837324978614,0.2848706484305475,0
1596167691.378155,116.0768265807798,0.2848706484305475,0
1596167691.388155,117.87939978482032,0.2848706484305475,0
1596167691.398155,119.6792264068296,0.2848706484305475,0
1596167691.408155,121.47746516110206,0.2848706484305475,0
1596167691.418155,123.2783646667173,0.2848706484305475,0
1596167691.428155,125.07999373318458,0.2848706484305475,0
1596167691.438155,126.87939120175147,0.2848706484305475,0
1596167691.448155,128.6791749084165,0.2848706484305475,0
1596167691.458155,130.47771407009864,0.2848706484305475,0
1596167691.468155,132.28007269741798,0.2848706484305475,0
1596167691.478155,134.07788229824806,0.2848706484305475,0
1596167691.488155,135.87951136471534,0.2848706484305475,0
1596167691.4981549,137.67749262692237,0.2848706484305475,0
1596167691.5081549,139.477920063751,0.2848706484305475,0
1596167691.508901,139.61091471554542,0.2848706484305475,0
1596167691.508901,139.61091471554542,0.2848706484305475,0
1596167691.5181549,141.2776608550718,0.2848706484305475,0
1596167691.5281549,143.07868910671974,0.2848706484305475,0
1596167691.5381548,144.87800074459815,0.2848706484305475,0
1596167691.5481548,146.6789002502134,0.2848706484305475,0
1596167691.5581548,148.47928477169776,0.2848706484305475,0
1596167691.5681548,150.27790976406837,0.2848706484305475,0
1596167691.5781548,152.07872343899513,0.2848706484305475,0
1596167691.5881548,153.87752009274269,0.2848706484305475,0
1596167691.5981548,155.6791920745542,0.2848706484305475,0
1596167691.6081548,157.4783749663999,0.2848706484305475,0
1596167691.6181548,159.27781535031104,0.2848706484305475,0
1596167691.6281548,161.07867194058204,0.2848706484305475,0
1596167691.6381547,162.87703944088722,0.2848706484305475,0
1596167691.6481547,164.67875433804298,0.2848706484305475,0
1596167691.6581547,166.47922469021583,0.2848706484305475,0
1596167691.6681547,168.27694846035743,0.2848706484305475,0
1596167691.6781547,170.07965041043067,0.2848706484305475,0
1596167691.6881547,171.8774170959165,0.2848706484305475,0
1596167691.6981547,173.6791749084165,0.2848706484305475,0
1596167691.7081547,175.47921610714698,0.2848706484305475,0
1596167691.7181547,177.27758360745216,0.2848706484305475,0
1596167691.7281547,179.07942725064063,0.2848706484305475,0
1596167691.7381546,180.87886763455177,0.2848706484305475,0
1596167691.7481546,182.6789946639707,0.2848706484305475,0
1596167691.7581546,184.47882128598,0.2848706484305475,0
1596167691.7681546,186.27984953762794,0.2848706484305475,0
1596167691.7781546,188.07817412258888,0.2848706484305475,0
1596167691.7881546,189.87885905148292,0.2848706484305475,0
1596167691.7981546,191.67864275814796,0.2848706484305475,0
1596167691.8081546,193.47683859707618,0.2848706484305475,0
1596167691.8181546,195.2787251556089,0.2848706484305475,0
1596167691.8281546,197.07855177761817,0.2848706484305475,0
1596167691.8381546,198.87906504513526,0.2848706484305475,0
1596167691.8481545,200.67992163540626,0.2848706484305475,0
1596167691.8581545,202.47919035794044,0.2848706484305475,0
1596167691.8681545,204.27794409634376,0.2848706484305475,0
1596167691.8781545,206.07798529507423,0.2848706484305475,0
1596167691.8881545,207.87686777951026,0.2848706484305475,0
1596167691.8981545,209.67995596768165,0.2848706484305475,0
1596167691.9081545,211.47956801296974,0.2848706484305475,0
1596167691.9181545,213.2783646667173,0.2848706484305475,0
1596167691.9281545,215.07681799771095,0.2848706484305475,0
1596167691.9381545,216.8796486938169,0.2848706484305475,0
1596167691.9481544,218.67947531582618,0.2848706484305475,0
1596167691.9581544,220.4782290542295,0.2848706484305475,0
1596167691.9681544,222.2783131683042,0.2848706484305475,0
1596167691.9781544,224.0768094146421,0.2848706484305475,0
1596167691.9881544,225.87762308956886,0.2848706484305475,0
1596167691.9981544,227.67766428829933,0.2848706484305475,0
1596167692.0081544,229.47761965634132,0.2848706484305475,0
1596167692.0181544,231.27774668576026,0.2848706484305475,0
1596167692.0281544,233.07881785275245,0.2848706484305475,0
1596167692.0381544,234.87933112026954,0.2848706484305475,0
1596167692.0481544,236.67817068936134,0.2848706484305475,0
1596167692.0581543,238.47975684048438,0.2848706484305475,0
1596167692.0681543,240.27945471646095,0.2848706484305475,0
1596167692.0781543,242.07782221676612,0.2848706484305475,0
1596167692.0881543,243.87704802395606,0.2848706484305475,0
1596167692.0981543,245.67902041317726,0.2848706484305475,0
1596167692.1081543,247.47652960659767,0.2848706484305475,0
1596167692.1181543,249.2767424667051,0.2848706484305475,0
1596167692.1281543,251.07729864956642,0.2848706484305475,0
1596167692.1381543,252.87764025570655,0.2848706484305475,0
1596167692.1481543,254.67695189358497,0.2848706484305475,0
1596167692.1581542,256.4772934997251,0.2848706484305475,0
1596167692.1681542,258.2777209365537,0.2848706484305475,0
1596167692.1781542,260.0766034209897,0.2848706484305475,0
1596167692.1881542,261.878232487457,0.2848706484305475,0
1596167692.1981542,263.6789603316953,0.2848706484305475,0
1596167692.2081542,265.4795165145566,0.2848706484305475,0
1596167692.2181542,267.2771115386655,0.2848706484305475,0
1596167692.2281542,269.07723856808445,0.2848706484305475,0
1596167692.2381542,270.87685061337254,0.2848706484305475,0
1596167692.2481542,272.6784367644956,0.2848706484305475,0
1596167692.2581542,274.4787354552915,0.2848706484305475,0
1596167692.2681541,276.2797207915952,0.2848706484305475,0
1596167692.2781541,278.078560360687,0.2848706484305475,0
1596167692.2881541,279.87860155941746,0.2848706484305475,0
1596167692.298154,281.6778273666074,0.2848706484305475,0
1596167692.308154,283.47649527432225,0.2848706484305475,0
1596167692.318154,285.27782393337986,0.2848706484305475,0
1596167692.328154,287.07932425381443,0.2848706484305475,0
1596167692.338154,288.87966585995457,0.2848706484305475,0
1596167692.348154,290.6766171538999,0.2848706484305475,0
1596167692.358154,292.4789757812192,0.2848706484305475,0
1596167692.368154,294.2781157577207,0.2848706484305475,0
1596167692.378154,296.07738448025486,0.2848706484305475,0
1596167692.388154,297.8793997848203,0.2848706484305475,0
1596167692.398154,299.6769089782407,0.2848706484305475,0
1596167692.408154,301.4781088912656,0.2848706484305475,0
1596167692.418154,303.27656222225926,0.2848706484305475,0
1596167692.428154,305.07763338925145,0.2848706484305475,0
1596167692.438154,306.8796916091611,0.2848706484305475,0
1596167692.448154,308.67690039517186,0.2848706484305475,0
1596167692.458154,310.4783578002622,0.2848706484305475,0
1596167692.4640326,311.534633167999,0.2848706484305475,0
1596167692.4640326,311.534633167999,0.2848706484305475,0
1596167692.468154,312.27784109951756,0.2848706484305475,0
1596167692.478154,314.07848311306736,0.2848706484305475,0
1596167692.488154,315.8792967879941,0.2848706484305475,0
1596167692.498154,317.6782221877744,0.2848706484305475,0
1596167692.508154,319.47972250820897,0.2848706484305475,0
1596167692.518154,321.2773604476621,0.2848706484305475,0
1596167692.528154,323.079461582916,0.2848706484305475,0
1596167692.538154,324.87770033718846,0.2848706484305475,0
1596167692.5481539,326.6797156417539,0.2848706484305475,0
1596167692.5581539,328.4790272796323,0.2848706484305475,0
1596167692.5681539,330.27868224026463,0.2848706484305475,0
1596167692.5781538,332.07846594692967,0.2848706484305475,0
1596167692.5881538,333.8770909393003,0.2848706484305475,0
1596167692.5981538,335.67747546078465,0.2848706484305475,0
1596167692.6081538,337.47910452725193,0.2848706484305475,0
1596167692.6181538,339.2767853820493,0.2848706484305475,0
1596167692.6281538,341.0773415649106,0.2848706484305475,0
1596167692.6381538,342.8787131393125,0.2848706484305475,0
1596167692.6481538,344.67944098355076,0.2848706484305475,0
1596167692.6581538,346.4797825896909,0.2848706484305475,0
1596167692.6681538,348.2778496825864,0.2848706484305475,0
1596167692.6781538,350.0778050506284,0.2848706484305475,0
1596167692.6881537,351.8778891647031,0.2848706484305475,0
1596167692.6981537,353.6779303634336,0.2848706484305475,0
1596167692.7081537,355.4798169219663,0.2848706484305475,0
1596167692.7181537,357.2787852370908,0.2848706484305475,0
1596167692.7281537,359.0791697585752,0.2848706484305475,0
1596167692.733303,360,0.2848706484305475,1
1596167692.733303,0,0,0
1596167692.743303,1.800985336303711,0,0
1596167692.753303,3.6023569107055664,0,0
1596167692.763303,5.400938987731934,0,0
1596167692.773303,7.201623916625977,0,0
1596167692.783303,9.002652168273926,0,0
1596167692.793303,10.801835060119629,0,0
1596167692.803303,12.602005004882812,0,0
1596167692.813303,14.400458335876465,0,0
1596167692.823303,16.201186180114746,0,0
1596167692.833303,18.001956939697266,0,0
1596167692.843303,19.800024032592773,0,0
1596167692.853303,21.602168083190918,0,0
1596167692.863303,23.403067588806152,0,0
1596167692.873303,25.203452110290527,0,0
1596167692.883303,27.00186252593994,0,0
1596167692.893303,28.8026762008667,0,0
1596167692.903303,30.6009578704834,0,0
1596167692.913303,32.402544021606445,0,0
1596167692.923303,34.202542304992676,0,0
1596167692.9333029,36.00138187408447,0,0
1596167692.9433029,37.80253887176514,0,0
1596167692.9533029,39.60275173187256,0,0
1596167692.9633029,41.402878761291504,0,0
1596167692.9733028,43.20146083831787,0,0
1596167692.9833028,45.00154495239258,0,0
1596167692.9933028,46.80330276489258,0,0
1596167693.0033028,48.600382804870605,0,0
1596167693.0133028,50.40119647979736,0,0
1596167693.0233028,52.20235347747803,0,0
1596167693.0333028,54.00162220001221,0,0
1596167693.0433028,55.80230712890625,0,0
1596167693.0533028,57.60050296783447,0,0
1596167693.0633028,59.4001579284668,0,0
1596167693.0733027,61.200456619262695,0,0
1596167693.0833027,63.000712394714355,0,0
1596167693.0933027,64.80122566223145,0,0
1596167693.1033027,66.60332679748535,0,0
1596167693.1133027,68.40182304382324,0,0
1596167693.1233027,70.20049095153809,0,0
1596167693.1333027,72.00048923492432,0,0
1596167693.1433027,73.80319118499756,0,0
1596167693.1533027,75.60323238372803,0,0
1596167693.1633027,77.40190029144287,0,0
1596167693.1733027,79.20159816741943,0,0
1596167693.1833026,81.00151062011719,0,0
1596167693.1933026,82.8019380569458,0,0
1596167693.2033026,84.60009098052979,0,0
1596167693.2133026,86.4014196395874,0,0
1596167693.2233026,88.20150375366211,0,0
1596167693.2333026,90.00025749206543,0,0
1596167693.2433026,91.80107116699219,0,0
1596167693.2533026,93.60188484191895,0,0
1596167693.2633026,95.40282726287842,0,0
1596167693.2733026,97.20162391662598,0,0
1596167693.2833025,99.00256633758545,0,0
1596167693.2933025,100.80140590667725,0,0
1596167693.3033025,102.60054588317871,0,0
1596167693.3133025,104.40114498138428,0,0
1596167693.3233025,106.20217323303223,0,0
1596167693.3333025,108.00341606140137,0,0
1596167693.3433025,109.80126857757568,0,0
1596167693.3533025,111.60306930541992,0,0
1596167693.3633025,113.4012222290039,0,0
1596167693.3733025,115.20057678222656,0,0
1596167693.3833025,117.00044631958008,0,0
1596167693.3933024,118.80160331726074,0,0
1596167693.4033024,120.60065746307373,0,0
1596167693.4133024,122.40129947662354,0,0
1596167693.4233024,124.20056819915771,0,0
1596167693.4333024,126.00103855133057,0,0
1596167693.4433024,127.80069351196289,0,0
1596167693.4533024,129.6009063720703,0,0
1596167693.4633024,131.40202045440674,0,0
1596167693.4733024,133.20154666900635,0,0
1596167693.4833024,135.0031328201294,0,0
1596167693.4933023,136.80313110351562,0,0
1596167693.5033023,138.60102653503418,0,0
1596167693.509161,139.65442657470703,0,0
1596167693.509161,139.65442657470703,0.0,0
1596167693.5133023,140.40299892425537,0.0,0
1596167693.5233023,142.20304012298584,0.0,0
1596167693.5333023,144.0000343322754,0.0,0
1596167693.5433023,145.8006763458252,0.0,0
1596167693.5533023,147.60058879852295,0.0,0
1596167693.5633023,149.40062999725342,0.0,0
1596167693.5733023,151.20161533355713,0.0,0
1596167693.5833023,153.00328731536865,0.0,0
1596167693.5933022,154.80281352996826,0.0,0
1596167693.6033022,156.601824760437,0.0,0
1596167693.6133022,158.40208053588867,0.0,0
1596167693.6233022,160.20079135894775,0.0,0
1596167693.6333022,162.00276374816895,0.0,0
1596167693.6433022,163.80151748657227,0.0,0
1596167693.6533022,165.60293197631836,0.0,0
1596167693.6633022,167.4023723602295,0.0,0
1596167693.6733022,169.20039653778076,0.0,0
1596167693.6833022,171.0009527206421,0.0,0
1596167693.6933022,172.8027105331421,0.0,0
1596167693.7033021,174.60086345672607,0.0,0
1596167693.7133021,176.40154838562012,0.0,0
1596167693.7233021,178.20214748382568,0.0,0
1596167693.733302,180.00317573547363,0.0,0
1596167693.743302,181.80330276489258,0.0,0
1596167693.753302,183.60021114349365,0.0,0
1596167693.763302,185.39990901947021,0.0,0
1596167693.773302,187.2029972076416,0.0,0
1596167693.783302,189.0016222000122,0.0,0
1596167693.793302,190.80312252044678,0.0,0
1596167693.803302,192.60282039642334,0.0,0
1596167693.813302,194.40165996551514,0.0,0
1596167693.823302,196.20290279388428,0.0,0
1596167693.833302,198.00079822540283,0.0,0
1596167693.843302,199.79989528656006,0.0,0
1596167693.853302,201.60302639007568,0.0,0
1596167693.863302,203.4019947052002,0.0,0
1596167693.873302,205.20160675048828,0.0,0
1596167693.883302,207.00194835662842,0.0,0
1596167693.893302,208.80095958709717,0.0,0
1596167693.903302,210.60198783874512,0.0,0
1596167693.913302,212.40258693695068,0.0,0
1596167693.923302,214.20073986053467,0.0,0
1596167693.933302,216.000394821167,0.0,0
1596167693.943302,217.8013801574707,0.0,0
1596167693.953302,219.6024513244629,0.0,0
1596167693.963302,221.3999605178833,0.0,0
1596167693.973302,223.20086002349854,0.0,0
1596167693.9833019,225.00175952911377,0.0,0
1596167693.9933019,226.8000841140747,0.0,0
1596167694.0033019,228.60300064086914,0.0,0
1596167694.0133018,230.40008068084717,0.0,0
1596167694.0233018,232.20080852508545,0.0,0
1596167694.024274,232.37478733062744,0.0,0
1596167694.024274,232.37478733062744,0.0,0
1596167694.0333018,234.00063514709473,0.0,0
1596167694.0433018,235.80239295959473,0.0,0
1596167694.0533018,237.60316371917725,0.0,0
1596167694.0633018,239.40234661102295,0.0,0
1596167694.0733018,241.20041370391846,0.0,0
1596167694.0833018,243.00272941589355,0.0,0
1596167694.0933018,244.8026418685913,0.0,0
1596167694.1033018,246.60015106201172,0.0,0
1596167694.1133018,248.40315341949463,0.0,0
1596167694.1233017,250.19976139068604,0.0,0
1596167694.1333017,252.00117588043213,0.0,0
1596167694.1433017,253.80220413208008,0.0,0
1596167694.1533017,255.60022830963135,0.0,0
1596167694.1633017,257.40245819091797,0.0,0
1596167694.1733017,259.2026710510254,0.0,0
1596167694.1833017,261.00013732910156,0.0,0
1596167694.1933017,262.80030727386475,0.0,0
1596167694.2033017,264.60219383239746,0.0,0
1596167694.2133017,266.4032220840454,0.0,0
1596167694.2233016,268.2024049758911,0.0,0
1596167694.2333016,270.00317573547363,0.0,0
1596167694.2433016,271.80047035217285,0.0,0
1596167694.2533016,273.60278606414795,0.0,0
1596167694.2633016,275.4006814956665,0.0,0
1596167694.2733016,277.20213890075684,0.0,0
1596167694.2833016,279.00166511535645,0.0,0
1596167694.2933016,280.8026933670044,0.0,0
1596167694.3033016,282.60106086730957,0.0,0
1596167694.3133016,284.40101623535156,0.0,0
1596167694.3233016,286.20251655578613,0.0,0
1596167694.3333015,288.001914024353,0.0,0
1596167694.3433015,289.8012685775757,0.0,0
1596167694.3533015,291.59997940063477,0.0,0
1596167694.3633015,293.4028100967407,0.0,0
1596167694.3733015,295.200834274292,0.0,0
1596167694.3833015,297.0020341873169,0.0,0
1596167694.3933015,298.80095958709717,0.0,0
1596167694.4033015,300.6024169921875,0.0,0
1596167694.4133015,302.40254402160645,0.0,0
1596167694.4233015,304.20241355895996,0.0,0
1596167694.4333014,306.00292682647705,0.0,0
1596167694.4433014,307.80210971832275,0.0,0
1596167694.4533014,309.60227966308594,0.0,0
1596167694.4633014,311.4021921157837,0.0,0
1596167694.4733014,313.20287704467773,0.0,0
1596167694.4833014,315.0030040740967,0.0,0
1596167694.4933014,316.79978370666504,0.0,0
1596167694.5033014,318.60179901123047,0.0,0
1596167694.5133014,320.40008068084717,0.0,0
1596167694.5233014,322.20316886901855,0.0,0
1596167694.5333014,324.00303840637207,0.0,0
1596167694.5433013,325.8017063140869,0.0,0
1596167694.5533013,327.600417137146,0.0,0
1596167694.5633013,329.40200328826904,0.0,0
1596167694.5733013,331.20084285736084,0.0,0
1596167694.5833013,332.99968242645264,0.0,0
1596167694.5933013,334.7998523712158,0.0,0
1596167694.6033013,336.6016960144043,0.0,0
1596167694.6133013,338.4024667739868,0.0,0
1596167694.6233013,340.20113468170166,0.0,0
1596167694.6333013,342.00263500213623,0.0,0
1596167694.6433012,343.80035877227783,0.0,0
1596167694.6533012,345.6020736694336,0.0,0
1596167694.6633012,347.40108489990234,0.0,0
1596167694.6733012,349.20082569122314,0.0,0
1596167694.6833012,351.00202560424805,0.0,0
1596167694.6933012,352.8009080886841,0.0,0
1596167694.7033012,354.6015930175781,0.0,0
1596167694.7133012,356.4030933380127,0.0,0
1596167694.7233012,358.20064544677734,0.0,0
1596167694.7293901,359.2956733703613,0.0,0
1596167694.7293901,359.2956733703613,0.0,0
1596167694.7333047,360,0.0,1
1596167694.7333047,0,0,0
1596167694.7433047,1.8033027648925781,0,0
1596167694.7533047,3.600296974182129,0,0
1596167694.7633047,5.401968955993652,0,0
1596167694.7733047,7.200894355773926,0,0
1596167694.7833047,9.002995491027832,0,0
1596167694.7933047,10.801148414611816,0,0
1596167694.8033047,12.60230541229248,0,0
1596167694.8133047,14.401273727416992,0,0
1596167694.8233047,16.201486587524414,0,0
1596167694.8333046,18.00187110900879,0,0
1596167694.8433046,19.803156852722168,0,0
1596167694.8533046,21.601181030273438,0,0
1596167694.8633046,23.40259552001953,0,0
1596167694.8733046,25.200963020324707,0,0
1596167694.8833046,27.002205848693848,0,0
1596167694.8933046,28.80044460296631,0,0
1596167694.9033046,30.6024169921875,0,0
1596167694.9133046,32.402286529541016,0,0
1596167694.9233046,34.20142650604248,0,0
1596167694.9333045,36.00138187408447,0,0
1596167694.9433045,37.803096771240234,0,0
1596167694.9533045,39.602065086364746,0,0
1596167694.9633045,41.402621269226074,0,0
1596167694.9733045,43.202877044677734,0,0
1596167694.9833045,45.00274658203125,0,0
1596167694.9933045,46.800599098205566,0,0
1596167695.0033045,48.6000394821167,0,0
1596167695.0133045,50.40171146392822,0,0
1596167695.0233045,52.20256805419922,0,0
1596167695.0333045,54.00205135345459,0,0
1596167695.0433044,55.80106258392334,0,0
1596167695.0533044,57.600674629211426,0,0
1596167695.0633044,59.40007209777832,0,0
1596167695.0733044,61.20114326477051,0,0
1596167695.0833044,63.00114154815674,0,0
1596167695.0933044,64.7999382019043,0,0
1596167695.1033044,66.60328388214111,0,0
1596167695.1133044,68.40272426605225,0,0
1596167695.1233044,70.20139217376709,0,0
1596167695.1333044,72.0014762878418,0,0
1596167695.1433043,73.80276203155518,0,0
1596167695.1533043,75.60168743133545,0,0
1596167695.1633043,77.4025011062622,0,0
1596167695.1733043,79.20318603515625,0,0
1596167695.1833043,81.00090980529785,0,0
1596167695.1933043,82.80172348022461,0,0
1596167695.2033043,84.60197925567627,0,0
1596167695.2133043,86.4014196395874,0,0
1596167695.2233043,88.20244789123535,0,0
1596167695.2333043,90.00253200531006,0,0
1596167695.2433043,91.8023157119751,0,0
1596167695.2533042,93.60171318054199,0,0
1596167695.2633042,95.4023551940918,0,0
1596167695.2733042,97.2024393081665,0,0
1596167695.2833042,99.00196552276611,0,0
1596167695.2933042,100.8033800125122,0,0
1596167695.3033042,102.60015964508057,0,0
1596167695.3133042,104.40007209777832,0,0
1596167695.3233042,106.20032787322998,0,0
1596167695.3333042,108.00062656402588,0,0
1596167695.3433042,109.8031997680664,0,0
1596167695.3533041,111.6007947921753,0,0
1596167695.3633041,113.40208053588867,0,0
1596167695.3733041,115.201735496521,0,0
1596167695.383304,117.00104713439941,0,0
1596167695.393304,118.80263328552246,0,0
1596167695.403304,120.60022830963135,0,0
1596167695.413304,122.4018144607544,0,0
1596167695.423304,124.20258522033691,0,0
1596167695.433304,126.00138187408447,0,0
1596167695.443304,127.80009269714355,0,0
1596167695.453304,129.60197925567627,0,0
1596167695.463304,131.40077590942383,0,0
1596167695.473304,133.2019329071045,0,0
1596167695.483304,135.00158786773682,0,0
1596167695.493304,136.8025302886963,0,0
1596167695.503304,138.60304355621338,0,0
1596167695.513304,140.40029525756836,0,0
1596167695.523304,142.20261096954346,0,0
1596167695.533304,144.0012788772583,0,0
1596167695.543304,145.80059051513672,0,0
1596167695.553304,147.60260581970215,0,0
1596167695.563304,149.40264701843262,0,0
1596167695.573304,151.20195865631104,0,0
1596167695.583304,153.00272941589355,0,0
1596167695.593304,154.8025131225586,0,0
1596167695.603304,156.60075187683105,0,0
1596167695.613304,158.40096473693848,0,0
1596167695.623304,160.2018642425537,0,0
1596167695.6333039,162.0023775100708,0,0
1596167695.6433039,163.8004446029663,0,0
1596167695.6533039,165.60323238372803,0,0
1596167695.6633039,167.4010419845581,0,0
1596167695.6733038,169.203143119812,0,0
1596167695.6833038,171.00236892700195,0,0
1596167695.6933038,172.80163764953613,0,0
1596167695.7033038,174.60073471069336,0,0
1596167695.7133038,176.40060424804688,0,0
1596167695.7233038,178.20073127746582,0,0
1596167695.7333038,180.00210285186768,0,0
1596167695.7433038,181.80274486541748,0,0
1596167695.7533038,183.60076904296875,0,0
1596167695.7633038,185.40003776550293,0,0
1596167695.7733037,187.20025062561035,0,0
1596167695.7833037,188.9999485015869,0,0
1596167695.7933037,190.80007553100586,0,0
1596167695.8033037,192.60303497314453,0,0
1596167695.8133037,194.40062999725342,0,0
1596167695.8233037,196.20277404785156,0,0
1596167695.8333037,198.0008840560913,0,0
1596167695.8433037,199.80298519134521,0,0
1596167695.8533037,201.60010814666748,0,0
1596167695.8633037,203.40014934539795,0,0
1596167695.8733037,205.19989013671875,0,0
1596167695.8833036,207.00186252593994,0,0
1596167695.8933036,208.80074501037598,0,0
1596167695.9033036,210.60057163238525,0,0
1596167695.9133036,212.40267276763916,0,0
1596167695.9233036,214.2025852203369,0,0
1596167695.9333036,216.0007381439209,0,0
1596167695.9433036,217.8026247024536,0,0
1596167695.9533036,219.6004343032837,0,0
1596167695.9633036,221.40210628509521,0,0
1596167695.9733036,223.2024049758911,0,0
1596167695.9833035,225.00197410583496,0,0
1596167695.9933035,226.80283069610596,0,0
1596167696.0033035,228.60021114349365,0,0
1596167696.0133035,230.40166854858398,0,0
1596167696.0233035,232.20235347747803,0,0
1596167696.0333035,233.99990558624268,0,0
1596167696.0433035,235.802264213562,0,0
1596167696.0533035,237.5999879837036,0,0
1596167696.0633035,239.4018316268921,0,0
1596167696.0733035,241.20019912719727,0,0
1596167696.0833035,243.00307273864746,0,0
1596167696.0933034,244.80324268341064,0,0
1596167696.1033034,246.60165309906006,0,0
1596167696.1133034,248.40293884277344,0,0
1596167696.1233034,250.20134925842285,0,0
1596167696.1333034,252.00087547302246,0,0
1596167696.1433034,253.8008737564087,0,0
1596167696.1533034,255.60125827789307,0,0
1596167696.1633034,257.40220069885254,0,0
1596167696.1733034,259.20138359069824,0,0
1596167696.1833034,261.00279808044434,0,0
1596167696.1933033,262.800350189209,0,0
1596167696.2033033,264.60073471069336,0,0
1596167696.2133033,266.40124797821045,0,0
1596167696.2233033,268.20176124572754,0,0
1596167696.2333033,270.0024890899658,0,0
1596167696.2433033,271.8000841140747,0,0
1596167696.2533033,273.5999536514282,0,0
1596167696.2633033,275.4030418395996,0,0
1596167696.2733033,277.20012187957764,0,0
1596167696.2833033,279.00097846984863,0,0
1596167696.2933033,280.801362991333,0,0
1596167696.3033032,282.60157585144043,0,0
1596167696.3133032,284.40221786499023,0,0
1596167696.3233032,286.2009286880493,0,0
1596167696.3333032,288.0006265640259,0,0
1596167696.3433032,289.8004102706909,0,0
1596167696.3533032,291.6007089614868,0,0
1596167696.3633032,293.4007501602173,0,0
1596167696.3733032,295.20001888275146,0,0
1596167696.3833032,297.0021629333496,0,0
1596167696.3933032,298.80083084106445,0,0
1596167696.4033031,300.60057163238525,0,0
1596167696.4133031,302.40018367767334,0,0
1596167696.4233031,304.20219898223877,0,0
1596167696.433303,306.0006523132324,0,0
1596167696.443303,307.8015947341919,0,0
1596167696.453303,309.60060596466064,0,0
1596167696.463303,311.402063369751,0,0
1596167696.473303,313.2003450393677,0,0
1596167696.483303,315.00051498413086,0,0
1596167696.493303,316.8004274368286,0,0
1596167696.503303,318.6027431488037,0,0
1596167696.513303,320.40287017822266,0,0
1596167696.523303,322.202353477478,0,0
1596167696.533303,324.0020942687988,0,0
1596167696.543303,325.8022212982178,0,0
1596167696.553303,327.6002025604248,0,0
1596167696.563303,329.4017028808594,0,0
1596167696.573303,331.20255947113037,0,0
1596167696.583303,333.0018711090088,0,0
1596167696.593303,334.79989528656006,0,0
1596167696.603303,336.60040855407715,0,0
1596167696.613303,338.4019947052002,0,0
1596167696.623303,340.1997184753418,0,0
1596167696.633303,342.00164794921875,0,0
1596167696.643303,343.80117416381836,0,0
1596167696.653303,345.60293197631836,0,0
1596167696.663303,347.40211486816406,0,0
1596167696.673303,349.20129776000977,0,0
1596167696.6833029,350.9997081756592,0,0
1596167696.6933029,352.80107975006104,0,0
1596167696.7033029,354.6031379699707,0,0
1596167696.7133029,356.4021062850952,0,0
1596167696.7233028,358.2029628753662,0,0
1596167696.7283716,359.1120386123657,0,0
1596167696.7283716,359.1120386123657,0.0,0
1596167696.733321,360,0.0,1
1596167696.733321,0,0,0
1596167696.743321,1.8009424209594727,0,0
1596167696.753321,3.6019277572631836,0,0
1596167696.763321,5.400810241699219,0,0
1596167696.773321,7.201752662658691,0,0
1596167696.783321,9.00402545928955,0,0
1596167696.793321,10.800976753234863,0,0
1596167696.803321,12.601790428161621,0,0
1596167696.8133209,14.400887489318848,0,0
1596167696.8233209,16.200284957885742,0,0
1596167696.8333209,18.004188537597656,0,0
1596167696.8433208,19.800238609313965,0,0
1596167696.8533208,21.606030464172363,0,0
1596167696.8633208,23.401694297790527,0,0
1596167696.8733208,25.204567909240723,0,0
1596167696.8833208,27.001733779907227,0,0
1596167696.8933208,28.801860809326172,0,0
1596167696.9033208,30.60194492340088,0,0
1596167696.9133208,32.40039825439453,0,0
1596167696.9233208,34.20460224151611,0,0
1596167696.9333208,36.00571632385254,0,0
1596167696.9433208,37.80442714691162,0,0
1596167696.9533207,39.60498332977295,0,0
1596167696.9633207,41.40069007873535,0,0
1596167696.9733207,43.2017183303833,0,0
1596167696.9833207,45.00128746032715,0,0
1596167696.9933207,46.80574893951416,0,0
1596167697.0033207,48.60527515411377,0,0
1596167697.0133207,50.40081024169922,0,0
1596167697.0233207,52.20437049865723,0,0
1596167697.0333207,54.00059223175049,0,0
1596167697.0433207,55.800676345825195,0,0
1596167697.0533206,57.60530948638916,0,0
1596167697.0633206,59.40002918243408,0,0
1596167697.0733206,61.2042760848999,0,0
1596167697.0833206,63.00011157989502,0,0
1596167697.0933206,64.80538845062256,0,0
1596167697.1033206,66.60143852233887,0,0
1596167697.1133206,68.40062141418457,0,0
1596167697.1233206,70.20001888275146,0,0
1596167697.1333206,72.00546741485596,0,0
1596167697.1433206,73.80533695220947,0,0
1596167697.1533206,75.6015157699585,0,0
1596167697.1633205,77.40056991577148,0,0
1596167697.1733205,79.20181274414062,0,0
1596167697.1833205,81.00086688995361,0,0
1596167697.1933205,82.80189514160156,0,0
1596167697.2033205,84.60172176361084,0,0
1596167697.2133205,86.40571117401123,0,0
1596167697.2233205,88.20549488067627,0,0
1596167697.2333205,90.00570774078369,0,0
1596167697.2433205,91.80171489715576,0,0
1596167697.2533205,93.60454559326172,0,0
1596167697.2633204,95.40535926818848,0,0
1596167697.2733204,97.20441341400146,0,0
1596167697.2833204,99.0003776550293,0,0
1596167697.2933204,100.80080509185791,0,0
1596167697.3033204,102.6018762588501,0,0
1596167697.3133204,104.40427780151367,0,0
1596167697.3233204,106.20552062988281,0,0
1596167697.3333204,108.0016565322876,0,0
1596167697.3433204,109.80071067810059,0,0
1596167697.3533204,111.60478591918945,0,0
1596167697.3633204,113.40066432952881,0,0
1596167697.3733203,115.20001888275146,0,0
1596167697.3833203,117.00452327728271,0,0
1596167697.3933203,118.80125999450684,0,0
1596167697.4033203,120.6049919128418,0,0
1596167697.4133203,122.40147113800049,0,0
1596167697.4233203,124.20039653778076,0,0
1596167697.4333203,126.00095272064209,0,0
1596167697.4433203,127.80202388763428,0,0
1596167697.4533203,129.60524082183838,0,0
1596167697.4633203,131.40463829040527,0,0
1596167697.4733202,133.20455074310303,0,0
1596167697.4833202,135.0002145767212,0,0
1596167697.4933202,136.80428981781006,0,0
1596167697.5033202,138.60076904296875,0,0
1596167697.5133202,140.40776252746582,0,0
1596167697.5233202,142.20531463623047,0,0
1596167697.5333202,144.00548458099365,0,0
1596167697.5433202,145.80569744110107,0,0
1596167697.5533202,147.60496616363525,0,0
1596167697.5633202,149.40466403961182,0,0
1596167697.5733202,151.204833984375,0,0
1596167697.5833201,153.0007553100586,0,0
1596167697.5933201,154.80534553527832,0,0
1596167697.6033201,156.60431385040283,0,0
1596167697.61332,158.4046983718872,0,0
1596167697.62332,160.20169258117676,0,0
1596167697.63332,162.0046091079712,0,0
1596167697.64332,163.80138874053955,0,0
1596167697.65332,165.6018590927124,0,0
1596167697.66332,167.40117073059082,0,0
1596167697.67332,169.20528888702393,0,0
1596167697.68332,171.00116729736328,0,0
1596167697.69332,172.80438423156738,0,0
1596167697.70332,174.6043825149536,0,0
1596167697.71332,176.39987468719482,0,0
1596167697.72332,178.20120334625244,0,0
1596167697.73332,180.00506401062012,0,0
1596167697.74332,181.80188655853271,0,0
1596167697.75332,183.60042572021484,0,0
1596167697.76332,185.40432929992676,0,0
1596167697.77332,187.20003604888916,0,0
1596167697.78332,189.000506401062,0,0
1596167697.79332,190.80419540405273,0,0
1596167697.80332,192.60033130645752,0,0
1596167697.81332,194.40560817718506,0,0
1596167697.82332,196.1998987197876,0,0
1596167697.83332,198.00011157989502,0,0
1596167697.84332,199.80422973632812,0,0
1596167697.85332,201.6004514694214,0,0
1596167697.8633199,203.399977684021,0,0
1596167697.8733199,205.1998472213745,0,0
1596167697.8833199,207.0055103302002,0,0
1596167697.8933198,208.80057334899902,0,0
1596167697.9033198,210.60112953186035,0,0
1596167697.9133198,212.4015998840332,0,0
1596167697.9233198,214.20146942138672,0,0
1596167697.9333198,216.0007381439209,0,0
1596167697.9433198,217.8041696548462,0,0
1596167697.9533198,219.60498332977295,0,0
1596167697.9633198,221.3999605178833,0,0
1596167697.9733198,223.20437908172607,0,0
1596167697.9833198,225.000901222229,0,0
1596167697.9933197,226.80102825164795,0,0
1596167698.0033197,228.60132694244385,0,0
1596167698.0133197,230.40184020996094,0,0
1596167698.0233197,232.2055721282959,0,0
1596167698.0333197,234.0005922317505,0,0
1596167698.0433197,235.8017921447754,0,0
1596167698.0533197,237.60003089904785,0,0
1596167698.0633197,239.40427780151367,0,0
1596167698.0733197,241.20620727539062,0,0
1596167698.0833197,243.00556182861328,0,0
1596167698.0933197,244.80058193206787,0,0
1596167698.1033196,246.6053867340088,0,0
1596167698.1133196,248.40529918670654,0,0
1596167698.1233196,250.20079135894775,0,0
1596167698.1333196,252.00164794921875,0,0
1596167698.1433196,253.8041353225708,0,0
1596167698.1533196,255.60563564300537,0,0
1596167698.1633196,257.4005699157715,0,0
1596167698.1733196,259.2042589187622,0,0
1596167698.1833196,261.00000858306885,0,0
1596167698.1933196,262.80065059661865,0,0
1596167698.2033195,264.600305557251,0,0
1596167698.2133195,266.40000343322754,0,0
1596167698.2233195,268.1997871398926,0,0
1596167698.2333195,270.0012445449829,0,0
1596167698.2433195,271.8005132675171,0,0
1596167698.2533195,273.6001253128052,0,0
1596167698.2633195,275.40149688720703,0,0
1596167698.2733195,277.20093727111816,0,0
1596167698.2833195,279.00166511535645,0,0
1596167698.2933195,280.8043670654297,0,0
1596167698.3033195,282.6042366027832,0,0
1596167698.3133194,284.40144538879395,0,0
1596167698.3233194,286.20534896850586,0,0
1596167698.3333194,288.0058193206787,0,0
1596167698.3433194,289.80504512786865,0,0
1596167698.3533194,291.60465717315674,0,0
1596167698.3633194,293.40542793273926,0,0
1596167698.3733194,295.2048683166504,0,0
1596167698.3833194,297.0010471343994,0,0
1596167698.3933194,298.8048219680786,0,0
1596167698.4033194,300.60100078582764,0,0
1596167698.4133193,302.4006128311157,0,0
1596167698.4233193,304.20061111450195,0,0
1596167698.4333193,306.0010814666748,0,0
1596167698.4433193,307.80489921569824,0,0
1596167698.4533193,309.60017681121826,0,0
1596167698.4633193,311.40013217926025,0,0
1596167698.4733193,313.201847076416,0,0
1596167698.4833193,315.0043773651123,0,0
1596167698.4933193,316.8010711669922,0,0
1596167698.5033193,318.6011552810669,0,0
1596167698.5133193,320.4051446914673,0,0
1596167698.5233192,322.205228805542,0,0
1596167698.5333192,323.9996910095215,0,0
1596167698.5433192,325.80063343048096,0,0
1596167698.5533192,327.60046005249023,0,0
1596167698.5633192,329.40191745758057,0,0
1596167698.5733192,331.2009286880493,0,0
1596167698.5833192,333.0052614212036,0,0
1596167698.5933192,334.80066776275635,0,0
1596167698.6033192,336.60075187683105,0,0
1596167698.6133192,338.4047842025757,0,0
1596167698.6233191,340.20036220550537,0,0
1596167698.6333191,342.0000171661377,0,0
1596167698.6433191,343.8049077987671,0,0
1596167698.6533191,345.6008291244507,0,0
1596167698.663319,347.4015140533447,0,0
1596167698.673319,349.2046880722046,0,0
1596167698.683319,351.00035190582275,0,0
1596167698.693319,352.80421257019043,0,0
1596167698.703319,354.60107803344727,0,0
1596167698.713319,356.4012908935547,0,0
1596167698.723319,358.2007312774658,0,0
1596167698.7298315,359.3718910217285,0,0
1596167698.7298315,359.3718910217285,0.0,0
1596167698.7333264,360,0.0,1
1596167698.7333264,0,0,0
1596167698.7433264,1.806178092956543,0,0
1596167698.7533264,3.600640296936035,0,0
1596167698.7633264,5.400724411010742,0,0
1596167698.7733264,7.203640937805176,0,0
1596167698.7833264,9.004712104797363,0,0
1596167698.7933264,10.805826187133789,0,0
1596167698.8033264,12.600374221801758,0,0
1596167698.8133264,14.404363632202148,0,0
1596167698.8233263,16.204190254211426,0,0
1596167698.8333263,18.004274368286133,0,0
1596167698.8433263,19.80358600616455,0,0
1596167698.8533263,21.606459617614746,0,0
1596167698.8633263,23.404784202575684,0,0
1596167698.8733263,25.205683708190918,0,0
1596167698.8833263,27.004566192626953,0,0
1596167698.8933263,28.80314826965332,0,0
1596167698.9033263,30.60567855834961,0,0
1596167698.9133263,32.40018367767334,0,0
1596167698.9233263,34.20035362243652,0,0
1596167698.9333262,36.00013732910156,0,0
1596167698.9433262,37.81644344329834,0,0
1596167698.9533262,39.60588455200195,0,0
1596167698.9633262,41.40566825866699,0,0
1596167698.9733262,43.200387954711914,0,0
1596167698.9833262,45.003905296325684,0,0
1596167698.9933262,46.804847717285156,0,0
1596167699.0033262,48.60506057739258,0,0
1596167699.0133262,50.40025234222412,0,0
1596167699.0233262,52.20385551452637,0,0
1596167699.0333261,54.00003433227539,0,0
1596167699.0433261,55.800161361694336,0,0
1596167699.0533261,57.60457992553711,0,0
1596167699.0633261,59.40028667449951,0,0
1596167699.073326,61.20479106903076,0,0
1596167699.083326,63.00586223602295,0,0
1596167699.093326,64.80337142944336,0,0
1596167699.103326,66.60409927368164,0,0
1596167699.113326,68.40456962585449,0,0
1596167699.123326,70.20388126373291,0,0
1596167699.133326,72.00370788574219,0,0
1596167699.143326,73.8055944442749,0,0
1596167699.153326,75.60374736785889,0,0
1596167699.163326,77.40434646606445,0,0
1596167699.173326,79.20468807220459,0,0
1596167699.183326,81.00078105926514,0,0
1596167699.193326,82.8004789352417,0,0
1596167699.203326,84.60399627685547,0,0
1596167699.213326,86.40021800994873,0,0
1596167699.223326,88.20330619812012,0,0
1596167699.233326,90.00321865081787,0,0
1596167699.243326,91.80514812469482,0,0
1596167699.253326,93.60330104827881,0,0
1596167699.263326,95.4041576385498,0,0
1596167699.273326,97.20381259918213,0,0
1596167699.283326,99.00514125823975,0,0
1596167699.293326,100.80578327178955,0,0
1596167699.303326,102.59990215301514,0,0
1596167699.313326,104.40020084381104,0,0
1596167699.3233259,106.2051773071289,0,0
1596167699.3333259,108.00577640533447,0,0
1596167699.3433259,109.8039722442627,0,0
1596167699.3533258,111.60367012023926,0,0
1596167699.3633258,113.4034538269043,0,0
1596167699.3733258,115.2055549621582,0,0
1596167699.3833258,117.00014591217041,0,0
1596167699.3933258,118.80404949188232,0,0
1596167699.4033258,120.60078620910645,0,0
1596167699.4133258,122.40335941314697,0,0
1596167699.4233258,124.20520305633545,0,0
1596167699.4333258,126.00078105926514,0,0
1596167699.4433258,127.80481338500977,0,0
1596167699.4533257,129.60339546203613,0,0
1596167699.4633257,131.40416622161865,0,0
1596167699.4733257,133.20467948913574,0,0
1596167699.4833257,135.00433444976807,0,0
1596167699.4933257,136.79986953735352,0,0
1596167699.5033257,138.60471725463867,0,0
1596167699.5133257,140.404372215271,0,0
1596167699.5233257,142.20462799072266,0,0
1596167699.5333257,144.00445461273193,0,0
1596167699.5433257,145.80389499664307,0,0
1596167699.5533257,147.60432243347168,0,0
1596167699.5633256,149.4036340713501,0,0
1596167699.5733256,151.2055206298828,0,0
1596167699.5833256,153.00006866455078,0,0
1596167699.5933256,154.7999382019043,0,0
1596167699.6033256,156.60500049591064,0,0
1596167699.6133256,158.40448379516602,0,0
1596167699.6233256,160.2009630203247,0,0
1596167699.6333256,162.0049524307251,0,0
1596167699.6433256,163.8072681427002,0,0
1596167699.6533256,165.60031414031982,0,0
1596167699.6633255,167.40374565124512,0,0
1596167699.6733255,169.20013904571533,0,0
1596167699.6833255,171.00327014923096,0,0
1596167699.6933255,172.80412673950195,0,0
1596167699.7033255,174.60421085357666,0,0
1596167699.7133255,176.40438079833984,0,0
1596167699.7233255,178.2039499282837,0,0
1596167699.7333255,180.0034761428833,0,0
1596167699.7433255,181.80386066436768,0,0
1596167699.7533255,183.600811958313,0,0
1596167699.7633255,185.39986610412598,0,0
1596167699.7733254,187.20364093780518,0,0
1596167699.7833254,189.00342464447021,0,0
1596167699.7933254,190.80398082733154,0,0
1596167699.8033254,192.60101795196533,0,0
1596167699.8133254,194.40569400787354,0,0
1596167699.8233254,196.2037181854248,0,0
1596167699.8333254,198.00375938415527,0,0
1596167699.8433254,199.80036735534668,0,0
1596167699.8533254,201.59993648529053,0,0
1596167699.8633254,203.4045696258545,0,0
1596167699.8733253,205.20452499389648,0,0
1596167699.8833253,207.00533866882324,0,0
1596167699.8933253,208.8054656982422,0,0
1596167699.9033253,210.6042194366455,0,0
1596167699.9133253,212.40365982055664,0,0
1596167699.9233253,214.2037868499756,0,0
1596167699.9333253,216.00369930267334,0,0
1596167699.9433253,217.8052854537964,0,0
1596167699.9533253,219.60566997528076,0,0
1596167699.9633253,221.40326499938965,0,0
1596167699.9733253,223.20068836212158,0,0
1596167699.9833252,225.01476287841797,0,0
1596167699.9933252,226.80072784423828,0,0
1596167700.0033252,228.6031723022461,0,0
1596167700.0133252,230.40342807769775,0,0
1596167700.0233252,232.20372676849365,0,0
1596167700.0333252,234.00046348571777,0,0
1596167700.0433252,235.80462455749512,0,0
1596167700.0533252,237.6036787033081,0,0
1596167700.0633252,239.40423488616943,0,0
1596167700.0733252,241.2005853652954,0,0
1596167700.0833251,243.00045490264893,0,0
1596167700.0933251,244.80002403259277,0,0
1596167700.1033251,246.6007947921753,0,0
1596167700.113325,248.40036392211914,0,0
1596167700.123325,250.20469665527344,0,0
1596167700.133325,251.99997425079346,0,0
1596167700.143325,253.80070209503174,0,0
1596167700.153325,255.6042194366455,0,0
1596167700.163325,257.40490436553955,0,0
1596167700.173325,259.20576095581055,0,0
1596167700.183325,261.0003089904785,0,0
1596167700.193325,262.804856300354,0,0
1596167700.203325,264.6007776260376,0,0
1596167700.213325,266.4039087295532,0,0
1596167700.223325,268.2042932510376,0,0
1596167700.233325,270.00420570373535,0,0
1596167700.243325,271.79991245269775,0,0
1596167700.253325,273.60008239746094,0,0
1596167700.263325,275.4046297073364,0,0
1596167700.273325,277.20329761505127,0,0
1596167700.283325,279.0000343322754,0,0
1596167700.293325,280.8056974411011,0,0
1596167700.303325,282.6054382324219,0,0
1596167700.313325,284.40088748931885,0,0
1596167700.323325,286.20534896850586,0,0
1596167700.333325,287.99981117248535,0,0
1596167700.343325,289.8031997680664,0,0
1596167700.353325,291.60881996154785,0,0
1596167700.3633249,293.4038829803467,0,0
1596167700.3733249,295.20379543304443,0,0
1596167700.3833249,297.0048236846924,0,0
1596167700.3933249,298.80387783050537,0,0
1596167700.4033248,300.6044340133667,0,0
1596167700.4133248,302.4052906036377,0,0
1596167700.4233248,304.2055892944336,0,0
1596167700.4333248,306.0043430328369,0,0
1596167700.4433248,307.8006935119629,0,0
1596167700.4533248,309.605712890625,0,0
1596167700.4633248,311.403865814209,0,0
1596167700.4733248,313.20008754730225,0,0
1596167700.4833248,315.0054931640625,0,0
1596167700.4933248,316.799955368042,0,0
1596167700.5033247,318.6004686355591,0,0
1596167700.5133247,320.40385723114014,0,0
1596167700.5233247,322.2004222869873,0,0
1596167700.5333247,324.00067806243896,0,0
1596167700.5433247,325.8053970336914,0,0
1596167700.5533247,327.60483741760254,0,0
1596167700.5633247,329.40539360046387,0,0
1596167700.5733247,331.2009286880493,0,0
1596167700.5833247,333.00384521484375,0,0
1596167700.5933247,334.8007106781006,0,0
1596167700.6033247,336.6032838821411,0,0
1596167700.6133246,338.40087890625,0,0
1596167700.6233246,340.2050828933716,0,0
1596167700.6333246,341.99984550476074,0,0
1596167700.6433246,343.80439281463623,0,0
1596167700.6533246,345.60469150543213,0,0
1596167700.6633246,347.4031448364258,0,0
1596167700.6733246,349.2003107070923,0,0
1596167700.6833246,351.0046434402466,0,0
1596167700.6933246,352.80558586120605,0,0
1596167700.7033246,354.60004806518555,0,0
1596167700.7133245,356.40459537506104,0,0
1596167700.7233245,358.20467948913574,0,0
1596167700.7288117,359.1873550415039,0,0
1596167700.7288117,359.1873550415039,0.0,0
1596167700.7333567,360,0.0,1
1596167700.7333567,0,0,0
1596167700.7433567,1.8019294738769531,0,0
1596167700.7533567,3.6018848419189453,0,0
1596167700.7633567,5.401968955993652,0,0
1596167700.7733567,7.2015380859375,0,0
1596167700.7833567,9.000377655029297,0,0
1596167700.7933567,10.801148414611816,0,0
1596167700.8033566,12.601017951965332,0,0
1596167700.8133566,14.402217864990234,0,0
1596167700.8233566,16.201786994934082,0,0
1596167700.8333566,18.00260066986084,0,0
1596167700.8433566,19.800195693969727,0,0
1596167700.8533566,21.600966453552246,0,0
1596167700.8633566,23.402552604675293,0,0
1596167700.8733566,25.203065872192383,0,0
1596167700.8833566,27.00164794921875,0,0
1596167700.8933566,28.802332878112793,0,0
1596167700.9033566,30.601000785827637,0,0
1596167700.9133565,32.40190029144287,0,0
1596167700.9233565,34.20219898223877,0,0
1596167700.9333565,36.00193977355957,0,0
1596167700.9433565,37.800607681274414,0,0
1596167700.9533565,39.60339546203613,0,0
1596167700.9633565,41.40017509460449,0,0
1596167700.9733565,43.20206165313721,0,0
1596167700.9833565,45.0014591217041,0,0
1596167700.9933565,46.800127029418945,0,0
1596167701.0033565,48.601670265197754,0,0
1596167701.0133564,50.40248394012451,0,0
1596167701.0233564,52.21376895904541,0,0
1596167701.0333564,54.00260925292969,0,0
1596167701.0433564,55.803422927856445,0,0
1596167701.0533564,57.600932121276855,0,0
1596167701.0633564,59.405179023742676,0,0
1596167701.0733564,61.202430725097656,0,0
1596167701.0833564,63.001227378845215,0,0
1596167701.0933564,64.80036735534668,0,0
1596167701.1033564,66.60285472869873,0,0
1596167701.1133564,68.40036392211914,0,0
1596167701.1233563,70.20147800445557,0,0
1596167701.1333563,72.00177669525146,0,0
1596167701.1433563,73.80203247070312,0,0
1596167701.1533563,75.60160160064697,0,0
1596167701.1633563,77.40172863006592,0,0
1596167701.1733563,79.20018196105957,0,0
1596167701.1833563,81.00030899047852,0,0
1596167701.1933563,82.80052185058594,0,0
1596167701.2033563,84.60142135620117,0,0
1596167701.2133563,86.4016342163086,0,0
1596167701.2233562,88.20163249969482,0,0
1596167701.2333562,90.00064373016357,0,0
1596167701.2433562,91.80047035217285,0,0
1596167701.2533562,93.60282897949219,0,0
1596167701.2633562,95.40484428405762,0,0
1596167701.2733562,97.2026538848877,0,0
1596167701.2833562,99.0003776550293,0,0
1596167701.2933562,100.80162048339844,0,0
1596167701.3033562,102.60183334350586,0,0
1596167701.3133562,104.40165996551514,0,0
1596167701.3233562,106.20320320129395,0,0
1596167701.3333561,107.99989700317383,0,0
1596167701.3433561,109.80216979980469,0,0
1596167701.3533561,111.60302639007568,0,0
1596167701.363356,113.4025526046753,0,0
1596167701.373356,115.20246505737305,0,0
1596167701.383356,117.0005750656128,0,0
1596167701.393356,118.80014419555664,0,0
1596167701.403356,120.60138702392578,0,0
1596167701.413356,122.40074157714844,0,0
1596167701.423356,124.20146942138672,0,0
1596167701.433356,126.00026607513428,0,0
1596167701.443356,127.80073642730713,0,0
1596167701.453356,129.60030555725098,0,0
1596167701.463356,131.40133380889893,0,0
1596167701.473356,133.20068836212158,0,0
1596167701.483356,135.00287532806396,0,0
1596167701.493356,136.8025302886963,0,0
1596167701.503356,138.60201358795166,0,0
1596167701.513356,140.40329933166504,0,0
1596167701.523356,142.2011947631836,0,0
1596167701.533356,144.00290966033936,0,0
1596167701.543356,145.8017921447754,0,0
1596167701.553356,147.60050296783447,0,0
1596167701.563356,149.40114498138428,0,0
1596167701.573356,151.2004566192627,0,0
1596167701.583356,153.00084114074707,0,0
1596167701.593356,154.80272769927979,0,0
1596167701.603356,156.59985065460205,0,0
1596167701.6133559,158.40281009674072,0,0
1596167701.6233559,160.20267963409424,0,0
1596167701.6333559,162.0031499862671,0,0
1596167701.6433558,163.79984378814697,0,0
1596167701.6533558,165.6031894683838,0,0
1596167701.6633558,167.40297317504883,0,0
1596167701.6733558,169.2012119293213,0,0
1596167701.6833558,171.0000514984131,0,0
1596167701.6933558,172.80223846435547,0,0
1596167701.7033558,174.60210800170898,0,0
1596167701.7133558,176.4034366607666,0,0
1596167701.7233558,178.20124626159668,0,0
1596167701.7333558,180.0012445449829,0,0
1596167701.7433558,181.8021011352539,0,0
1596167701.7533557,183.60012531280518,0,0
1596167701.7633557,185.4024839401245,0,0
1596167701.7733557,187.204327583313,0,0
1596167701.7833557,189.00145053863525,0,0
1596167701.7933557,190.80256462097168,0,0
1596167701.8033557,192.60106086730957,0,0
1596167701.8133557,194.3998146057129,0,0
1596167701.8233557,196.19985580444336,0,0
1596167701.8333557,198.00161361694336,0,0
1596167701.8433557,199.80002403259277,0,0
1596167701.8533556,201.6020393371582,0,0
1596167701.8633556,203.40315341949463,0,0
1596167701.8733556,205.20199298858643,0,0
1596167701.8833556,207.00323581695557,0,0
1596167701.8933556,208.8024616241455,0,0
1596167701.9033556,210.60301780700684,0,0
1596167701.9133556,212.3997974395752,0,0
1596167701.9233556,214.20288562774658,0,0
1596167701.9333556,216.00245475769043,0,0
1596167701.9433556,217.80210971832275,0,0
1596167701.9533556,219.60069179534912,0,0
1596167701.9633555,221.40184879302979,0,0
1596167701.9733555,223.20068836212158,0,0
1596167701.9833555,225.0006866455078,0,0
1596167701.9933555,226.8021011352539,0,0
1596167702.0033555,228.60312938690186,0,0
1596167702.0133555,230.40175437927246,0,0
1596167702.0233555,232.20072269439697,0,0
1596167702.0333555,234.0021800994873,0,0
1596167702.0433555,235.80273628234863,0,0
1596167702.0533555,237.603120803833,0,0
1596167702.0633554,239.40998554229736,0,0
1596167702.0733554,241.2022590637207,0,0
1596167702.0833554,243.00058364868164,0,0
1596167702.0933554,244.8021697998047,0,0
1596167702.1033554,246.60049438476562,0,0
1596167702.1133554,248.40014934539795,0,0
1596167702.1233554,250.20315170288086,0,0
1596167702.1333554,252.00336456298828,0,0
1596167702.1433554,253.8032341003418,0,0
1596167702.1533554,255.5998420715332,0,0
1596167702.1633554,257.4021577835083,0,0
1596167702.1733553,259.2002248764038,0,0
1596167702.1833553,261.0006523132324,0,0
1596167702.1933553,262.8009510040283,0,0
1596167702.2033553,264.6007776260376,0,0
1596167702.2133553,266.4021062850952,0,0
1596167702.2233553,268.20197582244873,0,0
1596167702.2333553,270.00351905822754,0,0
1596167702.2433553,271.8024444580078,0,0
1596167702.2533553,273.6023998260498,0,0
1596167702.2633553,275.4005527496338,0,0
1596167702.2733552,277.2005081176758,0,0
1596167702.2833552,279.0030813217163,0,0
1596167702.2933552,280.8003759384155,0,0
1596167702.3033552,282.6000738143921,0,0
1596167702.3133552,284.40110206604004,0,0
1596167702.3233552,286.20195865631104,0,0
1596167702.3333552,288.00071239471436,0,0
1596167702.3433552,289.8022985458374,0,0
1596167702.3533552,291.60027980804443,0,0
1596167702.3633552,293.40328216552734,0,0
1596167702.3733552,295.201735496521,0,0
1596167702.3833551,297.00018882751465,0,0
1596167702.3933551,298.8030195236206,0,0
1596167702.4033551,300.60211658477783,0,0
1596167702.413355,302.40211486816406,0,0
1596167702.423355,304.1998815536499,0,0
1596167702.433355,306.00069522857666,0,0
1596167702.443355,307.8020668029785,0,0
1596167702.453355,309.60219383239746,0,0
1596167702.463355,311.4003896713257,0,0
1596167702.473355,313.2004737854004,0,0
1596167702.483355,315.0020170211792,0,0
1596167702.493355,316.80004119873047,0,0
1596167702.503355,318.60300064086914,0,0
1596167702.513355,320.4002094268799,0,0
1596167702.523355,322.2002077102661,0,0
1596167702.533355,324.00299549102783,0,0
1596167702.543355,325.8006763458252,0,0
1596167702.553355,327.60316371917725,0,0
1596167702.563355,329.40123081207275,0,0
1596167702.573355,331.2024736404419,0,0
1596167702.583355,333.0027723312378,0,0
1596167702.593355,334.802041053772,0,0
1596167702.603355,336.6024684906006,0,0
1596167702.613355,338.4019947052002,0,0
1596167702.623355,340.20134925842285,0,0
1596167702.633355,342.0018196105957,0,0
1596167702.643355,343.8028049468994,0,0
1596167702.653355,345.60301780700684,0,0
1596167702.6633549,347.4030590057373,0,0
1596167702.6733549,349.2002248764038,0,0
1596167702.6833549,351.00193977355957,0,0
1596167702.6933548,352.80335426330566,0,0
1596167702.7033548,354.6000051498413,0,0
1596167702.7133548,356.4004325866699,0,0
1596167702.7233548,358.2003450393677,0,0
1596167702.7303085,359.4513273239136,0,0
1596167702.7303085,359.4513273239136,0.0,0
1596167702.7333696,360,0.0,1
1596167702.7333696,0,0,0
1596167702.7433696,1.8017148971557617,0,0
1596167702.7533696,3.603215217590332,0,0
1596167702.7633696,5.400638580322266,0,0
1596167702.7733696,7.202267646789551,0,0
1596167702.7833695,9.000935554504395,0,0
1596167702.7933695,10.800333023071289,0,0
1596167702.8033695,12.602519989013672,0,0
1596167702.8133695,14.403247833251953,0,0
1596167702.8233695,16.201400756835938,0,0
1596167702.8333695,18.003416061401367,0,0
1596167702.8433695,19.80109691619873,0,0
1596167702.8533695,21.60212516784668,0,0
1596167702.8633695,23.399977684020996,0,0
1596167702.8733695,25.203237533569336,0,0
1596167702.8833694,27.001004219055176,0,0
1596167702.8933694,28.800358772277832,0,0
1596167702.9033694,30.602073669433594,0,0
1596167702.9133694,32.402029037475586,0,0
1596167702.9233694,34.200310707092285,0,0
1596167702.9333694,36.00224018096924,0,0
1596167702.9433694,37.802796363830566,0,0
1596167702.9533694,39.60197925567627,0,0
1596167702.9633694,41.40193462371826,0,0
1596167702.9733694,43.20193290710449,0,0
1596167702.9833694,45.00021457672119,0,0
1596167702.9933693,46.80171489715576,0,0
