Type = Mirollor Strogatz (-ish),Function = Peskin,Refract =0.05,Epsilon =0.3,Gamma =3,Start_phase =52
Timestamp,Phase,Offset,Ping?
1596167738,52,0,0
1596167738.01,53.79815292358398,0.28888888888888886,0
1596167738.02,55.59613418579101,0.28888888888888886,0
1596167738.03,57.39643287658691,0.28888888888888886,0
1596167738.04,59.196259498596184,0.28888888888888886,0
1596167738.05,60.99930477142333,0.28888888888888886,0
1596167738.06,62.79810142517089,0.28888888888888886,0
1596167738.07,64.59642601013184,0.28888888888888886,0
1596167738.08,66.39642429351807,0.28888888888888886,0
1596167738.09,68.19831085205078,0.28888888888888886,0
1596167738.1,69.99826622009277,0.28888888888888886,0
1596167738.11,71.79749202728271,0.28888888888888886,0
1596167738.12,73.5987777709961,0.28888888888888886,0
1596167738.1299999,75.39783191680908,0.28888888888888886,0
1596167738.1399999,77.19937515258789,0.28888888888888886,0
1596167738.1499999,78.9963264465332,0.28888888888888886,0
1596167738.1599998,80.79799842834473,0.28888888888888886,0
1596167738.1699998,82.59945583343506,0.28888888888888886,0
1596167738.1799998,84.39717960357666,0.28888888888888886,0
1596167738.1899998,86.19889450073242,0.28888888888888886,0
1596167738.1999998,87.99747657775879,0.28888888888888886,0
1596167738.2099998,89.79691696166992,0.28888888888888886,0
1596167738.2199998,91.5961856842041,0.28888888888888886,0
1596167738.2299998,93.39721393585205,0.28888888888888886,0
1596167738.2399998,95.19605350494385,0.28888888888888886,0
1596167738.2499998,96.99695301055908,0.28888888888888886,0
1596167738.2599998,98.7977237701416,0.28888888888888886,0
1596167738.2699997,100.59896659851074,0.28888888888888886,0
1596167738.2799997,102.3966474533081,0.28888888888888886,0
1596167738.2899997,104.19686031341553,0.28888888888888886,0
1596167738.2999997,105.9983606338501,0.28888888888888886,0
1596167738.3099997,107.79801559448242,0.28888888888888886,0
1596167738.3199997,109.59852886199951,0.28888888888888886,0
1596167738.3299997,111.39754009246826,0.28888888888888886,0
1596167738.3399997,113.19912624359131,0.28888888888888886,0
1596167738.3499997,114.99869537353516,0.28888888888888886,0
1596167738.3599997,116.79740619659424,0.28888888888888886,0
1596167738.3699996,118.59637451171875,0.28888888888888886,0
1596167738.3799996,120.39877605438232,0.28888888888888886,0
1596167738.3899996,122.1986026763916,0.28888888888888886,0
1596167738.3999996,123.99641227722168,0.28888888888888886,0
1596167738.4099996,125.79924297332764,0.28888888888888886,0
1596167738.4199996,127.59773921966553,0.28888888888888886,0
1596167738.4299996,129.39752292633057,0.28888888888888886,0
1596167738.4399996,131.19636249542236,0.28888888888888886,0
1596167738.4499996,132.99854946136475,0.28888888888888886,0
1596167738.4599996,134.79695987701416,0.28888888888888886,0
1596167738.4699996,136.59661483764648,0.28888888888888886,0
1596167738.4799995,138.397385597229,0.28888888888888886,0
1596167738.4899995,140.19725513458252,0.28888888888888886,0
1596167738.4999995,141.99703884124756,0.28888888888888886,0
1596167738.5099995,143.79875373840332,0.28888888888888886,0
1596167738.5199995,145.59647750854492,0.28888888888888886,0
1596167738.5299995,147.3981065750122,0.28888888888888886,0
1596167738.5399995,149.19763278961182,0.28888888888888886,0
1596167738.5499995,150.99883270263672,0.28888888888888886,0
1596167738.5599995,152.7975435256958,0.28888888888888886,0
1596167738.5699995,154.598614692688,0.28888888888888886,0
1596167738.5799994,156.3970251083374,0.28888888888888886,0
1596167738.5899994,158.1973237991333,0.28888888888888886,0
1596167738.5999994,159.99736499786377,0.28888888888888886,0
1596167738.6099994,161.79616165161133,0.28888888888888886,0
1596167738.6199994,163.59753322601318,0.28888888888888886,0
1596167738.6299994,165.3970594406128,0.28888888888888886,0
1596167738.6399994,167.19924640655518,0.28888888888888886,0
1596167738.6499994,168.9983434677124,0.28888888888888886,0
1596167738.6599994,170.79671096801758,0.28888888888888886,0
1596167738.6699994,172.59589385986328,0.28888888888888886,0
1596167738.6799994,174.395977973938,0.28888888888888886,0
1596167738.6899993,176.19726371765137,0.28888888888888886,0
1596167738.6999993,177.9987211227417,0.28888888888888886,0
1596167738.7099993,179.7984619140625,0.28888888888888886,0
1596167738.7199993,181.59927558898923,0.28888888888888886,0
1596167738.7299993,183.3979864120483,0.28888888888888886,0
1596167738.7399993,185.19807052612302,0.28888888888888886,0
1596167738.7499993,186.99884128570554,0.28888888888888886,0
1596167738.7599993,188.79592132568357,0.28888888888888886,0
1596167738.7699993,190.59913825988767,0.28888888888888886,0
1596167738.7799993,192.397891998291,0.28888888888888886,0
1596167738.7899992,194.19819068908689,0.28888888888888886,0
1596167738.7999992,195.99797439575192,0.28888888888888886,0
1596167738.8099992,197.796685218811,0.28888888888888886,0
1596167738.8199992,199.59818553924558,0.28888888888888886,0
1596167738.8299992,201.39745426177976,0.28888888888888886,0
1596167738.8399992,203.19895458221433,0.28888888888888886,0
1596167738.8499992,204.99633502960202,0.28888888888888886,0
1596167738.8599992,206.79719161987302,0.28888888888888886,0
1596167738.8699992,208.59830570220944,0.28888888888888886,0
1596167738.8799992,210.39701652526853,0.28888888888888886,0
1596167738.8899992,212.19710063934323,0.28888888888888886,0
1596167738.8999991,213.99615478515622,0.28888888888888886,0
1596167738.9099991,215.7968826293945,0.28888888888888886,0
1596167738.9199991,217.59726715087888,0.28888888888888886,0
1596167738.929999,219.39627838134763,0.28888888888888886,0
1596167738.939999,221.19863700866696,0.28888888888888886,0
1596167738.949999,222.9964036941528,0.28888888888888886,0
1596167738.959999,224.7963590621948,0.28888888888888886,0
1596167738.969999,226.59652900695798,0.28888888888888886,0
1596167738.979999,228.39678478240964,0.28888888888888886,0
1596167738.989999,230.19601058959958,0.28888888888888886,0
1596167738.999999,231.99785423278806,0.28888888888888886,0
1596167739.009999,233.79845333099362,0.28888888888888886,0
1596167739.019999,235.59780788421628,0.28888888888888886,0
1596167739.029999,237.39922237396237,0.28888888888888886,0
1596167739.039999,239.19913482666013,0.28888888888888886,0
1596167739.049999,240.99780273437497,0.28888888888888886,0
1596167739.059999,242.79591274261472,0.28888888888888886,0
1596167739.069999,244.59694099426267,0.28888888888888886,0
1596167739.079999,246.39698219299314,0.28888888888888886,0
1596167739.089999,248.19620800018308,0.28888888888888886,0
1596167739.099999,249.9987812042236,0.28888888888888886,0
1596167739.109999,251.79869365692136,0.28888888888888886,0
1596167739.119999,253.59749031066892,0.28888888888888886,0
1596167739.129999,255.39663028717038,0.28888888888888886,0
1596167739.139999,257.1966714859009,0.28888888888888886,0
1596167739.149999,258.99636936187744,0.28888888888888886,0
1596167739.159999,260.7988567352295,0.28888888888888886,0
1596167739.169999,262.5963659286499,0.28888888888888886,0
1596167739.1799989,264.39670753479004,0.28888888888888886,0
1596167739.1899989,266.19825077056885,0.28888888888888886,0
1596167739.1999989,267.99597454071045,0.28888888888888886,0
1596167739.2099988,269.79695987701416,0.28888888888888886,0
1596167739.2199988,271.59906101226807,0.28888888888888886,0
1596167739.2299988,273.3984155654907,0.28888888888888886,0
1596167739.2399988,275.1977701187134,0.28888888888888886,0
1596167739.2499988,276.99772548675537,0.28888888888888886,0
1596167739.2599988,278.79798126220703,0.28888888888888886,0
1596167739.2699988,280.5983657836914,0.28888888888888886,0
1596167739.2799988,282.3967761993408,0.28888888888888886,0
1596167739.2899988,284.19720363616943,0.28888888888888886,0
1596167739.2999988,285.9991760253906,0.28888888888888886,0
1596167739.3099988,287.79780101776123,0.28888888888888886,0
1596167739.3199987,289.5974988937378,0.28888888888888886,0
1596167739.3299987,291.3971109390259,0.28888888888888886,0
1596167739.3399987,293.1986970901489,0.28888888888888886,0
1596167739.3499987,294.99620628356934,0.28888888888888886,0
1596167739.3599987,296.79787826538086,0.28888888888888886,0
1596167739.3699987,298.5965461730957,0.28888888888888886,0
1596167739.3799987,300.3987760543823,0.28888888888888886,0
1596167739.3899987,302.1982593536377,0.28888888888888886,0
1596167739.3999987,303.99838638305664,0.28888888888888886,0
1596167739.4099987,305.79881381988525,0.28888888888888886,0
1596167739.4199986,307.59696674346924,0.28888888888888886,0
1596167739.4299986,309.39649295806885,0.28888888888888886,0
1596167739.4399986,311.19782161712646,0.28888888888888886,0
1596167739.4499986,312.9960174560547,0.28888888888888886,0
1596167739.4599986,314.7988052368164,0.28888888888888886,0
1596167739.4699986,316.5991039276123,0.28888888888888886,0
1596167739.4799986,318.3985872268677,0.28888888888888886,0
1596167739.4899986,320.1985855102539,0.28888888888888886,0
1596167739.4999986,321.99626636505127,0.28888888888888886,0
1596167739.5099986,323.79913997650146,0.28888888888888886,0
1596167739.5199986,325.59617710113525,0.28888888888888886,0
1596167739.5299985,327.39613246917725,0.28888888888888886,0
1596167739.5399985,329.1964740753174,0.28888888888888886,0
1596167739.5499985,330.9973735809326,0.28888888888888886,0
1596167739.5599985,332.79634189605713,0.28888888888888886,0
1596167739.5699985,334.59904384613037,0.28888888888888886,0
1596167739.5799985,336.39908504486084,0.28888888888888886,0
1596167739.5899985,338.1986970901489,0.28888888888888886,0
1596167739.5999985,339.9962921142578,0.28888888888888886,0
1596167739.6099985,341.7968912124634,0.28888888888888886,0
1596167739.6199985,343.5971040725708,0.28888888888888886,0
1596167739.6299984,345.39800357818604,0.28888888888888886,0
1596167739.6399984,347.19607067108154,0.28888888888888886,0
1596167739.6499984,348.9957685470581,0.28888888888888886,0
1596167739.6599984,350.79666805267334,0.28888888888888886,0
1596167739.6699984,352.59696674346924,0.28888888888888886,0
1596167739.6799984,354.39662170410156,0.28888888888888886,0
1596167739.6899984,356.1984224319458,0.28888888888888886,0
1596167739.6999984,357.9986352920532,0.28888888888888886,0
1596167739.7099984,359.79717445373535,0.28888888888888886,0
1596167739.7111475,360,0.28888888888888886,1
1596167739.7111475,0,0,0
1596167739.7211475,1.8010282516479492,0,0
1596167739.7311475,3.6017990112304688,0,0
1596167739.7411475,5.402612686157227,0,0
1596167739.7511475,7.201066017150879,0,0
1596167739.7611475,9.000678062438965,0,0
1596167739.7711475,10.802693367004395,0,0
1596167739.7811475,12.600159645080566,0,0
1596167739.7911475,14.402260780334473,0,0
1596167739.8011475,16.200027465820312,0,0
1596167739.8111475,18.001270294189453,0,0
1596167739.8211474,19.803156852722168,0,0
1596167739.8311474,21.603412628173828,0,0
1596167739.8411474,23.4023380279541,0,0
1596167739.8511474,25.20242214202881,0,0
1596167739.8611474,27.003064155578613,0,0
1596167739.8711474,28.800573348999023,0,0
1596167739.8811474,30.60263156890869,0,0
1596167739.8911474,32.40022659301758,0,0
1596167739.9011474,34.20322895050049,0,0
1596167739.9111474,36.00095272064209,0,0
1596167739.9211473,37.80022144317627,0,0
1596167739.9311473,39.60288047790527,0,0
1596167739.9411473,41.40099048614502,0,0
1596167739.9511473,43.202576637268066,0,0
1596167739.9611473,45.00124454498291,0,0
1596167739.9711473,46.80150032043457,0,0
1596167739.9811473,48.602356910705566,0,0
1596167739.9911473,50.403170585632324,0,0
1596167740.0011473,52.200636863708496,0,0
1596167740.003919,52.6988410949707,0,0
1596167740.003919,133.45446505224606,0.4486423553181964,0
1596167740.0111473,134.75668825781247,0.4486423553181964,0
1596167740.0211473,136.55733027136228,0.4486423553181964,0
1596167740.0311472,138.35625567114255,0.4486423553181964,0
1596167740.0411472,140.15754141485593,0.4486423553181964,0
1596167740.0511472,141.95741095220944,0.4486423553181964,0
1596167740.0611472,143.758911272644,0.4486423553181964,0
1596167740.0711472,145.55702128088376,0.4486423553181964,0
1596167740.0811472,147.357920786499,0.4486423553181964,0
1596167740.0911472,149.1583482233276,0.4486423553181964,0
1596167740.1011472,150.9588614908447,0.4486423553181964,0
1596167740.1111472,152.75817312872312,0.4486423553181964,0
1596167740.1211472,154.55808558142087,0.4486423553181964,0
1596167740.1311471,156.3573972192993,0.4486423553181964,0
1596167740.1411471,158.15718092596433,0.4486423553181964,0
1596167740.1511471,159.9581233469238,0.4486423553181964,0
1596167740.161147,161.7585507837524,0.4486423553181964,0
1596167740.171147,163.5581628290405,0.4486423553181964,0
1596167740.181147,165.35833277380368,0.4486423553181964,0
1596167740.191147,167.1587602106323,0.4486423553181964,0
1596167740.201147,168.95734228765866,0.4486423553181964,0
1596167740.211147,170.75669684088132,0.4486423553181964,0
1596167740.221147,172.55639471685788,0.4486423553181964,0
1596167740.231147,174.3571654764404,0.4486423553181964,0
1596167740.241147,176.15652002966306,0.4486423553181964,0
1596167740.251147,177.95557417547604,0.4486423553181964,0
1596167740.261147,179.75767531072995,0.4486423553181964,0
1596167740.271147,181.5580169168701,0.4486423553181964,0
1596167740.281147,183.35870184576413,0.4486423553181964,0
1596167740.291147,185.15788473760983,0.4486423553181964,0
1596167740.301147,186.95749678289792,0.4486423553181964,0
1596167740.311147,188.7585679498901,0.4486423553181964,0
1596167740.321147,190.55564798986813,0.4486423553181964,0
1596167740.331147,192.3573628870239,0.4486423553181964,0
1596167740.341147,194.1583482233276,0.4486423553181964,0
1596167740.351147,195.95817484533688,0.4486423553181964,0
1596167740.361147,197.75649943029782,0.4486423553181964,0
1596167740.371147,199.55769934332272,0.4486423553181964,0
1596167740.381147,201.3569680658569,0.4486423553181964,0
1596167740.391147,203.15855421697995,0.4486423553181964,0
1596167740.401147,204.9566642252197,0.4486423553181964,0
1596167740.4111469,206.75593294775388,0.4486423553181964,0
1596167740.4211469,208.55769076025388,0.4486423553181964,0
1596167740.4311469,210.35653032934567,0.4486423553181964,0
1596167740.4411469,212.1584168878784,0.4486423553181964,0
1596167740.4511468,213.9581576791992,0.4486423553181964,0
1596167740.4611468,215.75776972448728,0.4486423553181964,0
1596167740.4711468,217.55892672216794,0.4486423553181964,0
1596167740.4811468,219.3580666986694,0.4486423553181964,0
1596167740.4911468,221.1583653894653,0.4486423553181964,0
1596167740.5011468,222.95823492681882,0.4486423553181964,0
1596167740.5111468,224.7589627710571,0.4486423553181964,0
1596167740.5211468,226.55587114965817,0.4486423553181964,0
1596167740.5311468,228.3569852319946,0.4486423553181964,0
1596167740.5411468,230.15771307623288,0.4486423553181964,0
1596167740.5511467,231.9586984125366,0.4486423553181964,0
1596167740.5611467,233.7587825266113,0.4486423553181964,0
1596167740.5711467,235.5568496195068,0.4486423553181964,0
1596167740.5811467,237.35684790289304,0.4486423553181964,0
1596167740.5911467,239.15791906988522,0.4486423553181964,0
1596167740.6011467,240.9569732156982,0.4486423553181964,0
1596167740.6111467,242.75684275305173,0.4486423553181964,0
1596167740.6211467,244.5563260523071,0.4486423553181964,0
1596167740.6311467,246.3555089441528,0.4486423553181964,0
1596167740.6411467,248.15666594183347,0.4486423553181964,0
1596167740.6511467,249.95597757971188,0.4486423553181964,0
1596167740.6611466,251.7569629160156,0.4486423553181964,0
1596167740.6711466,253.55588831579587,0.4486423553181964,0
1596167740.6811466,255.35627283728024,0.4486423553181964,0
1596167740.6911466,257.15790190374753,0.4486423553181964,0
1596167740.7011466,258.95777144110104,0.4486423553181964,0
1596167740.7111466,260.7562247720947,0.4486423553181964,0
1596167740.7211466,262.5579825845947,0.4486423553181964,0
1596167740.7311466,264.3564788309326,0.4486423553181964,0
1596167740.7411466,266.1560908762207,0.4486423553181964,0
1596167740.7511466,267.9555312601318,0.4486423553181964,0
1596167740.7611465,269.75733198797604,0.4486423553181964,0
1596167740.7711465,271.55561365759274,0.4486423553181964,0
1596167740.7811465,273.35604109442136,0.4486423553181964,0
1596167740.7911465,275.15612520849606,0.4486423553181964,0
1596167740.8011465,276.9572392908325,0.4486423553181964,0
1596167740.8111465,278.7568513361206,0.4486423553181964,0
1596167740.8211465,280.55779375708005,0.4486423553181964,0
1596167740.8311465,282.3570624796142,0.4486423553181964,0
1596167740.8411465,284.15830530798337,0.4486423553181964,0
1596167740.8511465,285.9572736231079,0.4486423553181964,0
1596167740.8611465,287.75710024511716,0.4486423553181964,0
1596167740.8711464,289.5586005655517,0.4486423553181964,0
1596167740.8811464,291.3582984415283,0.4486423553181964,0
1596167740.8911464,293.1573955026855,0.4486423553181964,0
1596167740.9011464,294.9558917490234,0.4486423553181964,0
1596167740.9111464,296.75601877844235,0.4486423553181964,0
1596167740.9211464,298.55687536871335,0.4486423553181964,0
1596167740.9311464,300.35695948278806,0.4486423553181964,0
1596167740.9411464,302.15738691961667,0.4486423553181964,0
1596167740.9511464,303.9580289331665,0.4486423553181964,0
1596167740.9611464,305.75789847052,0.4486423553181964,0
1596167740.9711463,307.5577680078735,0.4486423553181964,0
1596167740.9811463,309.3584958521118,0.4486423553181964,0
1596167740.9911463,311.158494135498,0.4486423553181964,0
1596167741.0011463,312.95647539770505,0.4486423553181964,0
1596167741.0111463,314.7568599191894,0.4486423553181964,0
1596167741.0211463,316.5575877634277,0.4486423553181964,0
1596167741.0311463,318.35604109442136,0.4486423553181964,0
1596167741.0411463,320.15745558416745,0.4486423553181964,0
1596167741.0511463,321.9572392908325,0.4486423553181964,0
1596167741.0611463,323.7577525583496,0.4486423553181964,0
1596167741.0711462,325.55878080999753,0.4486423553181964,0
1596167741.0811462,327.35701956427,0.4486423553181964,0
1596167741.0911462,329.1570178476562,0.4486423553181964,0
1596167741.1011462,330.95868982946774,0.4486423553181964,0
1596167741.1111462,332.7583877054443,0.4486423553181964,0
1596167741.1211462,334.5564118829956,0.4486423553181964,0
1596167741.1311462,336.3556376901855,0.4486423553181964,0
1596167741.1411462,338.15632261907956,0.4486423553181964,0
1596167741.1511462,339.95816626226804,0.4486423553181964,0
1596167741.1611462,341.75825037634274,0.4486423553181964,0
1596167741.1711462,343.5576907602539,0.4486423553181964,0
1596167741.1811461,345.35558619177243,0.4486423553181964,0
1596167741.1911461,347.1570006815185,0.4486423553181964,0
1596167741.2011461,348.95575441992185,0.4486423553181964,0
1596167741.211146,350.7581559625854,0.4486423553181964,0
1596167741.221146,352.55858339941403,0.4486423553181964,0
1596167741.231146,354.3579379526367,0.4486423553181964,0
1596167741.241146,356.1578074899902,0.4486423553181964,0
1596167741.251146,357.9560033289184,0.4486423553181964,0
1596167741.261146,359.7568599191894,0.4486423553181964,0
1596167741.2625072,360,0.4486423553181964,1
1596167741.2625072,0,0,0
1596167741.2725072,1.8030881881713867,0,0
1596167741.2825072,3.602442741394043,0,0
1596167741.2925072,5.4018402099609375,0,0
1596167741.3025072,7.200250625610352,0,0
1596167741.3125072,9.001235961914062,0,0
1596167741.3225071,10.802907943725586,0,0
1596167741.3265247,11.52315616607666,0,0
1596167741.3265247,62.76369383785604,0.2846696537321077,0
1596167741.3325071,63.84335806820272,0.2846696537321077,0
1596167741.3425071,65.64202597591756,0.2846696537321077,0
1596167741.352507,67.44245341274618,0.2846696537321077,0
1596167741.362507,69.24125006649373,0.2846696537321077,0
1596167741.372507,71.04060461971639,0.2846696537321077,0
1596167741.382507,72.84257700893758,0.2846696537321077,0
1596167741.392507,74.64356234524129,0.2846696537321077,0
1596167741.402507,76.44244482967733,0.2846696537321077,0
1596167741.412507,78.24270060512899,0.2846696537321077,0
1596167741.422507,80.04063895199178,0.2846696537321077,0
1596167741.432507,81.84192469570516,0.2846696537321077,0
1596167741.442507,83.64256670925496,0.2846696537321077,0
1596167741.452507,85.4438095376241,0.2846696537321077,0
1596167741.462507,87.24136164638875,0.2846696537321077,0
1596167741.472507,89.04144576046346,0.2846696537321077,0
1596167741.482507,90.84273150417684,0.2846696537321077,0
1596167741.492507,92.64272978756307,0.2846696537321077,0
1596167741.502507,94.44156935665487,0.2846696537321077,0
1596167741.512507,96.24053767177938,0.2846696537321077,0
1596167741.522507,98.04195216152547,0.2846696537321077,0
1596167741.532507,99.84053423855184,0.2846696537321077,0
1596167741.542507,101.64070418331502,0.2846696537321077,0
1596167741.552507,103.4405308053243,0.2846696537321077,0
1596167741.562507,105.24267485592244,0.2846696537321077,0
1596167741.572507,107.04280188534139,0.2846696537321077,0
1596167741.582507,108.84129813167928,0.2846696537321077,0
1596167741.592507,110.64112475368856,0.2846696537321077,0
1596167741.6025069,112.4412517831075,0.2846696537321077,0
1596167741.6125069,114.24116423580526,0.2846696537321077,0
1596167741.6225069,116.04116251919149,0.2846696537321077,0
1596167741.6325068,117.8415899560201,0.2846696537321077,0
1596167741.6425068,119.6433477685201,0.2846696537321077,0
1596167741.6525068,121.44244482967733,0.2846696537321077,0
1596167741.6625068,123.24175646755575,0.2846696537321077,0
1596167741.6725068,125.04218390438436,0.2846696537321077,0
1596167741.6825068,126.8423109338033,0.2846696537321077,0
1596167741.6925068,128.64132216427205,0.2846696537321077,0
1596167741.7025068,130.44303706142782,0.2846696537321077,0
1596167741.7125068,132.24247744533895,0.2846696537321077,0
1596167741.7225068,134.0417032525289,0.2846696537321077,0
1596167741.7325068,135.8415727898824,0.2846696537321077,0
1596167741.7425067,137.6423006341207,0.2846696537321077,0
1596167741.7525067,139.4427280709493,0.2846696537321077,0
1596167741.7625067,141.24306967708944,0.2846696537321077,0
1596167741.7725067,143.04148009273885,0.2846696537321077,0
1596167741.7825067,144.84280875179647,0.2846696537321077,0
1596167741.7925067,146.64362242672323,0.2846696537321077,0
1596167741.8025067,148.44383528683065,0.2846696537321077,0
1596167741.8125067,150.24125864956258,0.2846696537321077,0
1596167741.8225067,152.04048445675252,0.2846696537321077,0
1596167741.8325067,153.84091189358114,0.2846696537321077,0
1596167741.8425066,155.6412964150655,0.2846696537321077,0
1596167741.8525066,157.44133761379598,0.2846696537321077,0
1596167741.8625066,159.2415504739034,0.2846696537321077,0
1596167741.8725066,161.0429649636495,0.2846696537321077,0
1596167741.8825066,162.84257700893758,0.2846696537321077,0
1596167741.8925066,164.64291861507772,0.2846696537321077,0
1596167741.9025066,166.44115736935018,0.2846696537321077,0
1596167741.9125066,168.24119856808065,0.2846696537321077,0
1596167741.9225066,170.04046729061483,0.2846696537321077,0
1596167741.9325066,171.84171011898397,0.2846696537321077,0
1596167741.9425066,173.64157965633748,0.2846696537321077,0
1596167741.9525065,175.44071963283895,0.2846696537321077,0
1596167741.9625065,177.24247744533895,0.2846696537321077,0
1596167741.9725065,179.0417032525289,0.2846696537321077,0
1596167741.9825065,180.84204485866903,0.2846696537321077,0
1596167741.9925065,182.64315894100545,0.2846696537321077,0
1596167742.0025065,184.44045355770467,0.2846696537321077,0
1596167742.0041475,184.73579695675252,0.2846696537321077,0
1596167742.0041475,184.73579695675252,0.2846696537321077,0
1596167742.0105164,185.88219454738973,0.2846696537321077,0
1596167742.0105164,185.88219454738973,0.2846696537321077,0
1596167742.0125065,186.24152472469686,0.2846696537321077,0
1596167742.0225065,188.04100802395223,0.2846696537321077,0
1596167742.0325065,189.8410492226827,0.2846696537321077,0
1596167742.0425065,191.6415624901998,0.2846696537321077,0
1596167742.0525064,193.44044497463582,0.2846696537321077,0
1596167742.0625064,195.24241736385702,0.2846696537321077,0
1596167742.0725064,197.04228690121053,0.2846696537321077,0
1596167742.0825064,198.84168436977743,0.2846696537321077,0
1596167742.0925064,200.64194014522909,0.2846696537321077,0
1596167742.1025064,202.44052222225545,0.2846696537321077,0
1596167742.1125064,204.24047759029744,0.2846696537321077,0
1596167742.1225064,206.04300787899373,0.2846696537321077,0
1596167742.1325064,207.84223368618368,0.2846696537321077,0
1596167742.1425064,209.64193156216024,0.2846696537321077,0
1596167742.1525064,211.44205859157918,0.2846696537321077,0
1596167742.1625063,213.24154189083455,0.2846696537321077,0
1596167742.1725063,215.04205515835164,0.2846696537321077,0
1596167742.1825063,216.84098055813192,0.2846696537321077,0
1596167742.1925063,218.6410217568624,0.2846696537321077,0
1596167742.2025063,220.4436807915914,0.2846696537321077,0
1596167742.2125063,222.24226286861776,0.2846696537321077,0
1596167742.2225063,224.04341986629842,0.2846696537321077,0
1596167742.2325063,225.84307482693075,0.2846696537321077,0
1596167742.2425063,227.64148524258016,0.2846696537321077,0
1596167742.2525063,229.441955594753,0.2846696537321077,0
1596167742.2625062,231.24216845486043,0.2846696537321077,0
1596167742.2725062,233.04139426205037,0.2846696537321077,0
1596167742.2825062,234.84366705868123,0.2846696537321077,0
1596167742.2925062,236.64366534206746,0.2846696537321077,0
1596167742.3025062,238.44095995876668,0.2846696537321077,0
1596167742.3125062,240.2404861733663,0.2846696537321077,0
1596167742.3225062,242.04095652553914,0.2846696537321077,0
1596167742.3325062,243.84374430630086,0.2846696537321077,0
1596167742.3425062,245.64224055263875,0.2846696537321077,0
1596167742.3525062,247.44331171963094,0.2846696537321077,0
1596167742.3625062,249.2437820718038,0.2846696537321077,0
1596167742.3725061,251.04343703243612,0.2846696537321077,0
1596167742.3825061,252.84210494015096,0.2846696537321077,0
1596167742.3925061,254.6435623452413,0.2846696537321077,0
1596167742.402506,256.4410715386617,0.2846696537321077,0
1596167742.412506,258.24167063686724,0.2846696537321077,0
1596167742.422506,260.0421409890401,0.2846696537321077,0
1596167742.432506,261.84364130947466,0.2846696537321077,0
1596167742.442506,263.6431675240743,0.2846696537321077,0
1596167742.452506,265.44132044765826,0.2846696537321077,0
1596167742.462506,267.2420912072408,0.2846696537321077,0
1596167742.472506,269.042089490627,0.2846696537321077,0
1596167742.482506,270.8409290597188,0.2846696537321077,0
1596167742.492506,272.6422577187764,0.2846696537321077,0
1596167742.502506,274.44191267940874,0.2846696537321077,0
1596167742.512506,276.2425117776143,0.2846696537321077,0
1596167742.522506,278.04186633083697,0.2846696537321077,0
1596167742.532506,279.8408775613057,0.2846696537321077,0
1596167742.542506,281.6421633050191,0.2846696537321077,0
1596167742.552506,283.4419899270284,0.2846696537321077,0
1596167742.562506,285.2414303109395,0.2846696537321077,0
1596167742.572506,287.04245856258746,0.2846696537321077,0
1596167742.582506,288.8422422692525,0.2846696537321077,0
1596167742.592506,290.6423263833272,0.2846696537321077,0
1596167742.602506,292.4406080529439,0.2846696537321077,0
1596167742.612506,294.2425804421651,0.2846696537321077,0
1596167742.622506,296.041076688503,0.2846696537321077,0
1596167742.632506,297.84077456447955,0.2846696537321077,0
1596167742.642506,299.64030077907915,0.2846696537321077,0
1596167742.6525059,301.4419727608907,0.2846696537321077,0
1596167742.6625059,303.2420568749654,0.2846696537321077,0
1596167742.6725059,305.0414543435323,0.2846696537321077,0
1596167742.6825058,306.8412380501973,0.2846696537321077,0
1596167742.6925058,308.64256670925494,0.2846696537321077,0
1596167742.7025058,310.4405908868062,0.2846696537321077,0
1596167742.7125058,312.2424345299947,0.2846696537321077,0
1596167742.7225058,314.04281905147906,0.2846696537321077,0
1596167742.7325058,315.8419161126363,0.2846696537321077,0
1596167742.7425058,317.64148524258013,0.2846696537321077,0
1596167742.7525058,319.44092562649126,0.2846696537321077,0
1596167742.7625058,321.24156764004107,0.2846696537321077,0
1596167742.7725058,323.0413513467061,0.2846696537321077,0
1596167742.7825058,324.8428945824849,0.2846696537321077,0
1596167742.7925057,326.64143374416705,0.2846696537321077,0
1596167742.8025057,328.44074538204546,0.2846696537321077,0
1596167742.8125057,330.2437477395284,0.2846696537321077,0
1596167742.8225057,332.04224398586626,0.2846696537321077,0
1596167742.8325057,333.8403110787618,0.2846696537321077,0
1596167742.8425057,335.6407814309346,0.2846696537321077,0
1596167742.8525057,337.44245341274615,0.2846696537321077,0
1596167742.8625057,339.2407779977071,0.2846696537321077,0
1596167742.8725057,341.0418491646993,0.2846696537321077,0
1596167742.8825057,342.84214785549517,0.2846696537321077,0
1596167742.8925056,344.6413736626851,0.2846696537321077,0
1596167742.9025056,346.44072821590777,0.2846696537321077,0
1596167742.9125056,348.24244311306353,0.2846696537321077,0
1596167742.9225056,350.0426988885152,0.2846696537321077,0
1596167742.9325056,351.8403368279683,0.2846696537321077,0
1596167742.9425056,353.64170840237017,0.2846696537321077,0
1596167742.9525056,355.44196417782183,0.2846696537321077,0
1596167742.9625056,357.24320700619097,0.2846696537321077,0
1596167742.9725056,359.04032996151324,0.2846696537321077,0
1596167742.97785,360,0.2846696537321077,1
1596167742.97785,0,0,0
1596167742.98785,1.803131103515625,0,0
1596167742.99785,3.6006832122802734,0,0
1596167743.00785,5.4018402099609375,0,0
1596167743.01785,7.201237678527832,0,0
1596167743.02785,9.003467559814453,0,0
1596167743.03785,10.80204963684082,0,0
1596167743.04785,12.60106086730957,0,0
1596167743.05785,14.402732849121094,0,0
1596167743.0678499,16.20285987854004,0,0
1596167743.0778499,18.00234317779541,0,0
1596167743.0878499,19.80032444000244,0,0
1596167743.0978498,21.600537300109863,0,0
1596167743.1078498,23.40336799621582,0,0
1596167743.1178498,25.202937126159668,0,0
1596167743.1278498,27.001562118530273,0,0
1596167743.1378498,28.8021183013916,0,0
1596167743.1478498,30.60142993927002,0,0
1596167743.1578498,32.401556968688965,0,0
1596167743.1678498,34.200310707092285,0,0
1596167743.1778498,36.00176811218262,0,0
1596167743.1878498,37.80069351196289,0,0
1596167743.1978498,39.601078033447266,0,0
1596167743.2078497,41.403136253356934,0,0
1596167743.2178497,43.20055961608887,0,0
1596167743.2278497,45.00296115875244,0,0
1596167743.2378497,46.80192947387695,0,0
1596167743.2478497,48.6020565032959,0,0
1596167743.2578497,50.40209770202637,0,0
1596167743.2678497,52.20170974731445,0,0
1596167743.2778497,54.00007724761963,0,0
1596167743.2878497,55.80286502838135,0,0
1596167743.2978497,57.602176666259766,0,0
1596167743.3078496,59.40290451049805,0,0
1596167743.3178496,61.2028169631958,0,0
1596167743.3278496,63.003458976745605,0,0
1596167743.3378496,64.80032444000244,0,0
1596167743.3478496,66.6007947921753,0,0
1596167743.3578496,68.40268135070801,0,0
1596167743.3678496,70.20083427429199,0,0
1596167743.3778496,72.00156211853027,0,0
1596167743.3878496,73.80246162414551,0,0
1596167743.3978496,75.60001373291016,0,0
1596167743.4078496,77.40001201629639,0,0
1596167743.4178495,79.20194149017334,0,0
1596167743.4278495,81.00151062011719,0,0
1596167743.4378495,82.80155181884766,0,0
1596167743.4478495,84.60043430328369,0,0
1596167743.4578495,86.40292167663574,0,0
1596167743.4678495,88.20043087005615,0,0
1596167743.4778495,90.00008583068848,0,0
1596167743.4878495,91.79995536804199,0,0
1596167743.4978495,93.60192775726318,0,0
1596167743.5078495,95.40244102478027,0,0
1596167743.5178494,97.2029972076416,0,0
1596167743.5278494,99.00033473968506,0,0
1596167743.5378494,100.80119132995605,0,0
1596167743.5478494,102.60226249694824,0,0
1596167743.5578494,104.40200328826904,0,0
1596167743.5678494,106.20114326477051,0,0
1596167743.5778494,108.0019998550415,0,0
1596167743.5878494,109.8013973236084,0,0
1596167743.5978494,111.60105228424072,0,0
1596167743.6078494,113.40246677398682,0,0
1596167743.6178493,115.20255088806152,0,0
1596167743.6278493,117.00177669525146,0,0
1596167743.6378493,118.80168914794922,0,0
1596167743.6478493,120.60288906097412,0,0
1596167743.6578493,122.40232944488525,0,0
1596167743.6678493,124.20005321502686,0,0
1596167743.6778493,126.00168228149414,0,0
1596167743.6878493,127.80125141143799,0,0
1596167743.6978493,129.60326671600342,0,0
1596167743.7078493,131.40103340148926,0,0
1596167743.7178493,133.20064544677734,0,0
1596167743.7278492,135.00154495239258,0,0
1596167743.7378492,136.8009853363037,0,0
1596167743.7478492,138.60179901123047,0,0
1596167743.7578492,140.4029130935669,0,0
1596167743.7678492,142.2027826309204,0,0
1596167743.7778492,144.00200843811035,0,0
1596167743.7878492,145.80200672149658,0,0
1596167743.7978492,147.60269165039062,0,0
1596167743.8078492,149.40208911895752,0,0
1596167743.8178492,151.2020444869995,0,0
1596167743.8278491,153.00101280212402,0,0
1596167743.8378491,154.8008394241333,0,0
1596167743.8478491,156.60276889801025,0,0
1596167743.8578491,158.40173721313477,0,0
1596167743.867849,160.20306587219238,0,0
1596167743.877849,162.00302124023438,0,0
1596167743.887849,163.80117416381836,0,0
1596167743.897849,165.60323238372803,0,0
1596167743.907849,167.40323066711426,0,0
1596167743.917849,169.20164108276367,0,0
1596167743.927849,171.00193977355957,0,0
1596167743.937849,172.80039310455322,0,0
1596167743.947849,174.60013389587402,0,0
1596167743.957849,176.40227794647217,0,0
1596167743.967849,178.20184707641602,0,0
1596167743.977849,180.0007724761963,0,0
1596167743.987849,181.80317401885986,0,0
1596167743.997849,183.60265731811523,0,0
1596167744.0043662,184.77291584014893,0,0
1596167744.0043662,184.77291584014893,0.0,0
1596167744.007849,185.40184020996094,0.0,0
1596167744.0107515,185.92227458953857,0.0,0
1596167744.0107515,185.92227458953857,0.0,0
1596167744.017849,187.20308303833008,0.0,0
1596167744.027849,189.00067806243896,0.0,0
1596167744.037849,190.80097675323486,0.0,0
1596167744.047849,192.600417137146,0.0,0
1596167744.057849,194.4005012512207,0.0,0
1596167744.067849,196.19998455047607,0.0,0
1596167744.077849,198.00135612487793,0.0,0
1596167744.087849,199.80032444000244,0.0,0
1596167744.097849,201.60178184509277,0.0,0
1596167744.107849,203.4003210067749,0.0,0
1596167744.1178489,205.2019500732422,0.0,0
1596167744.1278489,207.0010471343994,0.0,0
1596167744.1378489,208.80314826965332,0.0,0
1596167744.1478488,210.6003999710083,0.0,0
1596167744.1578488,212.4014711380005,0.0,0
1596167744.1678488,214.2011260986328,0.0,0
1596167744.1778488,216.00121021270752,0.0,0
1596167744.1878488,217.803053855896,0.0,0
1596167744.1978488,219.60270881652832,0.0,0
1596167744.2078488,221.40270709991455,0.0,0
1596167744.2178488,223.2020616531372,0.0,0
1596167744.2278488,225.00120162963867,0.0,0
1596167744.2378488,226.8017578125,0.0,0
1596167744.2478487,228.60106945037842,0.0,0
1596167744.2578487,230.3999948501587,0.0,0
1596167744.2678487,232.20170974731445,0.0,0
1596167744.2778487,234.00076389312744,0.0,0
1596167744.2878487,235.80286502838135,0.0,0
1596167744.2978487,237.6006317138672,0.0,0
1596167744.3078487,239.40054416656494,0.0,0
1596167744.3178487,241.20015621185303,0.0,0
1596167744.3278487,243.00006866455078,0.0,0
1596167744.3378487,244.80075359344482,0.0,0
1596167744.3478487,246.60289764404297,0.0,0
1596167744.3578486,248.40062141418457,0.0,0
1596167744.3678486,250.199933052063,0.0,0
1596167744.3778486,252.00078964233398,0.0,0
1596167744.3878486,253.80216121673584,0.0,0
1596167744.3978486,255.60091495513916,0.0,0
1596167744.4078486,257.4027156829834,0.0,0
1596167744.4178486,259.2016839981079,0.0,0
1596167744.4278486,261.0023260116577,0.0,0
1596167744.4378486,262.80052185058594,0.0,0
1596167744.4478486,264.60004806518555,0.0,0
1596167744.4578485,266.4004325866699,0.0,0
1596167744.4678485,268.20030212402344,0.0,0
1596167744.4778485,270.00227451324463,0.0,0
1596167744.4878485,271.8013286590576,0.0,0
1596167744.4978485,273.60154151916504,0.0,0
1596167744.5078485,275.4024410247803,0.0,0
1596167744.5178485,277.2016668319702,0.0,0
1596167744.5278485,279.00243759155273,0.0,0
1596167744.5378485,280.8017063140869,0.0,0
1596167744.5478485,282.6029920578003,0.0,0
1596167744.5578485,284.4018745422363,0.0,0
1596167744.5678484,286.2022590637207,0.0,0
1596167744.5778484,288.00204277038574,0.0,0
1596167744.5878484,289.8031997680664,0.0,0
1596167744.5978484,291.6005802154541,0.0,0
1596167744.6078484,293.40293884277344,0.0,0
1596167744.6178484,295.20190715789795,0.0,0
1596167744.6278484,297.00061798095703,0.0,0
1596167744.6378484,298.8028049468994,0.0,0
1596167744.6478484,300.60065746307373,0.0,0
1596167744.6578484,302.4000120162964,0.0,0
1596167744.6678483,304.20172691345215,0.0,0
1596167744.6778483,306.0008668899536,0.0,0
1596167744.6878483,307.80168056488037,0.0,0
1596167744.6978483,309.6028804779053,0.0,0
1596167744.7078483,311.40137672424316,0.0,0
1596167744.7178483,313.2021903991699,0.0,0
1596167744.7278483,315.0013732910156,0.0,0
1596167744.7378483,316.80034160614014,0.0,0
1596167744.7478483,318.6019706726074,0.0,0
1596167744.7578483,320.4006814956665,0.0,0
1596167744.7678483,322.20067977905273,0.0,0
1596167744.7778482,324.0001630783081,0.0,0
1596167744.7878482,325.8028221130371,0.0,0
1596167744.7978482,327.60127544403076,0.0,0
1596167744.8078482,329.3998146057129,0.0,0
1596167744.8178482,331.20118618011475,0.0,0
1596167744.8278482,333.0026435852051,0.0,0
1596167744.8378482,334.8028564453125,0.0,0
1596167744.8478482,336.60242557525635,0.0,0
1596167744.8578482,338.40002059936523,0.0,0
1596167744.8678482,340.2001476287842,0.0,0
1596167744.8778481,342.00233459472656,0.0,0
1596167744.8878481,343.802547454834,0.0,0
1596167744.8978481,345.6011724472046,0.0,0
1596167744.9078481,347.4023723602295,0.0,0
1596167744.917848,349.1997957229614,0.0,0
1596167744.927848,351.00125312805176,0.0,0
1596167744.937848,352.8015089035034,0.0,0
1596167744.947848,354.6018075942993,0.0,0
1596167744.957848,356.40026092529297,0.0,0
1596167744.967848,358.20133209228516,0.0,0
1596167744.9778614,360,0.0,1
1596167744.9778614,0,0,0
1596167744.9878614,1.8013715744018555,0,0
1596167744.9978614,3.6023998260498047,0,0
1596167745.0078614,5.40003776550293,0,0
1596167745.0178614,7.203469276428223,0,0
1596167745.0278614,9.002394676208496,0,0
1596167745.0378613,10.801105499267578,0,0
1596167745.0478613,12.601447105407715,0,0
1596167745.0578613,14.400243759155273,0,0
1596167745.0678613,16.202902793884277,0,0
1596167745.0778613,18.00238609313965,0,0
1596167745.0878613,19.801440238952637,0,0
1596167745.0978613,21.603240966796875,0,0
1596167745.1078613,23.40010643005371,0,0
1596167745.1178613,25.201520919799805,0,0
1596167745.1278613,27.003064155578613,0,0
1596167745.1378613,28.801603317260742,0,0
1596167745.1478612,30.600314140319824,0,0
1596167745.1578612,32.403016090393066,0,0
1596167745.1678612,34.20340061187744,0,0
1596167745.1778612,36.00266933441162,0,0
1596167745.1878612,37.8004789352417,0,0
1596167745.1978612,39.602622985839844,0,0
1596167745.2078612,41.402363777160645,0,0
1596167745.2178612,43.202619552612305,0,0
1596167745.2278612,45.00128746032715,0,0
1596167745.2378612,46.800384521484375,0,0
1596167745.2478611,48.60244274139404,0,0
1596167745.2578611,50.39995193481445,0,0
1596167745.2678611,52.203125953674316,0,0
1596167745.277861,54.003424644470215,0,0
1596167745.287861,55.803165435791016,0,0
1596167745.297861,57.60183334350586,0,0
1596167745.307861,59.40153121948242,0,0
1596167745.317861,61.202688217163086,0,0
1596167745.327861,63.00135612487793,0,0
1596167745.337861,64.80165481567383,0,0
1596167745.347861,66.60130977630615,0,0
1596167745.357861,68.40182304382324,0,0
1596167745.367861,70.20147800445557,0,0
1596167745.377861,72.00010299682617,0,0
1596167745.387861,73.80095958709717,0,0
1596167745.397861,75.60284614562988,0,0
1596167745.407861,77.40172863006592,0,0
1596167745.417861,79.20056819915771,0,0
1596167745.427861,81.0018539428711,0,0
1596167745.437861,82.80232429504395,0,0
1596167745.447861,84.60090637207031,0,0
1596167745.457861,86.40339374542236,0,0
1596167745.467861,88.20270538330078,0,0
1596167745.477861,90.00274658203125,0,0
1596167745.487861,91.80089950561523,0,0
1596167745.497861,93.60072612762451,0,0
1596167745.507861,95.40025234222412,0,0
1596167745.517861,97.20291137695312,0,0
1596167745.5278609,99.00153636932373,0,0
1596167745.5378609,100.80226421356201,0,0
1596167745.5478609,102.6024341583252,0,0
1596167745.5578609,104.40084457397461,0,0
1596167745.5678608,106.20230197906494,0,0
1596167745.5778608,108.00058364868164,0,0
1596167745.5878608,109.80156898498535,0,0
1596167745.5978608,111.60083770751953,0,0
1596167745.6078608,113.4028959274292,0,0
1596167745.6178608,115.20169258117676,0,0
1596167745.6278608,117.00053215026855,0,0
1596167745.6378608,118.80306243896484,0,0
1596167745.6478608,120.60164451599121,0,0
1596167745.6578608,122.40293025970459,0,0
1596167745.6678607,124.200439453125,0,0
1596167745.6778607,126.00296974182129,0,0
1596167745.6878607,127.80206680297852,0,0
1596167745.6978607,129.60120677947998,0,0
1596167745.7078607,131.40244960784912,0,0
1596167745.7178607,133.20128917694092,0,0
1596167745.7278607,135.0027894973755,0,0
1596167745.7378607,136.80240154266357,0,0
1596167745.7478607,138.6005973815918,0,0
1596167745.7578607,140.40265560150146,0,0
1596167745.7678607,142.20325469970703,0,0
1596167745.7778606,144.00278091430664,0,0
1596167745.7878606,145.80016136169434,0,0
1596167745.7978606,147.60303497314453,0,0
1596167745.8078606,149.40303325653076,0,0
1596167745.8178606,151.20311737060547,0,0
1596167745.8278606,153.00036907196045,0,0
1596167745.8378606,154.8017406463623,0,0
1596167745.8478606,156.60251140594482,0,0
1596167745.8578606,158.40203762054443,0,0
1596167745.8678606,160.20310878753662,0,0
1596167745.8778605,162.00053215026855,0,0
1596167745.8878605,163.80297660827637,0,0
1596167745.8978605,165.6011724472046,0,0
1596167745.9078605,167.400484085083,0,0
1596167745.9178605,169.2021131515503,0,0
1596167745.9278605,171.0010814666748,0,0
1596167745.9378605,172.80198097229004,0,0
1596167745.9478605,174.60163593292236,0,0
1596167745.9578605,176.40189170837402,0,0
1596167745.9678605,178.20266246795654,0,0
1596167745.9778605,179.99982833862305,0,0
1596167745.9878604,181.80025577545166,0,0
1596167745.9978604,183.60162734985352,0,0
1596167746.0046031,184.81351375579834,0,0
1596167746.0046031,184.81351375579834,0.0,0
1596167746.0078604,185.4023551940918,0.0,0
1596167746.0109787,185.96111297607422,0.0,0
1596167746.0109787,185.96111297607422,0.0,0
1596167746.0178604,187.2018814086914,0.0,0
1596167746.0278604,189.00187969207764,0.0,0
1596167746.0378604,190.80200672149658,0.0,0
1596167746.0478604,192.6026487350464,0.0,0
1596167746.0578604,194.40320491790771,0.0,0
1596167746.0678604,196.2028169631958,0.0,0
1596167746.0778604,197.99993991851807,0.0,0
1596167746.0878603,199.8015260696411,0.0,0
1596167746.0978603,201.60139560699463,0.0,0
1596167746.1078603,203.4014368057251,0.0,0
1596167746.1178603,205.20143508911133,0.0,0
1596167746.1278603,207.0009183883667,0.0,0
1596167746.1378603,208.8015604019165,0.0,0
1596167746.1478603,210.6031894683838,0.0,0
1596167746.1578603,212.40121364593506,0.0,0
1596167746.1678603,214.1998815536499,0.0,0
1596167746.1778603,216.00168228149414,0.0,0
1596167746.1878603,217.80039310455322,0.0,0
1596167746.1978602,219.60240840911865,0.0,0
1596167746.2078602,221.4021921157837,0.0,0
1596167746.2178602,223.20274829864502,0.0,0
1596167746.2278602,225.00261783599854,0.0,0
1596167746.2378602,226.80016994476318,0.0,0
1596167746.2478602,228.60089778900146,0.0,0
1596167746.2578602,230.40222644805908,0.0,0
1596167746.2678602,232.20145225524902,0.0,0
1596167746.2778602,234.00222301483154,0.0,0
1596167746.2878602,235.80084800720215,0.0,0
1596167746.2978601,237.60149002075195,0.0,0
1596167746.3078601,239.40226078033447,0.0,0
1596167746.3178601,241.20152950286865,0.0,0
1596167746.32786,243.00062656402588,0.0,0
1596167746.33786,244.80169773101807,0.0,0
1596167746.34786,246.60006523132324,0.0,0
1596167746.35786,248.40259552001953,0.0,0
1596167746.36786,250.2013921737671,0.0,0
1596167746.37786,252.00031757354736,0.0,0
1596167746.38786,253.80053043365479,0.0,0
1596167746.39786,255.6031036376953,0.0,0
1596167746.40786,257.40009784698486,0.0,0
1596167746.41786,259.2015552520752,0.0,0
1596167746.42786,261.0017681121826,0.0,0
1596167746.43786,262.8014659881592,0.0,0
1596167746.44786,264.6006488800049,0.0,0
1596167746.45786,266.40081882476807,0.0,0
1596167746.46786,268.20021629333496,0.0,0
1596167746.47786,270.0010299682617,0.0,0
1596167746.48786,271.8022298812866,0.0,0
1596167746.49786,273.6023998260498,0.0,0
1596167746.50786,275.399866104126,0.0,0
1596167746.51786,277.2030830383301,0.0,0
1596167746.52786,279.00007724761963,0.0,0
1596167746.53786,280.80183506011963,0.0,0
1596167746.54786,282.601318359375,0.0,0
1596167746.55786,284.40221786499023,0.0,0
1596167746.56786,286.2014865875244,0.0,0
1596167746.5778599,288.0008840560913,0.0,0
1596167746.5878599,289.80255603790283,0.0,0
1596167746.5978599,291.6020393371582,0.0,0
1596167746.6078598,293.40306758880615,0.0,0
1596167746.6178598,295.2025079727173,0.0,0
1596167746.6278598,297.00199127197266,0.0,0
1596167746.6378598,298.80293369293213,0.0,0
1596167746.6478598,300.6020736694336,0.0,0
1596167746.6578598,302.40009784698486,0.0,0
1596167746.6678598,304.2015552520752,0.0,0
1596167746.6778598,306.00146770477295,0.0,0
1596167746.6878598,307.800350189209,0.0,0
1596167746.6978598,309.6012496948242,0.0,0
1596167746.7078598,311.40270709991455,0.0,0
1596167746.7178597,313.20077419281006,0.0,0
1596167746.7278597,315.0003433227539,0.0,0
1596167746.7378597,316.8005132675171,0.0,0
1596167746.7478597,318.6022710800171,0.0,0
1596167746.7578597,320.4017114639282,0.0,0
1596167746.7678597,322.19977855682373,0.0,0
1596167746.7778597,324.0010643005371,0.0,0
1596167746.7878597,325.801362991333,0.0,0
1596167746.7978597,327.6001167297363,0.0,0
1596167746.8078597,329.40067291259766,0.0,0
1596167746.8178596,331.20131492614746,0.0,0
1596167746.8278596,333.0009698867798,0.0,0
1596167746.8378596,334.80122566223145,0.0,0
1596167746.8478596,336.60298347473145,0.0,0
1596167746.8578596,338.3998918533325,0.0,0
1596167746.8678596,340.2022933959961,0.0,0
1596167746.8778596,342.00242042541504,0.0,0
1596167746.8878596,343.80207538604736,0.0,0
1596167746.8978596,345.6003141403198,0.0,0
1596167746.9078596,347.4003553390503,0.0,0
1596167746.9178596,349.2018985748291,0.0,0
1596167746.9278595,351.00035190582275,0.0,0
1596167746.9378595,352.80030727386475,0.0,0
1596167746.9478595,354.5996618270874,0.0,0
1596167746.9578595,356.40026092529297,0.0,0
1596167746.9678595,358.2022762298584,0.0,0
1596167746.9778616,360,0.0,1
1596167746.9778616,0,0,0
1596167746.9878616,1.8020153045654297,0,0
1596167746.9978616,3.6005115509033203,0,0
1596167747.0078616,5.400552749633789,0,0
1596167747.0178616,7.200937271118164,0,0
1596167747.0278616,9.002137184143066,0,0
1596167747.0378616,10.802907943725586,0,0
1596167747.0478616,12.600717544555664,0,0
1596167747.0578616,14.401144981384277,0,0
1596167747.0678616,16.202645301818848,0,0
1596167747.0778615,18.001785278320312,0,0
1596167747.0878615,19.803414344787598,0,0
1596167747.0978615,21.601009368896484,0,0
1596167747.1078615,23.40040683746338,0,0
1596167747.1178615,25.200061798095703,0,0
1596167747.1278615,27.000575065612793,0,0
1596167747.1378615,28.80113124847412,0,0
1596167747.1478615,30.600056648254395,0,0
1596167747.1578615,32.39996910095215,0,0
1596167747.1678615,34.20237064361572,0,0
1596167747.1778615,36.00112438201904,0,0
1596167747.1878614,37.80163764953613,0,0
1596167747.1978614,39.60266590118408,0,0
1596167747.2078614,41.40206336975098,0,0
1596167747.2178614,43.20107460021973,0,0
1596167747.2278614,45.00270366668701,0,0
1596167747.2378614,46.79995536804199,0,0
1596167747.2478614,48.60021114349365,0,0
1596167747.2578614,50.39999485015869,0,0
1596167747.2678614,52.201666831970215,0,0
1596167747.2778614,54.002394676208496,0,0
1596167747.2878613,55.803208351135254,0,0
1596167747.2978613,57.60239124298096,0,0
1596167747.3078613,59.40260410308838,0,0
1596167747.3178613,61.20140075683594,0,0
1596167747.3278613,63.00036907196045,0,0
1596167747.3378613,64.80144023895264,0,0
1596167747.3478613,66.60118103027344,0,0
1596167747.3578613,68.40070724487305,0,0
1596167747.3678613,70.20195007324219,0,0
1596167747.3778613,72.00139045715332,0,0
1596167747.3878613,73.8006591796875,0,0
1596167747.3978612,75.60027122497559,0,0
1596167747.4078612,77.40078449249268,0,0
1596167747.4178612,79.20116901397705,0,0
1596167747.4278612,81.00009441375732,0,0
1596167747.4378612,82.80219554901123,0,0
1596167747.4478612,84.60202217102051,0,0
1596167747.4578612,86.40060424804688,0,0
1596167747.4678612,88.20279121398926,0,0
1596167747.4778612,90.00150203704834,0,0
1596167747.4878612,91.80338859558105,0,0
1596167747.4978611,93.60051155090332,0,0
1596167747.5078611,95.40312767028809,0,0
1596167747.5178611,97.20012187957764,0,0
1596167747.527861,99.00119304656982,0,0
1596167747.537861,100.80127716064453,0,0
1596167747.547861,102.60209083557129,0,0
1596167747.557861,104.40088748931885,0,0
1596167747.567861,106.20195865631104,0,0
1596167747.577861,108.00302982330322,0,0
1596167747.587861,109.80302810668945,0,0
1596167747.597861,111.60251140594482,0,0
1596167747.607861,113.40246677398682,0,0
1596167747.617861,115.20169258117676,0,0
1596167747.627861,117.00280666351318,0,0
1596167747.637861,118.80108833312988,0,0
1596167747.647861,120.60194492340088,0,0
1596167747.657861,122.40335941314697,0,0
1596167747.667861,124.20322895050049,0,0
1596167747.677861,126.00198268890381,0,0
1596167747.687861,127.80095100402832,0,0
1596167747.697861,129.60180759429932,0,0
1596167747.707861,131.4014196395874,0,0
1596167747.717861,133.2003879547119,0,0
1596167747.727861,135.00244617462158,0,0
1596167747.737861,136.80261611938477,0,0
1596167747.747861,138.60188484191895,0,0
1596167747.757861,140.40115356445312,0,0
1596167747.767861,142.20003604888916,0,0
1596167747.7778609,144.0023946762085,0,0
1596167747.7878609,145.80187797546387,0,0
1596167747.7978609,147.60179042816162,0,0
1596167747.8078609,149.4032907485962,0,0
1596167747.8178608,151.20152950286865,0,0
1596167747.8278608,153.00157070159912,0,0
1596167747.8378608,154.80328559875488,0,0
1596167747.8478608,156.60152435302734,0,0
1596167747.8578608,158.4025526046753,0,0
1596167747.8678608,160.20100593566895,0,0
1596167747.8778608,162.00134754180908,0,0
1596167747.8878608,163.80001544952393,0,0
1596167747.8978608,165.6029748916626,0,0
1596167747.9078608,167.40039825439453,0,0
1596167747.9178607,169.19996738433838,0,0
1596167747.9278607,171.001296043396,0,0
1596167747.9378607,172.8032684326172,0,0
1596167747.9478607,174.60227966308594,0,0
1596167747.9578607,176.4033079147339,0,0
1596167747.9678607,178.20274829864502,0,0
1596167747.9778607,180.00060081481934,0,0
1596167747.9878607,181.800856590271,0,0
1596167747.9978607,183.60270023345947,0,0
1596167748.0048382,184.85578536987305,0,0
1596167748.0048382,184.85578536987305,0.0,0
1596167748.0078607,185.40175437927246,0.0,0
1596167748.0112092,186.0025691986084,0.0,0
1596167748.0112092,186.0025691986084,0.0,0
1596167748.0178607,187.1998643875122,0.0,0
1596167748.0278606,189.0025234222412,0.0,0
1596167748.0378606,190.80132007598877,0.0,0
1596167748.0478606,192.6016616821289,0.0,0
1596167748.0578606,194.402174949646,0.0,0
1596167748.0678606,196.20221614837646,0.0,0
1596167748.0778606,198.00182819366455,0.0,0
1596167748.0878606,199.80010986328125,0.0,0
1596167748.0978606,201.60109519958496,0.0,0
1596167748.1078606,203.401780128479,0.0,0
1596167748.1178606,205.2015209197998,0.0,0
1596167748.1278605,207.00134754180908,0.0,0
1596167748.1378605,208.80070209503174,0.0,0
1596167748.1478605,210.6011724472046,0.0,0
1596167748.1578605,212.39996910095215,0.0,0
1596167748.1678605,214.20104026794434,0.0,0
1596167748.1778605,216.0001802444458,0.0,0
1596167748.1878605,217.80253887176514,0.0,0
1596167748.1978605,219.60215091705322,0.0,0
1596167748.2078605,221.40270709991455,0.0,0
1596167748.2178605,223.20236206054688,0.0,0
1596167748.2278605,225.00150203704834,0.0,0
1596167748.2378604,226.8021011352539,0.0,0
1596167748.2478604,228.60046863555908,0.0,0
1596167748.2578604,230.40239810943604,0.0,0
1596167748.2678604,232.2002935409546,0.0,0
1596167748.2778604,234.0014934539795,0.0,0
1596167748.2878604,235.80316543579102,0.0,0
1596167748.2978604,237.6027774810791,0.0,0
1596167748.3078604,239.4016170501709,0.0,0
1596167748.3178604,241.20084285736084,0.0,0
1596167748.3278604,243.0027723312378,0.0,0
1596167748.3378603,244.80036735534668,0.0,0
1596167748.3478603,246.6002368927002,0.0,0
1596167748.3578603,248.4028959274292,0.0,0
1596167748.3678603,250.20203590393066,0.0,0
1596167748.3778603,252.00040340423584,0.0,0
1596167748.3878603,253.80263328552246,0.0,0
1596167748.3978603,255.60250282287598,0.0,0
1596167748.4078603,257.4021577835083,0.0,0
1596167748.4178603,259.2014694213867,0.0,0
1596167748.4278603,260.99992275238037,0.0,0
1596167748.4378603,262.8006935119629,0.0,0
1596167748.4478602,264.5997476577759,0.0,0
1596167748.4578602,266.40146255493164,0.0,0
1596167748.4678602,268.2010746002197,0.0,0
1596167748.4778602,270.0005578994751,0.0,0
1596167748.4878602,271.8018436431885,0.0,0
1596167748.4978602,273.60098361968994,0.0,0
1596167748.5078602,275.40287017822266,0.0,0
1596167748.5178602,277.2019672393799,0.0,0
1596167748.5278602,279.0020942687988,0.0,0
1596167748.5378602,280.8003330230713,0.0,0
1596167748.5478601,282.6012325286865,0.0,0
1596167748.5578601,284.40110206604004,0.0,0
1596167748.5678601,286.20187282562256,0.0,0
1596167748.57786,288.0004119873047,0.0,0
1596167748.58786,289.80113983154297,0.0,0
1596167748.59786,291.60264015197754,0.0,0
1596167748.60786,293.40113639831543,0.0,0
1596167748.61786,295.2007484436035,0.0,0
1596167748.62786,296.99975967407227,0.0,0
1596167748.63786,298.8010883331299,0.0,0
1596167748.64786,300.6010866165161,0.0,0
1596167748.65786,302.39996910095215,0.0,0
1596167748.66786,304.20219898223877,0.0,0
1596167748.67786,306.0009527206421,0.0,0
1596167748.68786,307.80163764953613,0.0,0
1596167748.69786,309.6027946472168,0.0,0
1596167748.70786,311.40056133270264,0.0,0
1596167748.71786,313.202748298645,0.0,0
1596167748.72786,315.0016736984253,0.0,0
1596167748.73786,316.8024015426636,0.0,0
1596167748.74786,318.6028718948364,0.0,0
1596167748.75786,320.40119647979736,0.0,0
1596167748.76786,322.2017526626587,0.0,0
1596167748.77786,324.0005922317505,0.0,0
1596167748.78786,325.801362991333,0.0,0
1596167748.79786,327.60217666625977,0.0,0
1596167748.80786,329.4031620025635,0.0,0
1596167748.81786,331.2005424499512,0.0,0
1596167748.8278599,333.00015449523926,0.0,0
1596167748.8378599,334.8016119003296,0.0,0
1596167748.8478599,336.601824760437,0.0,0
1596167748.8578598,338.4003210067749,0.0,0
1596167748.8678598,340.20293712615967,0.0,0
1596167748.8778598,342.0019483566284,0.0,0
1596167748.8878598,343.80014419555664,0.0,0
1596167748.8978598,345.6031036376953,0.0,0
1596167748.9078598,347.40185737609863,0.0,0
1596167748.9178598,349.20185565948486,0.0,0
1596167748.9278598,350.9999656677246,0.0,0
1596167748.9378598,352.80210971832275,0.0,0
1596167748.9478598,354.60296630859375,0.0,0
1596167748.9578598,356.4015483856201,0.0,0
1596167748.9678597,358.20133209228516,0.0,0
1596167748.977868,360,0.0,1
1596167748.977868,0,0,0
1596167748.987868,1.8034744262695312,0,0
1596167748.997868,3.6005544662475586,0,0
1596167749.007868,5.401239395141602,0,0
1596167749.017868,7.202396392822266,0,0
1596167749.027868,9.002866744995117,0,0
1596167749.037868,10.800461769104004,0,0
1596167749.047868,12.602777481079102,0,0
1596167749.057868,14.401230812072754,0,0
1596167749.067868,16.202645301818848,0,0
1596167749.077868,18.003201484680176,0,0
1596167749.087868,19.802770614624023,0,0
1596167749.097868,21.602168083190918,0,0
1596167749.107868,23.401522636413574,0,0
1596167749.117868,25.201091766357422,0,0
1596167749.127868,27.003321647644043,0,0
1596167749.137868,28.801517486572266,0,0
1596167749.147868,30.60044288635254,0,0
1596167749.157868,32.40044116973877,0,0
1596167749.167868,34.20288562774658,0,0
1596167749.177868,36.00121021270752,0,0
1596167749.1878679,37.8004789352417,0,0
1596167749.1978679,39.6031379699707,0,0
1596167749.2078679,41.40317916870117,0,0
1596167749.2178679,43.20154666900635,0,0
1596167749.2278678,45.001587867736816,0,0
1596167749.2378678,46.80094242095947,0,0
1596167749.2478678,48.601627349853516,0,0
1596167749.2578678,50.401926040649414,0,0
1596167749.2678678,52.2009801864624,0,0
1596167749.2778678,54.00278091430664,0,0
1596167749.2878678,55.80273628234863,0,0
1596167749.2978678,57.602949142456055,0,0
1596167749.3078678,59.40041542053223,0,0
1596167749.3178678,61.20178699493408,0,0
1596167749.3278677,63.002257347106934,0,0
1596167749.3378677,64.80247020721436,0,0
1596167749.3478677,66.60212516784668,0,0
1596167749.3578677,68.40100765228271,0,0
1596167749.3678677,70.20302295684814,0,0
1596167749.3778677,72.00284957885742,0,0
1596167749.3878677,73.80053043365479,0,0
1596167749.3978677,75.60009956359863,0,0
1596167749.4078677,77.40087032318115,0,0
1596167749.4178677,79.20116901397705,0,0
1596167749.4278677,81.00245475769043,0,0
1596167749.4378676,82.80326843261719,0,0
1596167749.4478676,84.60300922393799,0,0
1596167749.4578676,86.40292167663574,0,0
1596167749.4678676,88.20240497589111,0,0
1596167749.4778676,90.00094413757324,0,0
1596167749.4878676,91.80227279663086,0,0
1596167749.4978676,93.60270023345947,0,0
1596167749.5078676,95.4008960723877,0,0
1596167749.5178676,97.20140933990479,0,0
1596167749.5278676,99.00046348571777,0,0
1596167749.5378675,100.8001184463501,0,0
1596167749.5478675,102.60337829589844,0,0
1596167749.5578675,104.40260410308838,0,0
1596167749.5678675,106.20204448699951,0,0
1596167749.5778675,108.00281524658203,0,0
1596167749.5878675,109.80156898498535,0,0
1596167749.5978675,111.60100936889648,0,0
1596167749.6078675,113.40160846710205,0,0
1596167749.6178675,115.20280838012695,0,0
1596167749.6278675,117.0018196105957,0,0
1596167749.6378675,118.8003158569336,0,0
1596167749.6478674,120.60091495513916,0,0
1596167749.6578674,122.40207195281982,0,0
1596167749.6678674,124.20116901397705,0,0
1596167749.6778674,126.00121021270752,0,0
1596167749.6878674,127.80112266540527,0,0
1596167749.6978674,129.6014642715454,0,0
1596167749.7078674,131.40339374542236,0,0
1596167749.7178674,133.20128917694092,0,0
1596167749.7278674,135.0002145767212,0,0
1596167749.7378674,136.8021011352539,0,0
1596167749.7478673,138.60046863555908,0,0
1596167749.7578673,140.40153980255127,0,0
1596167749.7678673,142.20145225524902,0,0
1596167749.7778673,144.00243759155273,0,0
1596167749.7878673,145.8003330230713,0,0
1596167749.7978673,147.59990215301514,0,0
1596167749.8078673,149.4017457962036,0,0
1596167749.8178673,151.20311737060547,0,0
1596167749.8278673,153.0005407333374,0,0
1596167749.8378673,154.80092525482178,0,0
1596167749.8478673,156.6011381149292,0,0
1596167749.8578672,158.40229511260986,0,0
1596167749.8678672,160.2009630203247,0,0
1596167749.8778672,162.00220584869385,0,0
1596167749.8878672,163.8026762008667,0,0
1596167749.8978672,165.60155868530273,0,0
1596167749.9078672,167.4008274078369,0,0
1596167749.9178672,169.20194149017334,0,0
1596167749.9278672,171.00103855133057,0,0
1596167749.9378672,172.80035018920898,0,0
1596167749.9478672,174.6015501022339,0,0
1596167749.9578671,176.40081882476807,0,0
1596167749.9678671,178.20120334625244,0,0
1596167749.9778671,179.99991416931152,0,0
1596167749.987867,181.80115699768066,0,0
1596167749.997867,183.60106945037842,0,0
1596167750.0050657,184.89556789398193,0,0
1596167750.0050657,184.89556789398193,0.0,0
1596167750.007867,185.3999948501587,0.0,0
1596167750.0114276,186.04072093963623,0.0,0
1596167750.0114276,186.04072093963623,0.0,0
1596167750.017867,187.20192432403564,0.0,0
1596167750.027867,189.00282382965088,0.0,0
1596167750.037867,190.80196380615234,0.0,0
1596167750.047867,192.6020908355713,0.0,0
1596167750.057867,194.40135955810547,0.0,0
1596167750.067867,196.20097160339355,0.0,0
1596167750.077867,198.0025577545166,0.0,0
1596167750.087867,199.80002403259277,0.0,0
1596167750.097867,201.6007947921753,0.0,0
1596167750.107867,203.40152263641357,0.0,0
1596167750.117867,205.20087718963623,0.0,0
1596167750.127867,207.00164794921875,0.0,0
1596167750.137867,208.80091667175293,0.0,0
1596167750.147867,210.60254573822021,0.0,0
1596167750.157867,212.40232944488525,0.0,0
1596167750.167867,214.20142650604248,0.0,0
1596167750.177867,216.00048065185547,0.0,0
1596167750.187867,217.8024959564209,0.0,0
1596167750.197867,219.60086345672607,0.0,0
1596167750.207867,221.3999605178833,0.0,0
1596167750.217867,223.20287704467773,0.0,0
1596167750.227867,225.00184535980225,0.0,0
1596167750.2378669,226.800856590271,0.0,0
1596167750.2478669,228.60265731811523,0.0,0
1596167750.2578669,230.40261268615723,0.0,0
1596167750.2678668,232.20140933990479,0.0,0
1596167750.2778668,233.9999485015869,0.0,0
1596167750.2878668,235.80007553100586,0.0,0
1596167750.2978668,237.6020908355713,0.0,0
1596167750.3078668,239.40101623535156,0.0,0
1596167750.3178668,241.20264530181885,0.0,0
1596167750.3278668,243.00011157989502,0.0,0
1596167750.3378668,244.80315685272217,0.0,0
1596167750.3478668,246.60088062286377,0.0,0
1596167750.3578668,248.40139389038086,0.0,0
1596167750.3678668,250.20263671875,0.0,0
1596167750.3778667,252.00027465820312,0.0,0
1596167750.3878667,253.80186080932617,0.0,0
1596167750.3978667,255.6001853942871,0.0,0
1596167750.4078667,257.4026298522949,0.0,0
1596167750.4178667,259.20073986053467,0.0,0
1596167750.4278667,261.00279808044434,0.0,0
1596167750.4378667,262.8006935119629,0.0,0
1596167750.4478667,264.6015501022339,0.0,0
1596167750.4578667,266.40137672424316,0.0,0
1596167750.4678667,268.20051670074463,0.0,0
1596167750.4778666,270.00017166137695,0.0,0
1596167750.4878666,271.8003845214844,0.0,0
1596167750.4978666,273.60235691070557,0.0,0
1596167750.5078666,275.40162563323975,0.0,0
1596167750.5178666,277.2008514404297,0.0,0
1596167750.5278666,279.00145053863525,0.0,0
1596167750.5378666,280.800461769104,0.0,0
1596167750.5478666,282.6017904281616,0.0,0
1596167750.5578666,284.4006299972534,0.0,0
1596167750.5678666,286.20251655578613,0.0,0
1596167750.5778666,287.9997682571411,0.0,0
1596167750.5878665,289.80199813842773,0.0,0
1596167750.5978665,291.602725982666,0.0,0
1596167750.6078665,293.4018659591675,0.0,0
1596167750.6178665,295.1997184753418,0.0,0
1596167750.6278665,297.0002317428589,0.0,0
1596167750.6378665,298.8010883331299,0.0,0
1596167750.6478665,300.5997562408447,0.0,0
1596167750.6578665,302.400484085083,0.0,0
1596167750.6678665,304.2008686065674,0.0,0
1596167750.6778665,306.0013818740845,0.0,0
1596167750.6878664,307.80253887176514,0.0,0
1596167750.6978664,309.60004806518555,0.0,0
1596167750.7078664,311.4015054702759,0.0,0
1596167750.7178664,313.200945854187,0.0,0
1596167750.7278664,315.00150203704834,0.0,0
1596167750.7378664,316.80261611938477,0.0,0
1596167750.7478664,318.6027431488037,0.0,0
1596167750.7578664,320.40153980255127,0.0,0
1596167750.7678664,322.2032117843628,0.0,0
1596167750.7778664,324.0017509460449,0.0,0
1596167750.7878664,325.80140590667725,0.0,0
1596167750.7978663,327.6028633117676,0.0,0
1596167750.8078663,329.40088748931885,0.0,0
1596167750.8178663,331.20195865631104,0.0,0
1596167750.8278663,332.99993991851807,0.0,0
1596167750.8378663,334.80302810668945,0.0,0
1596167750.8478663,336.60186767578125,0.0,0
1596167750.8578663,338.4001922607422,0.0,0
1596167750.8678663,340.2027225494385,0.0,0
1596167750.8778663,341.99997425079346,0.0,0
1596167750.8878663,343.80083084106445,0.0,0
1596167750.8978662,345.6027603149414,0.0,0
1596167750.9078662,347.4022436141968,0.0,0
1596167750.9178662,349.2026710510254,0.0,0
1596167750.9278662,351.0017251968384,0.0,0
1596167750.9378662,352.7997922897339,0.0,0
1596167750.9478662,354.60094928741455,0.0,0
1596167750.9578662,356.4013338088989,0.0,0
1596167750.9678662,358.202919960022,0.0,0
1596167750.9778848,360,0.0,1
1596167750.9778848,0,0,0
1596167750.9878848,1.8014144897460938,0,0
1596167750.9978848,3.601369857788086,0,0
1596167751.0078847,5.401883125305176,0,0
1596167751.0178847,7.202868461608887,0,0
1596167751.0278847,9.003167152404785,0,0
1596167751.0378847,10.801148414611816,0,0
1596167751.0478847,12.60106086730957,0,0
1596167751.0578847,14.403247833251953,0,0
1596167751.0678847,16.201658248901367,0,0
1596167751.0778847,18.003458976745605,0,0
1596167751.0878847,19.802727699279785,0,0
1596167751.0978847,21.60135269165039,0,0
1596167751.1078846,23.40336799621582,0,0
1596167751.1178846,25.20036220550537,0,0
1596167751.1278846,27.0029354095459,0,0
1596167751.1378846,28.80044460296631,0,0
1596167751.1478846,30.60314655303955,0,0
1596167751.1578846,32.402329444885254,0,0
1596167751.1678846,34.20241355895996,0,0
1596167751.1778846,36.000823974609375,0,0
1596167751.1878846,37.80245304107666,0,0
1596167751.1978846,39.60270881652832,0,0
1596167751.2078846,41.40150547027588,0,0
1596167751.2178845,43.20326328277588,0,0
1596167751.2278845,45.001630783081055,0,0
1596167751.2378845,46.800384521484375,0,0
1596167751.2478845,48.60029697418213,0,0
1596167751.2578845,50.402398109436035,0,0
1596167751.2678845,52.20020771026611,0,0
1596167751.2778845,54.00282382965088,0,0
1596167751.2878845,55.80209255218506,0,0
1596167751.2978845,57.60324954986572,0,0
1596167751.3078845,59.40028667449951,0,0
1596167751.3178844,61.20062828063965,0,0
1596167751.3278844,63.00315856933594,0,0
1596167751.3378844,64.80255603790283,0,0
1596167751.3478844,66.60173892974854,0,0
1596167751.3578844,68.40302467346191,0,0
1596167751.3678844,70.20160675048828,0,0
1596167751.3778844,72.00117588043213,0,0
1596167751.3878844,73.80228996276855,0,0
1596167751.3978844,75.60117244720459,0,0
1596167751.4078844,77.4006986618042,0,0
1596167751.4178843,79.20327186584473,0,0
1596167751.4278843,81.00258350372314,0,0
1596167751.4378843,82.80035018920898,0,0
1596167751.4478843,84.60043430328369,0,0
1596167751.4578843,86.40090465545654,0,0
1596167751.4678843,88.20167541503906,0,0
1596167751.4778843,90.00064373016357,0,0
1596167751.4878843,91.80313110351562,0,0
1596167751.4978843,93.60029697418213,0,0
1596167751.5078843,95.40158271789551,0,0
1596167751.5178843,97.20278263092041,0,0
1596167751.5278842,99.0027379989624,0,0
1596167751.5378842,100.80295085906982,0,0
1596167751.5478842,102.60170459747314,0,0
1596167751.5578842,104.40011501312256,0,0
1596167751.5678842,106.20217323303223,0,0
1596167751.5778842,108.0019998550415,0,0
1596167751.5878842,109.8017406463623,0,0
1596167751.5978842,111.60238265991211,0,0
1596167751.6078842,113.40263843536377,0,0
1596167751.6178842,115.20315170288086,0,0
1596167751.6278841,117.00070381164551,0,0
1596167751.6378841,118.79988670349121,0,0
1596167751.6478841,120.59988498687744,0,0
1596167751.6578841,122.40237236022949,0,0
1596167751.667884,124.2018985748291,0,0
1596167751.677884,126.00258350372314,0,0
1596167751.687884,127.80202388763428,0,0
1596167751.697884,129.60206508636475,0,0
1596167751.707884,131.4032220840454,0,0
1596167751.717884,133.20326328277588,0,0
1596167751.727884,135.0013303756714,0,0
1596167751.737884,136.80222988128662,0,0
1596167751.747884,138.60291481018066,0,0
1596167751.757884,140.402569770813,0,0
1596167751.767884,142.2023105621338,0,0
1596167751.777884,144.00145053863525,0,0
1596167751.787884,145.8024787902832,0,0
1596167751.797884,147.60033130645752,0,0
1596167751.807884,149.40101623535156,0,0
1596167751.817884,151.2026023864746,0,0
1596167751.827884,153.00294399261475,0,0
1596167751.837884,154.80178356170654,0,0
1596167751.847884,156.60040855407715,0,0
1596167751.857884,158.40229511260986,0,0
1596167751.867884,160.20169258117676,0,0
1596167751.877884,162.0023775100708,0,0
1596167751.887884,163.8032341003418,0,0
1596167751.897884,165.60001373291016,0,0
1596167751.907884,167.401385307312,0,0
1596167751.9178839,169.2021131515503,0,0
1596167751.9278839,171.00009441375732,0,0
1596167751.9378839,172.80004978179932,0,0
1596167751.9478838,174.6031379699707,0,0
1596167751.9578838,176.40146255493164,0,0
1596167751.9678838,178.2010316848755,0,0
1596167751.9778838,180.00137329101562,0,0
1596167751.9878838,181.80047035217285,0,0
1596167751.9978838,183.600811958313,0,0
1596167752.0052967,184.93414878845215,0,0
1596167752.0052967,184.93414878845215,0.0,0
1596167752.0078838,185.4026985168457,0.0,0
1596167752.0104077,185.85412502288818,0.0,0
1596167752.0104077,185.85412502288818,0.0,0
1596167752.0178838,187.20205307006836,0.0,0
1596167752.0278838,188.9999485015869,0.0,0
1596167752.0378838,190.801362991333,0.0,0
1596167752.0478837,192.6020050048828,0.0,0
1596167752.0578837,194.40080165863037,0.0,0
1596167752.0678837,196.20028495788574,0.0,0
1596167752.0778837,198.0032444000244,0.0,0
1596167752.0878837,199.8008394241333,0.0,0
1596167752.0978837,201.60285472869873,0.0,0
1596167752.1078837,203.4003210067749,0.0,0
1596167752.1178837,205.20074844360352,0.0,0
1596167752.1278837,206.99997425079346,0.0,0
1596167752.1378837,208.80151748657227,0.0,0
1596167752.1478837,210.6031036376953,0.0,0
1596167752.1578836,212.40245819091797,0.0,0
1596167752.1678836,214.2027997970581,0.0,0
1596167752.1778836,216.00181102752686,0.0,0
1596167752.1878836,217.80176639556885,0.0,0
1596167752.1978836,219.60163593292236,0.0,0
1596167752.2078836,221.40103340148926,0.0,0
1596167752.2178836,223.2006025314331,0.0,0
1596167752.2278836,225.0025749206543,0.0,0
1596167752.2378836,226.8025302886963,0.0,0
1596167752.2478836,228.60064029693604,0.0,0
1596167752.2578835,230.40115356445312,0.0,0
1596167752.2678835,232.1998643875122,0.0,0
1596167752.2778835,234.00187969207764,0.0,0
1596167752.2878835,235.80312252044678,0.0,0
1596167752.2978835,237.60239124298096,0.0,0
1596167752.3078835,239.4010591506958,0.0,0
1596167752.3178835,241.20311737060547,0.0,0
1596167752.3278835,243.00169944763184,0.0,0
1596167752.3378835,244.80036735534668,0.0,0
1596167752.3478835,246.6022539138794,0.0,0
1596167752.3578835,248.40238094329834,0.0,0
1596167752.3678834,250.20216464996338,0.0,0
1596167752.3778834,252.00194835662842,0.0,0
1596167752.3878834,253.8013458251953,0.0,0
1596167752.3978834,255.60237407684326,0.0,0
1596167752.4078834,257.4011707305908,0.0,0
1596167752.4178834,259.20297145843506,0.0,0
1596167752.4278834,261.0023260116577,0.0,0
1596167752.4378834,262.8018093109131,0.0,0
1596167752.4478834,264.5998764038086,0.0,0
1596167752.4578834,266.4027500152588,0.0,0
1596167752.4678833,268.2026195526123,0.0,0
1596167752.4778833,270.0025749206543,0.0,0
1596167752.4878833,271.8016719818115,0.0,0
1596167752.4978833,273.6030435562134,0.0,0
1596167752.5078833,275.3999090194702,0.0,0
1596167752.5178833,277.20179557800293,0.0,0
1596167752.5278833,279.0014934539795,0.0,0
1596167752.5378833,280.80084800720215,0.0,0
1596167752.5478833,282.5999879837036,0.0,0
1596167752.5578833,284.4023036956787,0.0,0
1596167752.5678833,286.20118618011475,0.0,0
1596167752.5778832,288.0031156539917,0.0,0
1596167752.5878832,289.80032444000244,0.0,0
1596167752.5978832,291.6016101837158,0.0,0
1596167752.6078832,293.4010934829712,0.0,0
1596167752.6178832,295.2019500732422,0.0,0
1596167752.6278832,297.00130462646484,0.0,0
1596167752.6378832,298.8012170791626,0.0,0
1596167752.6478832,300.6028461456299,0.0,0
1596167752.6578832,302.40245819091797,0.0,0
1596167752.6678832,304.20104026794434,0.0,0
1596167752.6778831,306.00022315979004,0.0,0
1596167752.6878831,307.80022144317627,0.0,0
1596167752.6978831,309.601035118103,0.0,0
1596167752.7078831,311.40103340148926,0.0,0
1596167752.717883,313.20098876953125,0.0,0
1596167752.727883,315.00231742858887,0.0,0
1596167752.737883,316.8009424209595,0.0,0
1596167752.747883,318.60179901123047,0.0,0
1596167752.757883,320.40231227874756,0.0,0
1596167752.767883,322.20261096954346,0.0,0
1596167752.777883,324.0002489089966,0.0,0
1596167752.787883,325.8017921447754,0.0,0
1596167752.797883,327.60303497314453,0.0,0
1596167752.807883,329.40110206604004,0.0,0
1596167752.817883,331.2017869949341,0.0,0
1596167752.827883,333.00238609313965,0.0,0
1596167752.837883,334.80122566223145,0.0,0
1596167752.847883,336.6029405593872,0.0,0
1596167752.857883,338.4006643295288,0.0,0
1596167752.867883,340.20190715789795,0.0,0
1596167752.877883,342.00006008148193,0.0,0
1596167752.887883,343.80117416381836,0.0,0
1596167752.897883,345.6003141403198,0.0,0
1596167752.907883,347.4020290374756,0.0,0
1596167752.917883,349.2005252838135,0.0,0
1596167752.927883,351.00202560424805,0.0,0
1596167752.937883,352.8024101257324,0.0,0
1596167752.947883,354.60073471069336,0.0,0
1596167752.957883,356.4027500152588,0.0,0
1596167752.9678829,358.2001733779907,0.0,0
1596167752.977896,360,0.0,1
1596167752.977896,0,0,0
1596167752.987896,1.8027448654174805,0,0
1596167752.997896,3.6003828048706055,0,0
