Type = Mirollor Strogatz (-ish),Function = Peskin,Refract =0.05,Epsilon =0.3,Gamma =3,Start_phase =225
Timestamp,Phase,Offset,Ping?
1596167538,225,0,0
1596167538.01,226.79510593414307,1.25,0
1596167538.02,228.59664916992188,1.25,0
1596167538.03,230.39600372314453,1.25,0
1596167538.04,232.1958303451538,1.25,0
1596167538.05,233.99428367614746,1.25,0
1596167538.06,235.796856880188,1.25,0
1596167538.07,237.59578227996826,1.25,0
1596167538.08,239.39663887023926,1.25,0
1596167538.09,241.19431972503662,1.25,0
1596167538.1,242.99547672271729,1.25,0
1596167538.11,244.79530334472656,1.25,0
1596167538.12,246.59465789794922,1.25,0
1596167538.1299999,248.39714527130127,1.25,0
1596167538.1399999,250.19516944885254,1.25,0
1596167538.1499999,251.9972276687622,1.25,0
1596167538.1599998,253.79529476165771,1.25,0
1596167538.1699998,255.59396266937256,1.25,0
1596167538.1799998,257.3947763442993,1.25,0
1596167538.1899998,259.196834564209,1.25,0
1596167538.1999998,260.99451541900635,1.25,0
1596167538.2099998,262.7972173690796,1.25,0
1596167538.2199998,264.5957136154175,1.25,0
1596167538.2299998,266.39395236968994,1.25,0
1596167538.2399998,268.19515228271484,1.25,0
1596167538.2499998,269.99669551849365,1.25,0
1596167538.2599998,271.7942476272583,1.25,0
1596167538.2699997,273.5948896408081,1.25,0
1596167538.2799997,275.39681911468506,1.25,0
1596167538.2899997,277.19419956207275,1.25,0
1596167538.2999997,278.99707317352295,1.25,0
1596167538.3099997,280.7965564727783,1.25,0
1596167538.3199997,282.59531021118164,1.25,0
1596167538.3299997,284.3943214416504,1.25,0
1596167538.3399997,286.1939334869385,1.25,0
1596167538.3499997,287.9959487915039,1.25,0
1596167538.3599997,289.79719161987305,1.25,0
1596167538.3699996,291.5957307815552,1.25,0
1596167538.3799996,293.39409828186035,1.25,0
1596167538.3899996,295.19688606262207,1.25,0
1596167538.3999996,296.994309425354,1.25,0
1596167538.4099996,298.7961959838867,1.25,0
1596167538.4199996,300.5965805053711,1.25,0
1596167538.4299996,302.3937463760376,1.25,0
1596167538.4399996,304.1950750350952,1.25,0
1596167538.4499996,305.9947729110718,1.25,0
1596167538.4599996,307.7970027923584,1.25,0
1596167538.4699996,309.5940399169922,1.25,0
1596167538.4799995,311.39373779296875,1.25,0
1596167538.4899995,313.19382190704346,1.25,0
1596167538.4999995,314.99480724334717,1.25,0
1596167538.5099995,316.7940330505371,1.25,0
1596167538.5199995,318.59604835510254,1.25,0
1596167538.5299995,320.3945016860962,1.25,0
1596167538.5399995,322.19630241394043,1.25,0
1596167538.5499995,323.99617195129395,1.25,0
1596167538.5599995,325.795955657959,1.25,0
1596167538.5699995,327.5947952270508,1.25,0
1596167538.5799994,329.3962097167969,1.25,0
1596167538.5899994,331.19444847106934,1.25,0
1596167538.5999994,332.9969787597656,1.25,0
1596167538.6099994,334.79461669921875,1.25,0
1596167538.6199994,336.594614982605,1.25,0
1596167538.6299994,338.3969736099243,1.25,0
1596167538.6399994,340.1967144012451,1.25,0
1596167538.6499994,341.99662685394287,1.25,0
1596167538.6599994,343.7943935394287,1.25,0
1596167538.6699994,345.596022605896,1.25,0
1596167538.6799994,347.3956346511841,1.25,0
1596167538.6899993,349.1959762573242,1.25,0
1596167538.6999993,350.9959316253662,1.25,0
1596167538.7099993,352.79412746429443,1.25,0
1596167538.7199993,354.59648609161377,1.25,0
1596167538.7299993,356.3950252532959,1.25,0
1596167538.7399993,358.19695472717285,1.25,0
1596167538.7499993,359.99476432800293,1.25,0
1596167538.7500477,360,1.25,1
1596167538.7500477,0,0,0
1596167538.7600477,1.8011999130249023,0,0
1596167538.7700477,3.6015844345092773,0,0
1596167538.7800477,5.402226448059082,0,0
1596167538.7900476,7.202439308166504,0,0
1596167538.8000476,9.000635147094727,0,0
1596167538.804987,9.889068603515625,0,0
1596167538.804987,60.26819274612365,0.27988402301448906,0
1596167538.8100476,61.17941425033508,0.27988402301448906,0
1596167538.8200476,62.97911212631164,0.27988402301448906,0
1596167538.8300476,64.78147075363098,0.27988402301448906,0
1596167538.8400476,66.58241317459046,0.27988402301448906,0
1596167538.8500476,68.38013694473206,0.27988402301448906,0
1596167538.8600476,70.18129394241272,0.27988402301448906,0
1596167538.8700476,71.98047683425843,0.27988402301448906,0
1596167538.8800476,73.78124759384094,0.27988402301448906,0
1596167538.8900476,75.58111713119446,0.27988402301448906,0
1596167538.9000475,77.37914130874573,0.27988402301448906,0
1596167538.9100475,79.18055579849182,0.27988402301448906,0
1596167538.9200475,80.98141238876282,0.27988402301448906,0
1596167538.9300475,82.77926490493714,0.27988402301448906,0
1596167538.9400475,84.582438923797,0.27988402301448906,0
1596167538.9500475,86.38196513839661,0.27988402301448906,0
1596167538.9600475,88.18059013076721,0.27988402301448906,0
1596167538.9700475,89.98015926071106,0.27988402301448906,0
1596167538.9800475,91.77912757583556,0.27988402301448906,0
1596167538.9900475,93.57938335128722,0.27988402301448906,0
1596167539.0000474,95.37968204208312,0.27988402301448906,0
1596167539.0100474,97.17980907150206,0.27988402301448906,0
1596167539.0200474,98.9821676988214,0.27988402301448906,0
1596167539.0300474,100.77967689224181,0.27988402301448906,0
1596167539.0400474,102.58036182113585,0.27988402301448906,0
1596167539.0500474,104.38023135848937,0.27988402301448906,0
1596167539.0600474,106.18040130325255,0.27988402301448906,0
1596167539.0700474,107.98203036971984,0.27988402301448906,0
1596167539.0800474,109.78112743087706,0.27988402301448906,0
1596167539.0900474,111.58245608993468,0.27988402301448906,0
1596167539.1000473,113.38163898178038,0.27988402301448906,0
1596167539.1100473,115.18065021224913,0.27988402301448906,0
1596167539.1200473,116.98047683425841,0.27988402301448906,0
1596167539.1300473,118.77978847213683,0.27988402301448906,0
1596167539.1400473,120.57910011001525,0.27988402301448906,0
1596167539.1500473,122.37987086959777,0.27988402301448906,0
1596167539.1600473,124.17943999954161,0.27988402301448906,0
1596167539.1700473,125.98201320358214,0.27988402301448906,0
1596167539.1800473,127.77930782028136,0.27988402301448906,0
1596167539.1900473,129.57982108779845,0.27988402301448906,0
1596167539.2000473,131.3801626939386,0.27988402301448906,0
1596167539.2100472,133.18144843765197,0.27988402301448906,0
1596167539.2200472,134.98114631362853,0.27988402301448906,0
1596167539.2300472,136.78114459701476,0.27988402301448906,0
1596167539.2400472,138.58247325607238,0.27988402301448906,0
1596167539.2500472,140.38229987808165,0.27988402301448906,0
1596167539.2600472,142.18023822494445,0.27988402301448906,0
1596167539.2700472,143.98203895278868,0.27988402301448906,0
1596167539.2800472,145.77916190811095,0.27988402301448906,0
1596167539.2900472,147.58203551956115,0.27988402301448906,0
1596167539.3000472,149.38156173416075,0.27988402301448906,0
1596167539.3100471,151.18014381118712,0.27988402301448906,0
1596167539.3200471,152.98061416335997,0.27988402301448906,0
1596167539.3300471,154.78108451553283,0.27988402301448906,0
1596167539.3400471,156.58103988357482,0.27988402301448906,0
1596167539.350047,158.3804373521417,0.27988402301448906,0
1596167539.360047,160.1803927201837,0.27988402301448906,0
1596167539.370047,161.98167846389708,0.27988402301448906,0
1596167539.380047,163.7803034562677,0.27988402301448906,0
1596167539.390047,165.5815033692926,0.27988402301448906,0
1596167539.400047,167.38201663680968,0.27988402301448906,0
1596167539.410047,169.1796545762628,0.27988402301448906,0
1596167539.420047,170.9796099443048,0.27988402301448906,0
1596167539.430047,172.78141067214904,0.27988402301448906,0
1596167539.440047,174.57922027297911,0.27988402301448906,0
1596167539.450047,176.38093517013488,0.27988402301448906,0
1596167539.460047,178.17960307784972,0.27988402301448906,0
1596167539.470047,179.98050258346495,0.27988402301448906,0
1596167539.480047,181.78183124252257,0.27988402301448906,0
1596167539.490047,183.57934043594298,0.27988402301448906,0
1596167539.500047,185.38058326431212,0.27988402301448906,0
1596167539.510047,187.18216941543517,0.27988402301448906,0
1596167539.520047,188.9823822755426,0.27988402301448906,0
1596167539.530047,190.7796768922418,0.27988402301448906,0
1596167539.540047,192.58057639785704,0.27988402301448906,0
1596167539.550047,194.38156173416075,0.27988402301448906,0
1596167539.560047,196.18173167892394,0.27988402301448906,0
1596167539.570047,197.98022792526183,0.27988402301448906,0
1596167539.580047,199.78220031448302,0.27988402301448906,0
1596167539.590047,201.58172652908263,0.27988402301448906,0
1596167539.6000469,203.382111050567,0.27988402301448906,0
1596167539.6100469,205.17919109054503,0.27988402301448906,0
1596167539.6200469,206.98004768081603,0.27988402301448906,0
1596167539.6300468,208.77910182662902,0.27988402301448906,0
1596167539.6400468,210.58124587722716,0.27988402301448906,0
1596167539.6500468,212.38038585372863,0.27988402301448906,0
1596167539.6600468,214.1804270524591,0.27988402301448906,0
1596167539.6700468,215.98055408187804,0.27988402301448906,0
1596167539.6800468,217.78050944992003,0.27988402301448906,0
1596167539.6876075,219.13989589401183,0.27988402301448906,0
1596167539.6876075,219.13989589401183,0.27988402301448906,0
1596167539.6900468,219.58003566451964,0.27988402301448906,0
1596167539.7000468,221.3815359849542,0.27988402301448906,0
1596167539.7100468,223.1817059297174,0.27988402301448906,0
1596167539.7200468,224.98131797500548,0.27988402301448906,0
1596167539.7300467,226.78226039596495,0.27988402301448906,0
1596167539.7400467,228.58208701797423,0.27988402301448906,0
1596167539.7500467,230.3795532960504,0.27988402301448906,0
1596167539.7600467,232.18101070114074,0.27988402301448906,0
1596167539.7700467,233.98088023849425,0.27988402301448906,0
1596167539.7800467,235.78070686050353,0.27988402301448906,0
1596167539.7900467,237.58100555129943,0.27988402301448906,0
1596167539.8000467,239.38143298812804,0.27988402301448906,0
1596167539.8100467,241.18010089584288,0.27988402301448906,0
1596167539.8200467,242.98100040145812,0.27988402301448906,0
1596167539.8300467,244.78224322982726,0.27988402301448906,0
1596167539.8400466,246.57988116928038,0.27988402301448906,0
1596167539.8500466,248.38138148971495,0.27988402301448906,0
1596167539.8600466,250.1792769212335,0.27988402301448906,0
1596167539.8700466,251.98154971786437,0.27988402301448906,0
1596167539.8800466,253.7806467790216,0.27988402301448906,0
1596167539.8900466,255.58171794601378,0.27988402301448906,0
1596167539.9000466,257.38231704421935,0.27988402301448906,0
1596167539.9100466,259.1804270524591,0.27988402301448906,0
1596167539.9200466,260.9791378755182,0.27988402301448906,0
1596167539.9300466,262.7793507356256,0.27988402301448906,0
1596167539.9400465,264.5814518708795,0.27988402301448906,0
1596167539.9500465,266.3793043870538,0.27988402301448906,0
1596167539.9600465,268.18084762283263,0.27988402301448906,0
1596167539.9700465,269.97891471572814,0.27988402301448906,0
1596167539.9800465,271.78024337478575,0.27988402301448906,0
1596167539.9900465,273.5791258592218,0.27988402301448906,0
1596167540.0000465,275.3797678727716,0.27988402301448906,0
1596167540.0100465,277.17933700271544,0.27988402301448906,0
1596167540.0200465,278.9795069474786,0.27988402301448906,0
1596167540.0300465,280.7799772996515,0.27988402301448906,0
1596167540.0400465,282.58190677352843,0.27988402301448906,0
1596167540.0500464,284.3805746812433,0.27988402301448906,0
1596167540.0600464,286.18143127151427,0.27988402301448906,0
1596167540.0700464,287.98237369247374,0.27988402301448906,0
1596167540.0800464,289.78099868484435,0.27988402301448906,0
1596167540.0900464,291.5823702592462,0.27988402301448906,0
1596167540.1000464,293.38228271194396,0.27988402301448906,0
1596167540.1100464,295.1819376725763,0.27988402301448906,0
1596167540.1200464,296.9806914109796,0.27988402301448906,0
1596167540.1300464,298.78094718643126,0.27988402301448906,0
1596167540.1400464,300.58180377670226,0.27988402301448906,0
1596167540.1500463,302.3815874833673,0.27988402301448906,0
1596167540.1600463,304.18162868209777,0.27988402301448906,0
1596167540.1700463,305.9810690660089,0.27988402301448906,0
1596167540.1800463,307.7820114869684,0.27988402301448906,0
1596167540.1900463,309.5790056962579,0.27988402301448906,0
1596167540.2000463,311.37969062515197,0.27988402301448906,0
1596167540.2100463,313.1811480302423,0.27988402301448906,0
1596167540.2200463,314.98106048294005,0.27988402301448906,0
1596167540.2300463,316.7813162583917,0.27988402301448906,0
1596167540.2400463,318.5815720338434,0.27988402301448906,0
1596167540.2500463,320.38071201034484,0.27988402301448906,0
1596167540.2600462,322.1822123307794,0.27988402301448906,0
1596167540.2700462,323.97929237075743,0.27988402301448906,0
1596167540.2800462,325.78195140548644,0.27988402301448906,0
1596167540.2900462,327.58216426559386,0.27988402301448906,0
1596167540.3000462,329.38233421035704,0.27988402301448906,0
1596167540.3100462,331.18095920272765,0.27988402301448906,0
1596167540.3200462,332.9788546342462,0.27988402301448906,0
1596167540.3300462,334.7808270234674,0.27988402301448906,0
1596167540.3400462,336.5821127671808,0.27988402301448906,0
1596167540.3500462,338.382111050567,0.27988402301448906,0
1596167540.3600461,340.1797060746759,0.27988402301448906,0
1596167540.3700461,341.982021786651,0.27988402301448906,0
1596167540.3800461,343.7806467790216,0.27988402301448906,0
1596167540.3900461,345.5799155015558,0.27988402301448906,0
1596167540.400046,347.3802141923517,0.27988402301448906,0
1596167540.410046,349.1814141053766,0.27988402301448906,0
1596167540.420046,350.98132655807433,0.27988402301448906,0
1596167540.430046,352.78085277267394,0.27988402301448906,0
1596167540.440046,354.5811085481256,0.27988402301448906,0
1596167540.450046,356.3788323182672,0.27988402301448906,0
1596167540.460046,358.1821350831598,0.27988402301448906,0
1596167540.470046,359.9816612977594,0.27988402301448906,0
1596167540.470182,360,0.27988402301448906,1
1596167540.470182,0,0,0
1596167540.480182,1.800084114074707,0,0
1596167540.490182,3.60201358795166,0,0
1596167540.500182,5.402956008911133,0,0
1596167540.510182,7.201409339904785,0,0
1596167540.520182,9.002652168273926,0,0
1596167540.530182,10.802693367004395,0,0
1596167540.5401819,12.60230541229248,0,0
1596167540.5501819,14.401531219482422,0,0
1596167540.5601819,16.202216148376465,0,0
1596167540.5701818,18.001999855041504,0,0
1596167540.5801818,19.80113983154297,0,0
1596167540.5901818,21.60186767578125,0,0
1596167540.6001818,23.401007652282715,0,0
1596167540.6101818,25.203065872192383,0,0
1596167540.6201818,27.000274658203125,0,0
1596167540.6301818,28.80289077758789,0,0
1596167540.6401818,30.600485801696777,0,0
1596167540.6501818,32.40288734436035,0,0
1596167540.6601818,34.202842712402344,0,0
1596167540.6701818,36.000609397888184,0,0
1596167540.6801817,37.80090808868408,0,0
1596167540.6901817,39.602580070495605,0,0
1596167540.7001817,41.40073299407959,0,0
1596167540.7101817,43.20304870605469,0,0
1596167540.7201817,45.00124454498291,0,0
1596167540.7301817,46.80248737335205,0,0
1596167540.7401817,48.60222816467285,0,0
1596167540.7501817,50.4012393951416,0,0
1596167540.7601817,52.20175266265869,0,0
1596167540.7701817,54.00007724761963,0,0
1596167540.7801816,55.80003261566162,0,0
1596167540.7901816,57.602176666259766,0,0
1596167540.8001816,59.4010591506958,0,0
1596167540.8039734,60.08246898651123,0,0
1596167540.8039734,148.381477848987,0.49055004923597645,0
1596167540.8101816,149.501182095508,0.49055004923597645,0
1596167540.8201816,151.30212451646747,0.49055004923597645,0
1596167540.8301816,153.1017794770998,0.49055004923597645,0
1596167540.8401816,154.89903117845478,0.49055004923597645,0
1596167540.8501816,156.70040275285663,0.49055004923597645,0
1596167540.8601816,158.5004439515871,0.49055004923597645,0
1596167540.8701816,160.30211593339862,0.49055004923597645,0
1596167540.8801816,162.10091258714618,0.49055004923597645,0
1596167540.8901815,163.89992381761493,0.49055004923597645,0
1596167540.9001815,165.70202495286884,0.49055004923597645,0
1596167540.9101815,167.50129367540302,0.49055004923597645,0
1596167540.9201815,169.30064822862568,0.49055004923597645,0
1596167540.9301815,171.10000278184833,0.49055004923597645,0
1596167540.9401815,172.90068771074237,0.49055004923597645,0
1596167540.9501815,174.69935561845722,0.49055004923597645,0
1596167540.9601815,176.50016929338398,0.49055004923597645,0
1596167540.9701815,178.2989230317873,0.49055004923597645,0
1596167540.9801815,180.10072375963153,0.49055004923597645,0
1596167540.9901814,181.90046455095234,0.49055004923597645,0
1596167541.0001814,183.7002911729616,0.49055004923597645,0
1596167541.0101814,185.49994613359394,0.49055004923597645,0
1596167541.0201814,187.30148936937275,0.49055004923597645,0
1596167541.0301814,189.10221721361103,0.49055004923597645,0
1596167541.0401814,190.90127135942402,0.49055004923597645,0
1596167541.0501814,192.7001109285158,0.49055004923597645,0
1596167541.0601814,194.49925090501728,0.49055004923597645,0
1596167541.0701814,196.30186702440204,0.49055004923597645,0
1596167541.0801814,198.09929038713398,0.49055004923597645,0
1596167541.0901814,199.89958907792987,0.49055004923597645,0
1596167541.1001813,201.7003598375124,0.49055004923597645,0
1596167541.1101813,203.50186015794696,0.49055004923597645,0
1596167541.1201813,205.301643864612,0.49055004923597645,0
1596167541.1301813,207.09932471940937,0.49055004923597645,0
1596167541.1401813,208.90125419328632,0.49055004923597645,0
1596167541.1501813,210.69936420152607,0.49055004923597645,0
1596167541.1601813,212.50163699815693,0.49055004923597645,0
1596167541.1701813,214.29906036088886,0.49055004923597645,0
1596167541.1801813,216.10073234270038,0.49055004923597645,0
1596167541.1901813,217.89918567369403,0.49055004923597645,0
1596167541.2001812,219.70132972429218,0.49055004923597645,0
1596167541.2101812,221.50218631456318,0.49055004923597645,0
1596167541.2201812,223.30119754503193,0.49055004923597645,0
1596167541.2301812,225.09965087602558,0.49055004923597645,0
1596167541.2401812,226.89969207475605,0.49055004923597645,0
1596167541.2501812,228.70149280260028,0.49055004923597645,0
1596167541.2601812,230.50149108598652,0.49055004923597645,0
1596167541.2701812,232.30067397783222,0.49055004923597645,0
1596167541.2801812,234.10226012895527,0.49055004923597645,0
1596167541.2901812,235.9014859361452,0.49055004923597645,0
1596167541.3001812,237.69985343645038,0.49055004923597645,0
1596167541.3101811,239.50122501085224,0.49055004923597645,0
1596167541.3201811,241.30045081804218,0.49055004923597645,0
1596167541.3301811,243.1005349321169,0.49055004923597645,0
1596167541.340181,244.89988948533954,0.49055004923597645,0
1596167541.350181,246.70233394334736,0.49055004923597645,0
1596167541.360181,248.5015597505373,0.49055004923597645,0
1596167541.370181,250.29889728258075,0.49055004923597645,0
1596167541.380181,252.10220004747333,0.49055004923597645,0
1596167541.390181,253.90039588640155,0.49055004923597645,0
1596167541.400181,255.70168163011493,0.49055004923597645,0
1596167541.410181,257.4989333314699,0.49055004923597645,0
1596167541.420181,259.29914619157734,0.49055004923597645,0
1596167541.430181,261.1015048188967,0.49055004923597645,0
1596167541.440181,262.8994002504152,0.49055004923597645,0
1596167541.450181,264.6989693803591,0.49055004923597645,0
1596167541.460181,266.50115634630146,0.49055004923597645,0
1596167541.470181,268.2997384233278,0.49055004923597645,0
1596167541.480181,270.10029460618915,0.49055004923597645,0
1596167541.490181,271.90037872026386,0.49055004923597645,0
1596167541.500181,273.70067741105976,0.49055004923597645,0
1596167541.510181,275.5008902711672,0.49055004923597645,0
1596167541.520181,277.29947234819355,0.49055004923597645,0
1596167541.530181,279.10011436174335,0.49055004923597645,0
1596167541.540181,280.8998980684084,0.49055004923597645,0
1596167541.550181,282.7010121507448,0.49055004923597645,0
1596167541.560181,284.5000662965578,0.49055004923597645,0
1596167541.570181,286.30165244768085,0.49055004923597645,0
1596167541.580181,288.1020369691652,0.49055004923597645,0
1596167541.5901809,289.89890243242206,0.49055004923597645,0
1596167541.6001809,291.7012610597414,0.49055004923597645,0
1596167541.6101809,293.4993281526369,0.49055004923597645,0
1596167541.6201808,295.29979850480976,0.49055004923597645,0
1596167541.6301808,297.1000542802614,0.49055004923597645,0
1596167541.6401808,298.9011254472536,0.49055004923597645,0
1596167541.6501808,300.7006516618532,0.49055004923597645,0
1596167541.6601808,302.50155116746845,0.49055004923597645,0
1596167541.6701808,304.29996158311786,0.49055004923597645,0
1596167541.6801808,306.09880115220966,0.49055004923597645,0
1596167541.6878357,307.47668410966816,0.49055004923597645,0
1596167541.6878357,307.47668410966816,0.49055004923597645,0
1596167541.6901808,307.90008689592304,0.49055004923597645,0
1596167541.7001808,309.700213925342,0.49055004923597645,0
1596167541.7101808,311.4989676637453,0.49055004923597645,0
1596167541.7201807,313.2991805238527,0.49055004923597645,0
1596167541.7301807,315.1021399659914,0.49055004923597645,0
1596167541.7401807,316.9013228578371,0.49055004923597645,0
1596167541.7501807,318.70200778673114,0.49055004923597645,0
1596167541.7601807,320.5017056627077,0.49055004923597645,0
1596167541.7701807,322.29912902543964,0.49055004923597645,0
1596167541.7801807,324.10170222948017,0.49055004923597645,0
1596167541.7901807,325.90062762926044,0.49055004923597645,0
1596167541.8001807,327.70217086503925,0.49055004923597645,0
1596167541.8101807,329.50169707963886,0.49055004923597645,0
1596167541.8201807,331.29976417253437,0.49055004923597645,0
1596167541.8301806,333.100019947986,0.49055004923597645,0
1596167541.8401806,334.8996319932741,0.49055004923597645,0
1596167541.8501806,336.7002740068239,0.49055004923597645,0
1596167541.8601806,338.5015597505373,0.49055004923597645,0
1596167541.8701806,340.30190135667743,0.49055004923597645,0
1596167541.8801806,342.10044051835956,0.49055004923597645,0
1596167541.8901806,343.9014687700075,0.49055004923597645,0
1596167541.9001806,345.70125247667255,0.49055004923597645,0
1596167541.9101806,347.5016369981569,0.49055004923597645,0
1596167541.9201806,349.2989745302004,0.49055004923597645,0
1596167541.9301805,351.09970237443866,0.49055004923597645,0
1596167541.9401805,352.90090228746357,0.49055004923597645,0
1596167541.9501805,354.7009005708498,0.49055004923597645,0
1596167541.9601805,356.49935390184345,0.49055004923597645,0
1596167541.9701805,358.29978133867206,0.49055004923597645,0
1596167541.979632,360,0.49055004923597645,1
1596167541.979632,0,0,0
1596167541.989632,1.8005561828613281,0,0
1596167541.999632,3.6031723022460938,0,0
1596167542.0096319,5.4021406173706055,0,0
1596167542.0196319,7.202610969543457,0,0
1596167542.0296319,9.003338813781738,0,0
1596167542.0396318,10.802865028381348,0,0
1596167542.0496318,12.602519989013672,0,0
1596167542.0596318,14.400157928466797,0,0
1596167542.0696318,16.203203201293945,0,0
1596167542.0796318,18.00114154815674,0,0
1596167542.0896318,19.80259895324707,0,0
1596167542.0996318,21.602468490600586,0,0
1596167542.1096318,23.402080535888672,0,0
1596167542.1196318,25.201735496520996,0,0
1596167542.1296318,27.003064155578613,0,0
1596167542.1396317,28.80336284637451,0,0
1596167542.1496317,30.602073669433594,0,0
1596167542.1596317,32.40087032318115,0,0
1596167542.1696317,34.20095443725586,0,0
1596167542.1796317,36.002197265625,0,0
1596167542.1896317,37.80318260192871,0,0
1596167542.1996317,39.60339546203613,0,0
1596167542.2096317,41.402320861816406,0,0
1596167542.2196317,43.20004463195801,0,0
1596167542.2296317,45.002403259277344,0,0
1596167542.2396317,46.80180072784424,0,0
1596167542.2496316,48.600168228149414,0,0
1596167542.2596316,50.40111064910889,0,0
1596167542.2696316,52.20012187957764,0,0
1596167542.2796316,54.000163078308105,0,0
1596167542.2896316,55.80226421356201,0,0
1596167542.2996316,57.600159645080566,0,0
1596167542.3096316,59.40165996551514,0,0
1596167542.3196316,61.20028495788574,0,0
1596167542.3296316,63.00238609313965,0,0
1596167542.3396316,64.80302810668945,0,0
1596167542.3496315,66.60070896148682,0,0
1596167542.3596315,68.40285301208496,0,0
1596167542.3696315,70.20057678222656,0,0
1596167542.3796315,72.00066089630127,0,0
1596167542.3896315,73.80095958709717,0,0
1596167542.3996315,75.60022830963135,0,0
1596167542.4096315,77.40245819091797,0,0
1596167542.4196315,79.20202732086182,0,0
1596167542.4296315,81.00292682647705,0,0
1596167542.4396315,82.80241012573242,0,0
1596167542.4496315,84.60090637207031,0,0
1596167542.4596314,86.40317916870117,0,0
1596167542.4696314,88.20240497589111,0,0
1596167542.4796314,90.0020170211792,0,0
1596167542.4896314,91.80338859558105,0,0
1596167542.4996314,93.60321521759033,0,0
1596167542.5096314,95.40171146392822,0,0
1596167542.5196314,97.20132350921631,0,0
1596167542.5296314,99.00282382965088,0,0
1596167542.5396314,100.80037593841553,0,0
1596167542.5496314,102.60174751281738,0,0
1596167542.5596313,104.40226078033447,0,0
1596167542.5696313,106.20290279388428,0,0
1596167542.5796313,108.00015449523926,0,0
1596167542.5896313,109.80216979980469,0,0
1596167542.5996313,111.6020393371582,0,0
1596167542.6096313,113.40006351470947,0,0
1596167542.6196313,115.2006196975708,0,0
1596167542.6296313,117.00078964233398,0,0
1596167542.6396313,118.80057334899902,0,0
1596167542.6496313,120.60211658477783,0,0
1596167542.6596313,122.40267276763916,0,0
1596167542.6696312,124.2024564743042,0,0
1596167542.6796312,126.00005149841309,0,0
1596167542.6896312,127.7999210357666,0,0
1596167542.6996312,129.603009223938,0,0
1596167542.7096312,131.4006471633911,0,0
1596167542.7196312,133.20051670074463,0,0
1596167542.7296312,135.0023603439331,0,0
1596167542.7396312,136.80068492889404,0,0
1596167542.7496312,138.6021852493286,0,0
1596167542.7596312,140.40128231048584,0,0
1596167542.7696311,142.2017526626587,0,0
1596167542.7796311,144.00316715240479,0,0
1596167542.7896311,145.80020427703857,0,0
1596167542.799631,147.60118961334229,0,0
1596167542.8042119,148.424391746521,0,0
1596167542.8042119,148.424391746521,0.0,0
1596167542.809631,149.40045833587646,0.0,0
1596167542.819631,151.20032787322998,0.0,0
1596167542.829631,153.00101280212402,0.0,0
1596167542.839631,154.80191230773926,0.0,0
1596167542.849631,156.60105228424072,0.0,0
1596167542.859631,158.40070724487305,0.0,0
1596167542.869631,160.20122051239014,0.0,0
1596167542.879631,162.0011329650879,0.0,0
1596167542.889631,163.8017749786377,0.0,0
1596167542.899631,165.60035705566406,0.0,0
1596167542.909631,167.40018367767334,0.0,0
1596167542.919631,169.20202732086182,0.0,0
1596167542.929631,171.00318431854248,0.0,0
1596167542.939631,172.8032684326172,0.0,0
1596167542.949631,174.60288047790527,0.0,0
1596167542.959631,176.40279293060303,0.0,0
1596167542.969631,178.2010316848755,0.0,0
1596167542.979631,180.00283241271973,0.0,0
1596167542.989631,181.80257320404053,0.0,0
1596167542.999631,183.60111236572266,0.0,0
1596167543.009631,185.4032564163208,0.0,0
1596167543.019631,187.20235347747803,0.0,0
1596167543.029631,189.000506401062,0.0,0
1596167543.039631,190.80183506011963,0.0,0
1596167543.0496309,192.6024341583252,0.0,0
1596167543.0596309,194.40123081207275,0.0,0
1596167543.0696309,196.20165824890137,0.0,0
1596167543.0796309,198.00045490264893,0.0,0
1596167543.0896308,199.80079650878906,0.0,0
1596167543.0996308,201.60118103027344,0.0,0
1596167543.1096308,203.40135097503662,0.0,0
1596167543.1196308,205.20100593566895,0.0,0
1596167543.1296308,207.0014762878418,0.0,0
1596167543.1396308,208.8019037246704,0.0,0
1596167543.1496308,210.60314655303955,0.0,0
1596167543.1596308,212.40052700042725,0.0,0
1596167543.1696308,214.20086860656738,0.0,0
1596167543.1796308,216.00224018096924,0.0,0
1596167543.1896307,217.80065059661865,0.0,0
1596167543.1996307,219.6031379699707,0.0,0
1596167543.2096307,221.4032220840454,0.0,0
1596167543.2196307,223.20287704467773,0.0,0
1596167543.225565,224.2679500579834,0.0,0
1596167543.225565,224.2679500579834,0.0,0
1596167543.2296307,225.00283241271973,0.0,0
1596167543.2396307,226.80021286010742,0.0,0
1596167543.2496307,228.60106945037842,0.0,0
1596167543.2596307,230.4024839401245,0.0,0
1596167543.2696307,232.19999313354492,0.0,0
1596167543.2796307,234.00012016296387,0.0,0
1596167543.2896307,235.8028221130371,0.0,0
1596167543.2996306,237.60058879852295,0.0,0
1596167543.3096306,239.40320491790771,0.0,0
1596167543.3196306,241.20062828063965,0.0,0
1596167543.3296306,243.0023431777954,0.0,0
1596167543.3396306,244.79998111724854,0.0,0
1596167543.3496306,246.6007947921753,0.0,0
1596167543.3596306,248.40040683746338,0.0,0
1596167543.3696306,250.2020788192749,0.0,0
1596167543.3796306,252.00040340423584,0.0,0
1596167543.3896306,253.79980087280273,0.0,0
1596167543.3996305,255.60001373291016,0.0,0
1596167543.4096305,257.40190029144287,0.0,0
1596167543.4196305,259.1997528076172,0.0,0
1596167543.4296305,261.0017681121826,0.0,0
1596167543.4396305,262.80309677124023,0.0,0
1596167543.4496305,264.60249423980713,0.0,0
1596167543.4596305,266.40223503112793,0.0,0
1596167543.4696305,268.2010746002197,0.0,0
1596167543.4796305,270.0005578994751,0.0,0
1596167543.4896305,271.80047035217285,0.0,0
1596167543.4996305,273.601713180542,0.0,0
1596167543.5096304,275.40106773376465,0.0,0
1596167543.5196304,277.20239639282227,0.0,0
1596167543.5296304,279.00020599365234,0.0,0
1596167543.5396304,280.79994678497314,0.0,0
1596167543.5496304,282.6026487350464,0.0,0
1596167543.5596304,284.4015312194824,0.0,0
1596167543.5696304,286.2007999420166,0.0,0
1596167543.5796304,287.9999828338623,0.0,0
1596167543.5896304,289.8001956939697,0.0,0
1596167543.5996304,291.60053730010986,0.0,0
1596167543.6096303,293.40117931365967,0.0,0
1596167543.6196303,295.1998472213745,0.0,0
1596167543.6296303,297.00212001800537,0.0,0
1596167543.6396303,298.80035877227783,0.0,0
1596167543.6496303,300.60237407684326,0.0,0
1596167543.6596303,302.4025869369507,0.0,0
1596167543.6696303,304.2000961303711,0.0,0
1596167543.6796303,306.0022830963135,0.0,0
1596167543.6896303,307.8000497817993,0.0,0
1596167543.6996303,309.6028804779053,0.0,0
1596167543.7096303,311.4024066925049,0.0,0
1596167543.7196302,313.20098876953125,0.0,0
1596167543.7296302,315.00107288360596,0.0,0
1596167543.7396302,316.8029594421387,0.0,0
1596167543.7496302,318.60124111175537,0.0,0
1596167543.7596302,320.40162563323975,0.0,0
1596167543.7696302,322.20213890075684,0.0,0
1596167543.7796302,324.00132179260254,0.0,0
1596167543.7896302,325.80007553100586,0.0,0
1596167543.7996302,327.6028633117676,0.0,0
1596167543.8096302,329.40221786499023,0.0,0
1596167543.8196301,331.2026882171631,0.0,0
1596167543.8296301,332.9997253417969,0.0,0
1596167543.8396301,334.8017406463623,0.0,0
1596167543.84963,336.6011381149292,0.0,0
1596167543.85963,338.4030246734619,0.0,0
1596167543.86963,340.20190715789795,0.0,0
1596167543.87963,342.00053215026855,0.0,0
1596167543.88963,343.8008737564087,0.0,0
1596167543.89963,345.60014247894287,0.0,0
1596167543.90963,347.40129947662354,0.0,0
1596167543.91963,349.2021131515503,0.0,0
1596167543.92963,351.0007381439209,0.0,0
1596167543.93963,352.8018522262573,0.0,0
1596167543.94963,354.60227966308594,0.0,0
1596167543.95963,356.40257835388184,0.0,0
1596167543.96963,358.2009029388428,0.0,0
1596167543.9796338,360,0.0,1
1596167543.9796338,0,0,0
1596167543.9896338,1.8001270294189453,0,0
1596167543.9996338,3.6023569107055664,0,0
1596167544.0096338,5.400595664978027,0,0
1596167544.0196338,7.200078964233398,0,0
1596167544.0296338,9.000592231750488,0,0
1596167544.0396338,10.802221298217773,0,0
1596167544.0496337,12.602906227111816,0,0
1596167544.0596337,14.400544166564941,0,0
1596167544.0696337,16.201014518737793,0,0
1596167544.0796337,18.00234317779541,0,0
1596167544.0896337,19.801526069641113,0,0
1596167544.0996337,21.602983474731445,0,0
1596167544.1096337,23.401994705200195,0,0
1596167544.1196337,25.201005935668945,0,0
1596167544.1296337,27.00340747833252,0,0
1596167544.1396337,28.80263328552246,0,0
1596167544.1496336,30.603103637695312,0,0
1596167544.1596336,32.40151405334473,0,0
1596167544.1696336,34.20052528381348,0,0
1596167544.1796336,36.00146770477295,0,0
1596167544.1896336,37.80000686645508,0,0
1596167544.1933105,38.46180438995361,0,0
1596167544.1933105,106.97525903073837,0.38063030355991534,0
1596167544.1996336,108.1155197271495,0.38063030355991534,0
1596167544.2096336,109.91577550260116,0.38063030355991534,0
1596167544.2196336,111.71388551084091,0.38063030355991534,0
1596167544.2296336,113.51478501645614,0.38063030355991534,0
1596167544.2396336,115.31546994535019,0.38063030355991534,0
1596167544.2496336,117.11542531339218,0.38063030355991534,0
1596167544.2596335,118.91396447507431,0.38063030355991534,0
1596167544.2696335,120.7139198431163,0.38063030355991534,0
1596167544.2796335,122.51559182492782,0.38063030355991534,0
1596167544.2896335,124.31550427762558,0.38063030355991534,0
1596167544.2996335,126.11597462979843,0.38063030355991534,0
1596167544.3096335,127.91623040525009,0.38063030355991534,0
1596167544.3196335,129.71356793729356,0.38063030355991534,0
1596167544.3296335,131.515583241859,0.38063030355991534,0
1596167544.3396335,133.3139936575084,0.38063030355991534,0
1596167544.3496335,135.1141636022716,0.38063030355991534,0
1596167544.3596334,136.9157068380504,0.38063030355991534,0
1596167544.3696334,138.71553346005967,0.38063030355991534,0
1596167544.3796334,140.51651879636339,0.38063030355991534,0
1596167544.3896334,142.31647416440538,0.38063030355991534,0
1596167544.3996334,144.11385461179307,0.38063030355991534,0
1596167544.4096334,145.91604157773546,0.38063030355991534,0
1596167544.4196334,147.7147094854503,0.38063030355991534,0
1596167544.4296334,149.51509400693467,0.38063030355991534,0
1596167544.4396334,151.31367608396104,0.38063030355991534,0
1596167544.4496334,153.1162922033458,0.38063030355991534,0
1596167544.4596334,154.9162475713878,0.38063030355991534,0
1596167544.4696333,156.71594544736436,0.38063030355991534,0
1596167544.4796333,158.5148279318004,0.38063030355991534,0
1596167544.4896333,160.313452924171,0.38063030355991534,0
1596167544.4996333,162.11585446683458,0.38063030355991534,0
1596167544.5096333,163.91366406766466,0.38063030355991534,0
1596167544.5196333,165.71593686429551,0.38063030355991534,0
1596167544.5296333,167.51447602597764,0.38063030355991534,0
1596167544.5396333,169.31524678556016,0.38063030355991534,0
1596167544.5496333,171.11430093137315,0.38063030355991534,0
1596167544.5596333,172.91575833646348,0.38063030355991534,0
1596167544.5696332,174.71498414365342,0.38063030355991534,0
1596167544.5796332,176.51596947995714,0.38063030355991534,0
1596167544.5896332,178.31339284268907,0.38063030355991534,0
1596167544.5996332,180.11660977689317,0.38063030355991534,0
1596167544.6096332,181.91420480100206,0.38063030355991534,0
1596167544.6196332,183.71660634366563,0.38063030355991534,0
1596167544.6296332,185.51471635190538,0.38063030355991534,0
1596167544.6396332,187.31643124906114,0.38063030355991534,0
1596167544.6496332,189.11677285520128,0.38063030355991534,0
1596167544.6596332,190.91376706449083,0.38063030355991534,0
1596167544.6696332,192.71629735318712,0.38063030355991534,0
1596167544.6796331,194.5153514990001,0.38063030355991534,0
1596167544.6896331,196.31470605222276,0.38063030355991534,0
1596167544.6996331,198.11530515042833,0.38063030355991534,0
1596167544.709633,199.91581841794542,0.38063030355991534,0
1596167544.719633,201.71513005582383,0.38063030355991534,0
1596167544.729633,203.51585790006212,0.38063030355991534,0
1596167544.739633,205.31559869138292,0.38063030355991534,0
1596167544.749633,207.11332246152452,0.38063030355991534,0
1596167544.759633,208.9137069830089,0.38063030355991534,0
1596167544.769633,210.71374818173936,0.38063030355991534,0
1596167544.779633,212.51481934873155,0.38063030355991534,0
1596167544.789633,214.31331559506944,0.38063030355991534,0
1596167544.799633,216.1135713705211,0.38063030355991534,0
1596167544.809633,217.9162304052501,0.38063030355991534,0
1596167544.819633,219.7148553976207,0.38063030355991534,0
1596167544.829633,221.51382371274522,0.38063030355991534,0
1596167544.839633,223.31618234006456,0.38063030355991534,0
1596167544.849633,225.1139490255504,0.38063030355991534,0
1596167544.859633,226.91579266873887,0.38063030355991534,0
1596167544.869633,228.71652051297716,0.38063030355991534,0
1596167544.879633,230.51523133603624,0.38063030355991534,0
1596167544.889633,232.3161737569957,0.38063030355991534,0
1596167544.899633,234.11402627317003,0.38063030355991534,0
1596167544.909633,235.91617032376817,0.38063030355991534,0
1596167544.919633,237.71483823148301,0.38063030355991534,0
1596167544.929633,239.51380654660753,0.38063030355991534,0
1596167544.939633,241.31663724271348,0.38063030355991534,0
1596167544.949633,243.11328812924913,0.38063030355991534,0
1596167544.9596329,244.916462148109,0.38063030355991534,0
1596167544.9696329,246.71470090238145,0.38063030355991534,0
1596167544.9796329,248.5159437307506,0.38063030355991534,0
1596167544.9896328,250.31598492948106,0.38063030355991534,0
1596167544.9996328,252.11473866788438,0.38063030355991534,0
1596167545.0096328,253.91568108884385,0.38063030355991534,0
1596167545.0196328,255.7167093404918,0.38063030355991534,0
1596167545.0296328,257.51443311063343,0.38063030355991534,0
1596167545.0396328,259.3140451559215,0.38063030355991534,0
1596167545.0496328,261.1154167303234,0.38063030355991534,0
1596167545.0596328,262.9158870824962,0.38063030355991534,0
1596167545.0696328,264.71373959867054,0.38063030355991534,0
1596167545.0796328,266.51661321012074,0.38063030355991534,0
1596167545.0896327,268.31369325009877,0.38063030355991534,0
1596167545.0996327,270.11420651761586,0.38063030355991534,0
1596167545.1096327,271.9148914465099,0.38063030355991534,0
1596167545.1196327,273.71604844419056,0.38063030355991534,0
1596167545.1296327,275.513557637611,0.38063030355991534,0
1596167545.1396327,277.31595918027455,0.38063030355991534,0
1596167545.1496327,279.1148416647106,0.38063030355991534,0
1596167545.1596327,280.91411038724476,0.38063030355991534,0
1596167545.1696327,282.71415158597523,0.38063030355991534,0
1596167545.1796327,284.51526566831166,0.38063030355991534,0
1596167545.1896327,286.3162939199596,0.38063030355991534,0
1596167545.1996326,288.11380311338,0.38063030355991534,0
1596167545.2096326,289.9156467565685,0.38063030355991534,0
1596167545.2196326,291.715516293922,0.38063030355991534,0
1596167545.2296326,293.51564332334095,0.38063030355991534,0
1596167545.2396326,295.3132812627941,0.38063030355991534,0
1596167545.2496326,297.1160690435558,0.38063030355991534,0
1596167545.2596326,298.9162819036632,0.38063030355991534,0
1596167545.2696326,300.7145635732799,0.38063030355991534,0
1596167545.2796326,302.51477643338734,0.38063030355991534,0
1596167545.2896326,304.31619092313343,0.38063030355991534,0
1596167545.2996325,306.114987576881,0.38063030355991534,0
1596167545.3096325,307.9164449819713,0.38063030355991534,0
1596167545.3196325,309.7154991277843,0.38063030355991534,0
1596167545.3296325,311.5145532735973,0.38063030355991534,0
1596167545.3396325,313.3140365728527,0.38063030355991534,0
1596167545.3496325,315.11510773984486,0.38063030355991534,0
1596167545.3596325,316.9157068380504,0.38063030355991534,0
1596167545.3696325,318.713430608192,0.38063030355991534,0
1596167545.3796325,320.5154888281017,0.38063030355991534,0
1596167545.3896325,322.31608792630726,0.38063030355991534,0
1596167545.3996325,324.1140691885143,0.38063030355991534,0
1596167545.4096324,325.9144966253429,0.38063030355991534,0
1596167545.4196324,327.7147953161388,0.38063030355991534,0
1596167545.4296324,329.51449319211537,0.38063030355991534,0
1596167545.4396324,331.314748967567,0.38063030355991534,0
1596167545.4496324,333.11496182767445,0.38063030355991534,0
1596167545.4596324,334.9138443121105,0.38063030355991534,0
1596167545.4696324,336.7139284261852,0.38063030355991534,0
1596167545.4796324,338.5139267095714,0.38063030355991534,0
1596167545.4896324,340.31525536862904,0.38063030355991534,0
1596167545.4996324,342.11624070493275,0.38063030355991534,0
1596167545.5096323,343.9140503057628,0.38063030355991534,0
1596167545.5196323,345.71460648862416,0.38063030355991534,0
1596167545.5296323,347.5138322958141,0.38063030355991534,0
1596167545.5396323,349.31533261624867,0.38063030355991534,0
1596167545.5496323,351.1143438467174,0.38063030355991534,0
1596167545.5596323,352.91524335233265,0.38063030355991534,0
1596167545.5696323,354.7158424505382,0.38063030355991534,0
1596167545.5796323,356.51429578153187,0.38063030355991534,0
1596167545.5896323,358.31412240354115,0.38063030355991534,0
1596167545.5990105,360,0.38063030355991534,1
1596167545.5990105,0,0,0
1596167545.6090105,1.8017578125,0,0
1596167545.6190104,3.6020565032958984,0,0
1596167545.6290104,5.401411056518555,0,0
1596167545.6390104,7.2019243240356445,0,0
1596167545.6490104,9.000420570373535,0,0
1596167545.6590104,10.803122520446777,0,0
1596167545.6690104,12.600674629211426,0,0
1596167545.6790104,14.402132034301758,0,0
1596167545.6890104,16.202731132507324,0,0
1596167545.6990104,18.001742362976074,0,0
1596167545.7090104,19.800024032592773,0,0
1596167545.7190104,21.601781845092773,0,0
1596167545.7290103,23.40190887451172,0,0
1596167545.7390103,25.200748443603516,0,0
1596167545.7490103,27.00267791748047,0,0
1596167545.7590103,28.801045417785645,0,0
1596167545.7690103,30.600056648254395,0,0
1596167545.7790103,32.40035533905029,0,0
1596167545.7890103,34.20095443725586,0,0
1596167545.7990103,36.00314140319824,0,0
1596167545.8090103,37.800564765930176,0,0
1596167545.8190103,39.603352546691895,0,0
1596167545.8290102,41.40017509460449,0,0
1596167545.8390102,43.20330619812012,0,0
1596167545.8490102,45.001158714294434,0,0
1596167545.8590102,46.802358627319336,0,0
1596167545.8690102,48.60330104827881,0,0
1596167545.8790102,50.402183532714844,0,0
1596167545.8890102,52.20256805419922,0,0
1596167545.8990102,54.001708030700684,0,0
1596167545.9090102,55.80282211303711,0,0
1596167545.9190102,57.60204792022705,0,0
1596167545.9290102,59.402732849121094,0,0
1596167545.9390101,61.20011329650879,0,0
1596167545.9490101,63.001227378845215,0,0
1596167545.9590101,64.80298519134521,0,0
1596167545.96901,66.60118103027344,0,0
1596167545.97901,68.40105056762695,0,0
1596167545.98901,70.20237922668457,0,0
1596167545.99901,71.99997425079346,0,0
1596167546.00901,73.80241870880127,0,0
1596167546.01901,75.60100078582764,0,0
1596167546.02901,77.40164279937744,0,0
1596167546.03901,79.20288562774658,0,0
1596167546.04901,81.00112438201904,0,0
1596167546.05901,82.8028392791748,0,0
1596167546.06901,84.60034847259521,0,0
1596167546.07901,86.40283584594727,0,0
1596167546.08901,88.2022762298584,0,0
1596167546.09901,90.00163078308105,0,0
1596167546.10901,91.8000841140747,0,0
1596167546.11901,93.60145568847656,0,0
1596167546.12901,95.40334224700928,0,0
1596167546.13901,97.2024393081665,0,0
1596167546.14901,99.00136470794678,0,0
1596167546.15901,100.8010196685791,0,0
1596167546.16901,102.6018762588501,0,0
1596167546.17901,104.4016170501709,0,0
1596167546.18901,106.20161533355713,0,0
1596167546.1935358,107.01456069946289,0,0
1596167546.1935358,283.4758232837124,0.980340347690275,0
1596167546.19901,284.4631766086025,0.980340347690275,0
1596167546.20901,286.2642477755947,0.980340347690275,0
1596167546.2190099,288.0629585986538,0.980340347690275,0
1596167546.2290099,289.86411559633444,0.980340347690275,0
1596167546.2390099,291.66261184267233,0.980340347690275,0
1596167546.2490098,293.46158015779685,0.980340347690275,0
1596167546.2590098,295.26381003908347,0.980340347690275,0
1596167546.2690098,297.0622204547329,0.980340347690275,0
1596167546.2790098,298.86372077516745,0.980340347690275,0
1596167546.2890098,300.66131579927634,0.980340347690275,0
1596167546.2990098,302.4635027652187,0.980340347690275,0
1596167546.3090098,304.2634152179165,0.980340347690275,0
1596167546.3190098,306.06122481874655,0.980340347690275,0
1596167546.3290098,307.86208140901755,0.980340347690275,0
1596167546.3390098,309.66160762361716,0.980340347690275,0
1596167546.3490098,311.46426665834616,0.980340347690275,0
1596167546.3590097,313.2624624972744,0.980340347690275,0
1596167546.3690097,315.0617741351528,0.980340347690275,0
1596167546.3790097,316.86134326509665,0.980340347690275,0
1596167546.3890097,318.6611698871059,0.980340347690275,0
1596167546.3990097,320.46194064668845,0.980340347690275,0
1596167546.4090097,322.26271140627097,0.980340347690275,0
1596167546.4190097,324.0621517901821,0.980340347690275,0
1596167546.4290097,325.8635662799282,0.980340347690275,0
1596167546.4390097,327.66326415590476,0.980340347690275,0
1596167546.4490097,329.46188914827536,0.980340347690275,0
1596167546.4590096,331.2643336062832,0.980340347690275,0
1596167546.4690096,333.064074397604,0.980340347690275,0
1596167546.4790096,334.8645018344326,0.980340347690275,0
1596167546.4890096,336.66175353578757,0.980340347690275,0
1596167546.4990096,338.4624384646816,0.980340347690275,0
1596167546.5090096,340.2611492877407,0.980340347690275,0
1596167546.5190096,342.06140506319235,0.980340347690275,0
1596167546.5290096,343.861660838644,0.980340347690275,0
1596167546.5390096,345.6611870532436,0.980340347690275,0
1596167546.5490096,347.46174323610495,0.980340347690275,0
1596167546.5590096,349.2617415194912,0.980340347690275,0
1596167546.5690095,351.0635422473354,0.980340347690275,0
1596167546.5790095,352.86251056245993,0.980340347690275,0
1596167546.5890095,354.66272342256735,0.980340347690275,0
1596167546.5990095,356.46345126680563,0.980340347690275,0
1596167546.6090095,358.2632349734707,0.980340347690275,0
1596167546.6186767,360,0.980340347690275,1
1596167546.6186767,0,0,0
1596167546.6286767,1.8033885955810547,0,0
1596167546.6386766,3.603043556213379,0,0
1596167546.6486766,5.402827262878418,0,0
1596167546.6586766,7.2005510330200195,0,0
1596167546.6686766,9.00003433227539,0,0
1596167546.6786766,10.802865028381348,0,0
1596167546.6811695,11.248712539672852,0,0
1596167546.6811695,62.343321002635115,0.2838589359053459,0
1596167546.6886766,63.69532600751793,0.2838589359053459,0
1596167546.6986766,65.4960538517562,0.2838589359053459,0
1596167546.7086766,67.29742542615806,0.2838589359053459,0
1596167546.7186766,69.09690872541343,0.2838589359053459,0
1596167546.7286766,70.89510456434165,0.2838589359053459,0
1596167546.7386765,72.69793526044761,0.2838589359053459,0
1596167546.7486765,74.49750439039146,0.2838589359053459,0
1596167546.7586765,76.2976314198104,0.2838589359053459,0
1596167546.7686765,78.095355189952,0.2838589359053459,0
1596167546.7786765,79.8967696796981,0.2838589359053459,0
1596167546.7886765,81.69496551862632,0.2838589359053459,0
1596167546.7986765,83.49526420942222,0.2838589359053459,0
1596167546.8086765,85.29500500074302,0.2838589359053459,0
1596167546.8186765,87.09667698255454,0.2838589359053459,0
1596167546.8286765,88.89684692731772,0.2838589359053459,0
1596167546.8386765,90.69512859693442,0.2838589359053459,0
1596167546.8486764,92.49765888563071,0.2838589359053459,0
1596167546.8586764,94.29795757642661,0.2838589359053459,0
1596167546.8686764,96.09495178571616,0.2838589359053459,0
1596167546.8786764,97.89546505323325,0.2838589359053459,0
1596167546.8886764,99.69743744245444,0.2838589359053459,0
1596167546.8986764,101.49541870466147,0.2838589359053459,0
1596167546.9086764,103.29704777112876,0.2838589359053459,0
1596167546.9186764,105.09472862592612,0.2838589359053459,0
1596167546.9286764,106.89468399396812,0.2838589359053459,0
1596167546.9386764,108.69635597577964,0.2838589359053459,0
1596167546.9486763,110.49562469831382,0.2838589359053459,0
1596167546.9586763,112.29480759015952,0.2838589359053459,0
1596167546.9686763,114.09750954023276,0.2838589359053459,0
1596167546.9786763,115.89609161725913,0.2838589359053459,0
1596167546.9886763,117.69720569959556,0.2838589359053459,0
1596167546.9986763,119.49535862317954,0.2838589359053459,0
1596167547.0086763,121.29767433515464,0.2838589359053459,0
1596167547.0186763,123.09574142805015,0.2838589359053459,0
1596167547.0286763,124.89462391248618,0.2838589359053459,0
1596167547.0386763,126.69655338636314,0.2838589359053459,0
1596167547.0486763,128.4945775639144,0.2838589359053459,0
1596167547.0586762,130.29672161451253,0.2838589359053459,0
1596167547.0686762,132.09568992963705,0.2838589359053459,0
1596167547.0786762,133.89611736646566,0.2838589359053459,0
1596167547.0886762,135.69517151227865,0.2838589359053459,0
1596167547.0986762,137.49714390149984,0.2838589359053459,0
1596167547.1086762,139.29692760816488,0.2838589359053459,0
1596167547.1186762,141.0973550449935,0.2838589359053459,0
1596167547.1286762,142.89469257703695,0.2838589359053459,0
1596167547.1386762,144.69722286573324,0.2838589359053459,0
1596167547.1486762,146.49606243482503,0.2838589359053459,0
1596167547.1586761,148.29563156476888,0.2838589359053459,0
1596167547.1686761,150.09485737195882,0.2838589359053459,0
1596167547.1786761,151.8978168140975,0.2838589359053459,0
1596167547.188676,153.69493976941976,0.2838589359053459,0
1596167547.198676,155.4972983967391,0.2838589359053459,0
1596167547.208676,157.29485050550375,0.2838589359053459,0
1596167547.218676,159.09703747144613,0.2838589359053459,0
1596167547.228676,160.8967353474227,0.2838589359053459,0
1596167547.238676,162.69784942975912,0.2838589359053459,0
1596167547.248676,164.49527279249105,0.2838589359053459,0
1596167547.258676,166.29548565259847,0.2838589359053459,0
1596167547.268676,168.0947114597884,0.2838589359053459,0
1596167547.278676,169.89608303419027,0.2838589359053459,0
1596167547.288676,171.6975404392806,0.2838589359053459,0
1596167547.298676,173.49736706128988,0.2838589359053459,0
1596167547.308676,175.29599205366048,0.2838589359053459,0
1596167547.318676,177.09457413068685,0.2838589359053459,0
1596167547.328676,178.8948299061385,0.2838589359053459,0
1596167547.338676,180.69615856519613,0.2838589359053459,0
1596167547.348676,182.49757305494222,0.2838589359053459,0
1596167547.358676,184.29499641767416,0.2838589359053459,0
1596167547.368676,186.0971404682723,0.2838589359053459,0
1596167547.378676,187.89456383100423,0.2838589359053459,0
1596167547.388676,189.6948196064559,0.2838589359053459,0
1596167547.398676,191.49709240308675,0.2838589359053459,0
1596167547.408676,193.29782024732503,0.2838589359053459,0
1596167547.418676,195.0971748005477,0.2838589359053459,0
1596167547.428676,196.89584270826253,0.2838589359053459,0
1596167547.4386759,198.69511143079671,0.2838589359053459,0
1596167547.4486759,200.49622551313314,0.2838589359053459,0
1596167547.4586759,202.29721084943685,0.2838589359053459,0
1596167547.4686759,204.0956641804305,0.2838589359053459,0
1596167547.4786758,205.89458958021078,0.2838589359053459,0
1596167547.4886758,207.69767776838216,0.2838589359053459,0
1596167547.4986758,209.49450031629476,0.2838589359053459,0
1596167547.5086758,211.29600063672933,0.2838589359053459,0
1596167547.5186758,213.09591308942709,0.2838589359053459,0
1596167547.5286758,214.89681259504232,0.2838589359053459,0
1596167547.5386758,216.6955234181014,0.2838589359053459,0
1596167547.5486758,218.49736706128988,0.2838589359053459,0
1596167547.5586758,220.2952195774642,0.2838589359053459,0
1596167547.5650241,221.43715397230062,0.2838589359053459,0
1596167547.5650241,221.43715397230062,0.2838589359053459,0
1596167547.5686758,222.09723488202962,0.2838589359053459,0
1596167547.5786757,223.89731899610433,0.2838589359053459,0
1596167547.5886757,225.69748894086752,0.2838589359053459,0
1596167547.5986757,227.49594227186117,0.2838589359053459,0
1596167547.6086757,229.29473892560873,0.2838589359053459,0
1596167547.6186757,231.09542385450277,0.2838589359053459,0
1596167547.6286757,232.89559379926595,0.2838589359053459,0
1596167547.6386757,234.69756618848714,0.2838589359053459,0
1596167547.6486757,236.49722114911947,0.2838589359053459,0
1596167547.6586757,238.2955457340804,0.2838589359053459,0
1596167547.6686757,240.0947286259261,0.2838589359053459,0
1596167547.6786757,241.89682976118002,0.2838589359053459,0
1596167547.6886756,243.6953260075179,0.2838589359053459,0
1596167547.6986756,245.49669758191976,0.2838589359053459,0
1596167547.7086756,247.29665294996175,0.2838589359053459,0
1596167547.7186756,249.09579292646322,0.2838589359053459,0
1596167547.7286756,250.8963061939803,0.2838589359053459,0
1596167547.7386756,252.69578949323568,0.2838589359053459,0
1596167547.7486756,254.49759022107992,0.2838589359053459,0
1596167547.7586756,256.29488483777914,0.2838589359053459,0
1596167547.7686756,258.0970718037215,0.2838589359053459,0
1596167547.7786756,259.895138896617,0.2838589359053459,0
1596167547.7886755,261.69693962446127,0.2838589359053459,0
1596167547.7986755,263.4970666538802,0.2838589359053459,0
1596167547.8086755,265.29685036054525,0.2838589359053459,0
1596167547.8186755,267.09581867566976,0.2838589359053459,0
1596167547.8286755,268.8968469273177,0.2838589359053459,0
1596167547.8386755,270.6952573429671,0.2838589359053459,0
1596167547.8486755,272.4961139332381,0.2838589359053459,0
1596167547.8586755,274.294610179576,0.2838589359053459,0
1596167547.8686755,276.09662548414144,0.2838589359053459,0
1596167547.8786755,277.89546505323324,0.2838589359053459,0
1596167547.8886755,279.6951629292098,0.2838589359053459,0
1596167547.8986754,281.49696365705404,0.2838589359053459,0
1596167547.9086754,283.2947732578841,0.2838589359053459,0
1596167547.9186754,285.0948144566146,0.2838589359053459,0
1596167547.9286754,286.89674393049154,0.2838589359053459,0
1596167547.9386754,288.6948968540755,0.2838589359053459,0
1596167547.9486754,290.4943801533309,0.2838589359053459,0
1596167547.9586754,292.297597087535,0.2838589359053459,0
1596167547.9686754,294.096651233348,0.2838589359053459,0
1596167547.9786754,295.8966495167342,0.2838589359053459,0
1596167547.9886754,297.69566074720296,0.2838589359053459,0
1596167547.9986753,299.49527279249105,0.2838589359053459,0
1596167548.0086753,301.29454151502523,0.2838589359053459,0
1596167548.0186753,303.0964709889022,0.2838589359053459,0
1596167548.0286753,304.8969842564193,0.2838589359053459,0
1596167548.0386753,306.69693962446127,0.2838589359053459,0
1596167548.0486753,308.49642292371664,0.2838589359053459,0
1596167548.0586753,310.2955629002181,0.2838589359053459,0
1596167548.0686753,312.0977498661605,0.2838589359053459,0
1596167548.0786753,313.8974048267928,0.2838589359053459,0
1596167548.0886753,315.69766060224447,0.2838589359053459,0
1596167548.0986753,317.4973155628768,0.2838589359053459,0
1596167548.1086752,319.294610179576,0.2838589359053459,0
1596167548.1186752,321.09572426191244,0.2838589359053459,0
1596167548.1286752,322.8960658680526,0.2838589359053459,0
1596167548.1386752,324.6973086964217,0.2838589359053459,0
1596167548.1486752,326.49486080518636,0.2838589359053459,0
1596167548.1586752,328.2945586811629,0.2838589359053459,0
1596167548.1686752,330.0950290333358,0.2838589359053459,0
1596167548.1786752,331.8957997929183,0.2838589359053459,0
1596167548.1886752,333.6959697376815,0.2838589359053459,0
1596167548.1986752,335.49691215864095,0.2838589359053459,0
1596167548.2086751,337.2944642674056,0.2838589359053459,0
1596167548.2186751,339.09536377302084,0.2838589359053459,0
1596167548.2286751,340.897507823619,0.2838589359053459,0
1596167548.238675,342.6964761387435,0.2838589359053459,0
1596167548.248675,344.4946719776717,0.2838589359053459,0
1596167548.258675,346.29681602826986,0.2838589359053459,0
1596167548.268675,348.0961705814925,0.2838589359053459,0
1596167548.278675,349.89483848920736,0.2838589359053459,0
1596167548.288675,351.6964246403304,0.2838589359053459,0
1596167548.298675,353.49753872266683,0.2838589359053459,0
1596167548.308675,355.29483333936605,0.2838589359053459,0
1596167548.318675,357.0952178608504,0.2838589359053459,0
1596167548.328675,358.8963748585311,0.2838589359053459,0
1596167548.3348236,360,0.2838589359053459,1
1596167548.3348236,0,0,0
1596167548.3448236,1.802659034729004,0,0
1596167548.3548236,3.602914810180664,0,0
1596167548.3648236,5.403385162353516,0,0
1596167548.3748236,7.202353477478027,0,0
1596167548.3848236,9.000248908996582,0,0
1596167548.3948236,10.80204963684082,0,0
1596167548.4048235,12.602605819702148,0,0
1596167548.4148235,14.40058708190918,0,0
1596167548.4248235,16.203246116638184,0,0
1596167548.4348235,18.00187110900879,0,0
1596167548.4448235,19.801955223083496,0,0
1596167548.4548235,21.603455543518066,0,0
1596167548.4648235,23.40238094329834,0,0
1596167548.4748235,25.203194618225098,0,0
1596167548.4848235,27.003450393676758,0,0
1596167548.4948235,28.802590370178223,0,0
1596167548.5048234,30.60215950012207,0,0
1596167548.5148234,32.4027156829834,0,0
1596167548.5248234,34.202842712402344,0,0
1596167548.5348234,36.00121021270752,0,0
1596167548.5448234,37.80077934265137,0,0
1596167548.5548234,39.60073471069336,0,0
1596167548.5648234,41.40120506286621,0,0
1596167548.5748234,43.201889991760254,0,0
1596167548.5848234,45.0020170211792,0,0
1596167548.5948234,46.80257320404053,0,0
1596167548.6048234,48.60021114349365,0,0
1596167548.6148233,50.401411056518555,0,0
1596167548.6248233,52.20256805419922,0,0
1596167548.6348233,54.001450538635254,0,0
1596167548.6448233,55.803165435791016,0,0
1596167548.6548233,57.602691650390625,0,0
1596167548.6648233,59.40256118774414,0,0
1596167548.6748233,61.20234489440918,0,0
1596167548.6813838,62.38084316253662,0,0
1596167548.6813838,153.22963387978118,0.5047155039846919,0
1596167548.6848233,153.8493743659262,0.5047155039846919,0
1596167548.6948233,155.65108926308196,0.5047155039846919,0
1596167548.7048233,157.45057256233733,0.5047155039846919,0
1596167548.7148232,159.25035626900237,0.5047155039846919,0
1596167548.7248232,161.04885251534026,0.5047155039846919,0
1596167548.7348232,162.8503099204306,0.5047155039846919,0
1596167548.7448232,164.64987905037444,0.5047155039846919,0
1596167548.7548232,166.45198018562834,0.5047155039846919,0
1596167548.7648232,168.2516780616049,0.5047155039846919,0
1596167548.7748232,170.04901559364836,0.5047155039846919,0
1596167548.7848232,171.85034425270598,0.5047155039846919,0
1596167548.7948232,173.65197331917327,0.5047155039846919,0
1596167548.8048232,175.4507270575766,0.5047155039846919,0
1596167548.8148232,177.25141198647063,0.5047155039846919,0
1596167548.8248231,179.04896409523528,0.5047155039846919,0
1596167548.8348231,180.84982068550624,0.5047155039846919,0
1596167548.8448231,182.65192182076015,0.5047155039846919,0
1596167548.854823,184.44883019936123,0.5047155039846919,0
1596167548.864823,186.2499871970419,0.5047155039846919,0
1596167548.874823,188.05148751747646,0.5047155039846919,0
1596167548.884823,189.85067040932216,0.5047155039846919,0
1596167548.894823,191.64882333290615,0.5047155039846919,0
1596167548.904823,193.4495082618002,0.5047155039846919,0
1596167548.914823,195.25092275154628,0.5047155039846919,0
1596167548.924823,197.0504489661459,0.5047155039846919,0
1596167548.934823,198.8512197257284,0.5047155039846919,0
1596167548.944823,200.6500592948202,0.5047155039846919,0
1596167548.954823,202.45070130837001,0.5047155039846919,0
1596167548.964823,204.25185830605068,0.5047155039846919,0
1596167548.974823,206.05065495979824,0.5047155039846919,0
1596167548.984823,207.8516832114462,0.5047155039846919,0
1596167548.994823,209.65181024086513,0.5047155039846919,0
1596167549.004823,211.4515081168417,0.5047155039846919,0
1596167549.014823,213.24970395576992,0.5047155039846919,0
1596167549.024823,215.050217223287,0.5047155039846919,0
1596167549.034823,216.85055882942714,0.5047155039846919,0
1596167549.044823,218.65085752022304,0.5047155039846919,0
1596167549.054823,220.45059831154384,0.5047155039846919,0
1596167549.064823,222.25192697060146,0.5047155039846919,0
1596167549.074823,224.04904992592373,0.5047155039846919,0
1596167549.084823,225.84994943153896,0.5047155039846919,0
1596167549.094823,227.65213639748134,0.5047155039846919,0
1596167549.1048229,229.45054681313076,0.5047155039846919,0
1596167549.1148229,231.25020177376308,0.5047155039846919,0
1596167549.1248229,233.0488267661337,0.5047155039846919,0
1596167549.1348228,234.85019834053554,0.5047155039846919,0
1596167549.1448228,236.64916665566005,0.5047155039846919,0
1596167549.1548228,238.45015199196376,0.5047155039846919,0
1596167549.1648228,240.24997861397304,0.5047155039846919,0
1596167549.1748228,242.0494619132284,0.5047155039846919,0
1596167549.1848228,243.85126264107265,0.5047155039846919,0
1596167549.1948228,245.65147550118007,0.5047155039846919,0
1596167549.2048228,247.4494567633871,0.5047155039846919,0
1596167549.2148228,249.2517724753622,0.5047155039846919,0
1596167549.2248228,251.04923875343837,0.5047155039846919,0
1596167549.2348228,252.84880788338222,0.5047155039846919,0
1596167549.2448227,254.65056569588222,0.5047155039846919,0
1596167549.2548227,256.4519801856283,0.5047155039846919,0
1596167549.2648227,258.25142056953945,0.5047155039846919,0
1596167549.2748227,260.0509038687948,0.5047155039846919,0
1596167549.2848227,261.8503871680502,0.5047155039846919,0
1596167549.2948227,263.6491409064535,0.5047155039846919,0
1596167549.3048227,265.45081288826503,0.5047155039846919,0
1596167549.3148227,267.25025327217617,0.5047155039846919,0
1596167549.3248227,269.0494790793661,0.5047155039846919,0
1596167549.3348227,270.8490052939657,0.5047155039846919,0
1596167549.3448226,272.6493898154501,0.5047155039846919,0
1596167549.3548226,274.4501605750326,0.5047155039846919,0
1596167549.3648226,276.2513604880575,0.5047155039846919,0
1596167549.3748226,278.05002839577236,0.5047155039846919,0
1596167549.3848226,279.85122830879726,0.5047155039846919,0
1596167549.3948226,281.6499820472006,0.5047155039846919,0
1596167549.4048226,283.4499803305868,0.5047155039846919,0
1596167549.4148226,285.2512660743002,0.5047155039846919,0
1596167549.4248226,287.0486894370321,0.5047155039846919,0
1596167549.4348226,288.8498464347128,0.5047155039846919,0
1596167549.4448225,290.64941556465664,0.5047155039846919,0
1596167549.4548225,292.4491134406332,0.5047155039846919,0
1596167549.4648225,294.2511287451986,0.5047155039846919,0
1596167549.4748225,296.05099828255214,0.5047155039846919,0
1596167549.4848225,297.85151155006923,0.5047155039846919,0
1596167549.4948225,299.65026528847255,0.5047155039846919,0
1596167549.5048225,301.45034940254726,0.5047155039846919,0
1596167549.5148225,303.2497039557699,0.5047155039846919,0
1596167549.5248225,305.0488868476156,0.5047155039846919,0
1596167549.5348225,306.84991509926357,0.5047155039846919,0
1596167549.5448225,308.6515870810751,0.5047155039846919,0
1596167549.5548224,310.449182105184,0.5047155039846919,0
1596167549.5648224,312.2514119864706,0.5047155039846919,0
1596167549.5652473,312.3250547171835,0.5047155039846919,0
1596167549.5652473,312.3250547171835,0.5047155039846919,0
1596167549.5748224,314.0503803015951,0.5047155039846919,0
1596167549.5848224,315.85003526222744,0.5047155039846919,0
1596167549.5948224,317.6498189688925,0.5047155039846919,0
1596167549.6048224,319.4508472205404,0.5047155039846919,0
1596167549.6148224,321.25084550392666,0.5047155039846919,0
1596167549.6248224,323.0519595862631,0.5047155039846919,0
1596167549.6348224,324.8516145468954,0.5047155039846919,0
1596167549.6448224,326.651140761495,0.5047155039846919,0
1596167549.6548223,328.450194907308,0.5047155039846919,0
1596167549.6648223,330.2489486457113,0.5047155039846919,0
1596167549.6748223,332.05199391853847,0.5047155039846919,0
1596167549.6848223,333.84967477333583,0.5047155039846919,0
1596167549.6948223,335.6491580725912,0.5047155039846919,0
1596167549.7048223,337.44872720253505,0.5047155039846919,0
1596167549.7148223,339.25035626900234,0.5047155039846919,0
1596167549.7248223,341.0501828910116,0.5047155039846919,0
1596167549.7348223,342.84885079872646,0.5047155039846919,0
1596167549.7448223,344.6504369498495,0.5047155039846919,0
1596167549.7548223,346.45009191048183,0.5047155039846919,0
1596167549.7648222,348.25039060127773,0.5047155039846919,0
1596167549.7748222,350.0510755301718,0.5047155039846919,0
1596167549.7848222,351.85043008339443,0.5047155039846919,0
1596167549.7948222,353.651930403829,0.5047155039846919,0
1596167549.8048222,355.4496541739706,0.5047155039846919,0
1596167549.8148222,357.2497382880453,0.5047155039846919,0
1596167549.8248222,359.05110986244716,0.5047155039846919,0
1596167549.8301182,360,0.5047155039846919,1
1596167549.8301182,0,0,0
1596167549.8401182,1.8011140823364258,0,0
1596167549.8501182,3.6033010482788086,0,0
1596167549.8601182,5.401153564453125,0,0
1596167549.8701181,7.202696800231934,0,0
1596167549.8801181,9.002695083618164,0,0
1596167549.8901181,10.803208351135254,0,0
1596167549.900118,12.600760459899902,0,0
1596167549.910118,14.400715827941895,0,0
1596167549.920118,16.20182991027832,0,0
1596167549.930118,18.002686500549316,0,0
1596167549.940118,19.799981117248535,0,0
1596167549.950118,21.602554321289062,0,0
1596167549.960118,23.40285301208496,0,0
1596167549.970118,25.201563835144043,0,0
1596167549.980118,27.002978324890137,0,0
1596167549.990118,28.801345825195312,0,0
1596167550.000118,30.600872039794922,0,0
1596167550.010118,32.40220069885254,0,0
1596167550.020118,34.202027320861816,0,0
1596167550.030118,36.000051498413086,0,0
1596167550.040118,37.80253887176514,0,0
1596167550.050118,39.60150718688965,0,0
1596167550.060118,41.40099048614502,0,0
1596167550.070118,43.20021629333496,0,0
1596167550.080118,45.0020170211792,0,0
1596167550.090118,46.800599098205566,0,0
1596167550.100118,48.60085487365723,0,0
1596167550.110118,50.40128231048584,0,0
1596167550.120118,52.2000789642334,0,0
1596167550.130118,54.00007724761963,0,0
1596167550.140118,55.80132007598877,0,0
1596167550.1501179,57.60264873504639,0,0
1596167550.1601179,59.40311908721924,0,0
1596167550.1701179,61.20260238647461,0,0
1596167550.1801178,63.00101280212402,0,0
1596167550.1901178,64.80019569396973,0,0
1596167550.2001178,66.60195350646973,0,0
1596167550.2101178,68.40298175811768,0,0
1596167550.2201178,70.20199298858643,0,0
1596167550.2301178,72.00164794921875,0,0
1596167550.2401178,73.80130290985107,0,0
1596167550.2501178,75.60168743133545,0,0
1596167550.2601178,77.40185737609863,0,0
1596167550.2701178,79.20129776000977,0,0
1596167550.2801178,81.00000858306885,0,0
1596167550.2901177,82.80022144317627,0,0
1596167550.3001177,84.60249423980713,0,0
1596167550.3101177,86.40064716339111,0,0
1596167550.3201177,88.20287704467773,0,0
1596167550.3301177,90.00278949737549,0,0
1596167550.3401177,91.80180072784424,0,0
1596167550.3501177,93.60111236572266,0,0
1596167550.3601177,95.40166854858398,0,0
1596167550.3701177,97.20132350921631,0,0
1596167550.3801177,99.00115013122559,0,0
1596167550.3901176,100.80312252044678,0,0
1596167550.4001176,102.60282039642334,0,0
1596167550.4101176,104.40183162689209,0,0
1596167550.4201176,106.20058536529541,0,0
1596167550.4301176,108.00036907196045,0,0
1596167550.4401176,109.80088233947754,0,0
1596167550.4501176,111.60075187683105,0,0
1596167550.4601176,113.40135097503662,0,0
1596167550.4701176,115.20070552825928,0,0
1596167550.4801176,117.00061798095703,0,0
1596167550.4901175,118.80074501037598,0,0
1596167550.5001175,120.60142993927002,0,0
1596167550.5101175,122.40147113800049,0,0
1596167550.5201175,124.20001029968262,0,0
1596167550.5301175,126.00056648254395,0,0
1596167550.5401175,127.80039310455322,0,0
1596167550.5501175,129.60309505462646,0,0
1596167550.5601175,131.40111923217773,0,0
1596167550.5701175,133.20214748382568,0,0
1596167550.5801175,135.00030040740967,0,0
1596167550.5901175,136.80012702941895,0,0
1596167550.6001174,138.60167026519775,0,0
1596167550.6101174,140.40063858032227,0,0
1596167550.6201174,142.20033645629883,0,0
1596167550.6301174,144.00157928466797,0,0
1596167550.6401174,145.80329418182373,0,0
1596167550.6501174,147.60071754455566,0,0
1596167550.6601174,149.40320491790771,0,0
1596167550.6701174,151.20251655578613,0,0
1596167550.6801174,153.0018711090088,0,0
1596167550.6816323,153.27253818511963,0,0
1596167550.6816323,153.27253818511963,0.0,0
1596167550.6901174,154.80204105377197,0.0,0
1596167550.7001173,156.6003656387329,0.0,0
1596167550.7101173,158.4012222290039,0.0,0
1596167550.7201173,160.20212173461914,0.0,0
1596167550.7301173,162.0014762878418,0.0,0
1596167550.7401173,163.80327701568604,0.0,0
1596167550.7501173,165.6031894683838,0.0,0
1596167550.7601173,167.40323066711426,0.0,0
1596167550.7701173,169.2018985748291,0.0,0
1596167550.7801173,171.00279808044434,0.0,0
1596167550.7901173,172.80258178710938,0.0,0
1596167550.8001173,174.60039138793945,0.0,0
1596167550.8101172,176.3999605178833,0.0,0
1596167550.8201172,178.19983005523682,0.0,0
1596167550.8301172,180.00072956085205,0.0,0
1596167550.8401172,181.80313110351562,0.0,0
1596167550.8501172,183.60102653503418,0.0,0
1596167550.8601172,185.40106773376465,0.0,0
1596167550.8701172,187.20089435577393,0.0,0
1596167550.8801172,189.00145053863525,0.0,0
1596167550.8901172,190.80217838287354,0.0,0
1596167550.9001172,192.60316371917725,0.0,0
1596167550.9101171,194.40165996551514,0.0,0
1596167550.9201171,196.20200157165527,0.0,0
1596167550.9301171,198.00195693969727,0.0,0
1596167550.9401171,199.79998111724854,0.0,0
1596167550.950117,201.60156726837158,0.0,0
1596167550.960117,203.40298175811768,0.0,0
1596167550.970117,205.200834274292,0.0,0
1596167550.980117,207.0022487640381,0.0,0
1596167550.990117,208.8010025024414,0.0,0
1596167551.000117,210.60082912445068,0.0,0
1596167551.010117,212.39988327026367,0.0,0
1596167551.020117,214.20125484466553,0.0,0
1596167551.030117,216.00121021270752,0.0,0
1596167551.040117,217.80073642730713,0.0,0
1596167551.050117,219.60060596466064,0.0,0
1596167551.060117,221.4012050628662,0.0,0
1596167551.070117,223.2022762298584,0.0,0
1596167551.080117,225.00317573547363,0.0,0
1596167551.090117,226.8015432357788,0.0,0
1596167551.100117,228.6020565032959,0.0,0
1596167551.110117,230.4001235961914,0.0,0
1596167551.120117,232.20115184783936,0.0,0
1596167551.1280046,233.6195468902588,0.0,0
1596167551.1280046,233.6195468902588,0.0,0
1596167551.130117,234.0000343322754,0.0,0
1596167551.140117,235.80286502838135,0.0,0
1596167551.150117,237.60080337524414,0.0,0
1596167551.160117,239.40178871154785,0.0,0
1596167551.170117,241.2006711959839,0.0,0
1596167551.180117,243.00251483917236,0.0,0
1596167551.190117,244.80079650878906,0.0,0
1596167551.2001169,246.6022539138794,0.0,0
1596167551.2101169,248.4010934829712,0.0,0
1596167551.2201169,250.20182132720947,0.0,0
1596167551.2301168,252.00319290161133,0.0,0
1596167551.2401168,253.79984378814697,0.0,0
1596167551.2501168,255.60070037841797,0.0,0
1596167551.2601168,257.4029731750488,0.0,0
1596167551.2701168,259.2023277282715,0.0,0
1596167551.2801168,261.0030126571655,0.0,0
1596167551.2901168,262.80198097229004,0.0,0
1596167551.3001168,264.6025800704956,0.0,0
1596167551.3101168,266.40026092529297,0.0,0
1596167551.3201168,268.19987297058105,0.0,0
1596167551.3301167,270.0027894973755,0.0,0
1596167551.3401167,271.8009853363037,0.0,0
1596167551.3501167,273.60119819641113,0.0,0
1596167551.3601167,275.4021406173706,0.0,0
1596167551.3701167,277.2009801864624,0.0,0
1596167551.3801167,278.99977684020996,0.0,0
1596167551.3901167,280.8003759384155,0.0,0
1596167551.4001167,282.60157585144043,0.0,0
1596167551.4101167,284.39985752105713,0.0,0
1596167551.4201167,286.20161533355713,0.0,0
1596167551.4301167,287.9999828338623,0.0,0
1596167551.4401166,289.8019552230835,0.0,0
1596167551.4501166,291.60221099853516,0.0,0
1596167551.4601166,293.40083599090576,0.0,0
1596167551.4701166,295.2021646499634,0.0,0
1596167551.4801166,297.00087547302246,0.0,0
1596167551.4901166,298.8023328781128,0.0,0
1596167551.5001166,300.60078620910645,0.0,0
1596167551.5101166,302.40155696868896,0.0,0
1596167551.5201166,304.20185565948486,0.0,0
1596167551.5301166,306.0009956359863,0.0,0
1596167551.5401165,307.8011655807495,0.0,0
1596167551.5501165,309.6006488800049,0.0,0
1596167551.5601165,311.40172004699707,0.0,0
1596167551.5701165,313.1998300552368,0.0,0
1596167551.5801165,315.00128746032715,0.0,0
1596167551.5901165,316.79999828338623,0.0,0
1596167551.6001165,318.60265731811523,0.0,0
1596167551.6101165,320.4009819030762,0.0,0
1596167551.6201165,322.2015380859375,0.0,0
1596167551.6301165,324.0008068084717,0.0,0
1596167551.6401165,325.79986095428467,0.0,0
1596167551.6501164,327.6020050048828,0.0,0
1596167551.6601164,329.4018316268921,0.0,0
1596167551.6701164,331.2002420425415,0.0,0
1596167551.6801164,333.00084114074707,0.0,0
1596167551.6901164,334.8013114929199,0.0,0
1596167551.7001164,336.5998935699463,0.0,0
1596167551.7101164,338.4004497528076,0.0,0
1596167551.7201164,340.20203590393066,0.0,0
1596167551.7301164,342.0011329650879,0.0,0
1596167551.7401164,343.80070209503174,0.0,0
1596167551.7501163,345.6022882461548,0.0,0
1596167551.7601163,347.4029302597046,0.0,0
1596167551.7701163,349.2009973526001,0.0,0
1596167551.7801163,350.99987983703613,0.0,0
1596167551.7901163,352.8031396865845,0.0,0
1596167551.8001163,354.60052013397217,0.0,0
1596167551.8101163,356.402063369751,0.0,0
1596167551.8201163,358.1997013092041,0.0,0
1596167551.830129,360,0.0,1
1596167551.830129,0,0,0
1596167551.840129,1.8032598495483398,0,0
1596167551.850129,3.6023998260498047,0,0
1596167551.8601289,5.40003776550293,0,0
1596167551.8701289,7.202911376953125,0,0
1596167551.8801289,9.001750946044922,0,0
1596167551.8901289,10.802950859069824,0,0
1596167551.9001288,12.600417137145996,0,0
1596167551.9101288,14.400973320007324,0,0
1596167551.9201288,16.20213031768799,0,0
1596167551.9301288,18.0025577545166,0,0
1596167551.9401288,19.800281524658203,0,0
1596167551.9501288,21.60040855407715,0,0
1596167551.9601288,23.401823043823242,0,0
1596167551.9701288,25.201435089111328,0,0
1596167551.9801288,27.002248764038086,0,0
1596167551.9901288,28.80336284637451,0,0
1596167552.0001287,30.601000785827637,0,0
1596167552.0101287,32.40091323852539,0,0
1596167552.0201287,34.20327186584473,0,0
1596167552.028233,35.658745765686035,0,0
1596167552.028233,102.05776402422741,0.36888343476967433,0
1596167552.0301287,102.4020309157069,0.36888343476967433,0
1596167552.0401287,104.20014092394665,0.36888343476967433,0
1596167552.0501287,106.0011691755946,0.36888343476967433,0
1596167552.0601287,107.80215451189831,0.36888343476967433,0
1596167552.0701287,109.60073658892468,0.36888343476967433,0
1596167552.0801287,111.39901825854137,0.36888343476967433,0
1596167552.0901287,113.20094773241833,0.36888343476967433,0
1596167552.1001287,115.00021645495251,0.36888343476967433,0
1596167552.1101286,116.80145928332165,0.36888343476967433,0
1596167552.1201286,118.60141465136364,0.36888343476967433,0
1596167552.1301286,120.39905259081677,0.36888343476967433,0
1596167552.1401286,122.20068165728405,0.36888343476967433,0
1596167552.1501286,124.0005941099818,0.36888343476967433,0
1596167552.1601286,125.80046364733532,0.36888343476967433,0
1596167552.1701286,127.60192105242565,0.36888343476967433,0
1596167552.1801286,129.4002456373866,0.36888343476967433,0
1596167552.1901286,131.19981476733045,0.36888343476967433,0
1596167552.2001286,133.0021733946498,0.36888343476967433,0
1596167552.2101285,134.80075547167615,0.36888343476967433,0
1596167552.2201285,136.59929463335828,0.36888343476967433,0
1596167552.2301285,138.39967915484266,0.36888343476967433,0
1596167552.2401285,140.20165154406385,0.36888343476967433,0
1596167552.2501285,142.00173565813856,0.36888343476967433,0
1596167552.2601285,143.8009614653285,0.36888343476967433,0
1596167552.2701285,145.60143181750135,0.36888343476967433,0
1596167552.2801285,147.40095803210096,0.36888343476967433,0
1596167552.2901285,149.20031258532362,0.36888343476967433,0
1596167552.3001285,151.00155541369276,0.36888343476967433,0
1596167552.3101285,152.80103871294813,0.36888343476967433,0
1596167552.3201284,154.60116574236707,0.36888343476967433,0
1596167552.3301284,156.40219399401502,0.36888343476967433,0
1596167552.3401284,158.20154854723768,0.36888343476967433,0
1596167552.3501284,160.0014180845912,0.36888343476967433,0
1596167552.3601284,161.79965683886365,0.36888343476967433,0
1596167552.3701284,163.6021442122157,0.36888343476967433,0
1596167552.3801284,165.39943882891492,0.36888343476967433,0
1596167552.3901284,167.20081040331678,0.36888343476967433,0
1596167552.4001284,168.99926373431043,0.36888343476967433,0
1596167552.4101284,170.80119320818739,0.36888343476967433,0
1596167552.4201283,172.6021785444911,0.36888343476967433,0
1596167552.4301283,174.40234848925428,0.36888343476967433,0
1596167552.4401283,176.20161721178846,0.36888343476967433,0
1596167552.4501283,178.00067135760145,0.36888343476967433,0
1596167552.4601283,179.79951092669324,0.36888343476967433,0
1596167552.4701283,181.60182663866834,0.36888343476967433,0
1596167552.4801283,183.40010830828504,0.36888343476967433,0
1596167552.4901283,185.20135113665418,0.36888343476967433,0
1596167552.5001283,187.00225064226942,0.36888343476967433,0
1596167552.5101283,188.80010315844373,0.36888343476967433,0
1596167552.5201283,190.60130307146864,0.36888343476967433,0
1596167552.5301282,192.40203091570692,0.36888343476967433,0
1596167552.5401282,194.19932553240614,0.36888343476967433,0
1596167552.5501282,196.00121209093885,0.36888343476967433,0
1596167552.5601282,197.79975125262098,0.36888343476967433,0
1596167552.5701282,199.59910580584364,0.36888343476967433,0
1596167552.5801282,201.4008207029994,0.36888343476967433,0
1596167552.5901282,203.2014627165492,0.36888343476967433,0
1596167552.6001282,205.00013062426405,0.36888343476967433,0
1596167552.6101282,206.80197426745252,0.36888343476967433,0
1596167552.6201282,208.6018008894618,0.36888343476967433,0
1596167552.6301281,210.4006404585536,0.36888343476967433,0
1596167552.6401281,212.19939419695692,0.36888343476967433,0
1596167552.6501281,214.00119492480115,0.36888343476967433,0
1596167552.660128,215.79887577959852,0.36888343476967433,0
1596167552.670128,217.60213562914686,0.36888343476967433,0
1596167552.680128,219.40071770617322,0.36888343476967433,0
1596167552.690128,221.19938561388807,0.36888343476967433,0
1596167552.700128,223.0007142729457,0.36888343476967433,0
1596167552.710128,224.79886719652967,0.36888343476967433,0
1596167552.720128,226.60113999316053,0.36888343476967433,0
1596167552.730128,228.40066620776014,0.36888343476967433,0
1596167552.740128,230.19954869219617,0.36888343476967433,0
1596167552.750128,232.0021218962367,0.36888343476967433,0
1596167552.760128,233.8015193648036,0.36888343476967433,0
1596167552.770128,235.6014747328456,0.36888343476967433,0
1596167552.780128,237.40147301623182,0.36888343476967433,0
1596167552.790128,239.198939294308,0.36888343476967433,0
1596167552.800128,241.0021562285121,0.36888343476967433,0
1596167552.810128,242.80039498278455,0.36888343476967433,0
1596167552.820128,244.60168072649793,0.36888343476967433,0
1596167552.830128,246.4000482268031,0.36888343476967433,0
1596167552.840128,248.20189186999158,0.36888343476967433,0
1596167552.850128,250.00017353960828,0.36888343476967433,0
1596167552.860128,251.799356431454,0.36888343476967433,0
1596167552.870128,253.60038468310194,0.36888343476967433,0
1596167552.880128,255.39978215166883,0.36888343476967433,0
1596167552.890128,257.2005958265956,0.36888343476967433,0
1596167552.900128,258.9999932951625,0.36888343476967433,0
1596167552.9101279,260.8011932081874,0.36888343476967433,0
1596167552.9201279,262.6018352217372,0.36888343476967433,0
1596167552.9301279,264.39908692309217,0.36888343476967433,0
1596167552.9401278,266.2016601271327,0.36888343476967433,0
1596167552.9501278,268.00045678088026,0.36888343476967433,0
1596167552.9601278,269.7995967573817,0.36888343476967433,0
1596167552.9701278,271.60032460162,0.36888343476967433,0
1596167552.9801278,273.40010830828504,0.36888343476967433,0
1596167552.9901278,275.19976326891737,0.36888343476967433,0
