Type = Mirollor Strogatz (-ish),Function = Peskin,Refract =0,Epsilon =0.3,Gamma =8,Start_phase =31
Timestamp,Phase,Offset,Ping?
1596159929,31,0,0
1596159929.01,32.79609298706055,0.17222222222222222,0
1596159929.02,34.59583377838135,0.17222222222222222,0
1596159929.03,36.395188331604004,0.17222222222222222,0
1596159929.04,38.195444107055664,0.17222222222222222,0
1596159929.05,39.995914459228516,0.17222222222222222,0
1596159929.06,41.7975435256958,0.17222222222222222,0
1596159929.07,43.597198486328125,0.17222222222222222,0
1596159929.08,45.39603805541992,0.17222222222222222,0
1596159929.09,47.197495460510254,0.17222222222222222,0
1596159929.1,48.99586296081543,0.17222222222222222,0
1596159929.11,50.79470252990723,0.17222222222222222,0
1596159929.12,52.5976619720459,0.17222222222222222,0
1596159929.1299999,54.39461326599121,0.17222222222222222,0
1596159929.1399999,56.19697189331055,0.17222222222222222,0
1596159929.1499999,57.996498107910156,0.17222222222222222,0
1596159929.1599998,59.79439353942871,0.17222222222222222,0
1596159929.1699998,61.59675216674805,0.17222222222222222,0
1596159929.1799998,63.397050857543945,0.17222222222222222,0
1596159929.1899998,65.19726371765137,0.17222222222222222,0
1596159929.1999998,66.99464416503906,0.17222222222222222,0
1596159929.2099998,68.79489994049072,0.17222222222222222,0
1596159929.2199998,70.59704399108887,0.17222222222222222,0
1596159929.2299998,72.39459609985352,0.17222222222222222,0
1596159929.2399998,74.19502353668213,0.17222222222222222,0
1596159929.2499998,75.99660968780518,0.17222222222222222,0
1596159929.2599998,77.7948055267334,0.17222222222222222,0
1596159929.2699997,79.5954475402832,0.17222222222222222,0
1596159929.2799997,81.39557456970215,0.17222222222222222,0
1596159929.2899997,83.19600200653076,0.17222222222222222,0
1596159929.2999997,84.99527072906494,0.17222222222222222,0
1596159929.3099997,86.79569816589355,0.17222222222222222,0
1596159929.3199997,88.59702682495117,0.17222222222222222,0
1596159929.3299997,90.39651012420656,0.17222222222222222,0
1596159929.3399997,92.19479179382326,0.17222222222222222,0
1596159929.3499997,93.99753665924074,0.17222222222222222,0
1596159929.3599997,95.79684829711915,0.17222222222222222,0
1596159929.3699996,97.59500122070314,0.17222222222222222,0
1596159929.3799996,99.39680194854738,0.17222222222222222,0
1596159929.3899996,101.19585609436037,0.17222222222222222,0
1596159929.3999996,102.99594020843507,0.17222222222222222,0
1596159929.4099996,104.7976121902466,0.17222222222222222,0
1596159929.4199996,106.59507846832277,0.17222222222222222,0
1596159929.4299996,108.39756584167482,0.17222222222222222,0
1596159929.4399996,110.19640541076662,0.17222222222222222,0
1596159929.4499996,111.99533081054689,0.17222222222222222,0
1596159929.4599996,113.79511451721193,0.17222222222222222,0
1596159929.4699996,115.59592819213869,0.17222222222222222,0
1596159929.4799995,117.39584064483644,0.17222222222222222,0
1596159929.4899995,119.19759845733644,0.17222222222222222,0
1596159929.4999995,120.99459266662599,0.17222222222222222,0
1596159929.5099995,122.79609298706056,0.17222222222222222,0
1596159929.5199995,124.59600543975831,0.17222222222222222,0
1596159929.5299995,126.39583206176759,0.17222222222222222,0
1596159929.5399995,128.19754695892334,0.17222222222222222,0
1596159929.5499995,129.9966869354248,0.17222222222222222,0
1596159929.5599995,131.79638481140137,0.17222222222222222,0
1596159929.5699995,133.59702682495117,0.17222222222222222,0
1596159929.5799994,135.39560890197754,0.17222222222222222,0
1596159929.5899994,137.19745254516602,0.17222222222222222,0
1596159929.5999994,138.9969358444214,0.17222222222222222,0
1596159929.6099994,140.79723453521729,0.17222222222222222,0
1596159929.6199994,142.5943145751953,0.17222222222222222,0
1596159929.6299994,144.39568614959717,0.17222222222222222,0
1596159929.6399994,146.19461154937744,0.17222222222222222,0
1596159929.6499994,147.99443817138672,0.17222222222222222,0
1596159929.6599994,149.79602432250977,0.17222222222222222,0
1596159929.6699994,151.5946922302246,0.17222222222222222,0
1596159929.6799994,153.39636421203613,0.17222222222222222,0
1596159929.6899993,155.19593334197998,0.17222222222222222,0
1596159929.6999993,156.9959316253662,0.17222222222222222,0
1596159929.7099993,158.79687404632568,0.17222222222222222,0
1596159929.7199993,160.59614276885986,0.17222222222222222,0
1596159929.7299993,162.3970422744751,0.17222222222222222,0
1596159929.7399993,164.19626808166504,0.17222222222222222,0
1596159929.7499993,165.9948501586914,0.17222222222222222,0
1596159929.7599993,167.7975950241089,0.17222222222222222,0
1596159929.7699993,169.5947608947754,0.17222222222222222,0
1596159929.7799993,171.39621829986572,0.17222222222222222,0
1596159929.7899992,173.19600200653076,0.17222222222222222,0
1596159929.7999992,174.99733066558838,0.17222222222222222,0
1596159929.8099992,176.79509735107422,0.17222222222222222,0
1596159929.8199992,178.59668350219727,0.17222222222222222,0
1596159929.8299992,180.39711093902588,0.17222222222222222,0
1596159929.8399992,182.1949634552002,0.17222222222222222,0
1596159929.8499992,183.9943609237671,0.17222222222222222,0
1596159929.8599992,185.79684829711914,0.17222222222222222,0
1596159929.8699992,187.59555912017822,0.17222222222222222,0
1596159929.8799992,189.39525699615479,0.17222222222222222,0
1596159929.8899992,191.19521236419678,0.17222222222222222,0
1596159929.8999991,192.99469566345215,0.17222222222222222,0
1596159929.9099991,194.79765510559082,0.17222222222222222,0
1596159929.9199991,196.5956792831421,0.17222222222222222,0
1596159929.929999,198.3961067199707,0.17222222222222222,0
1596159929.939999,200.19726371765137,0.17222222222222222,0
1596159929.949999,201.99571704864502,0.17222222222222222,0
1596159929.959999,203.79537200927734,0.17222222222222222,0
1596159929.969999,205.59515571594238,0.17222222222222222,0
1596159929.979999,207.39674186706543,0.17222222222222222,0
1596159929.989999,209.19472312927246,0.17222222222222222,0
1596159929.999999,210.99424934387207,0.17222222222222222,0
1596159930.009999,212.79523468017578,0.17222222222222222,0
1596159930.019999,214.59609127044678,0.17222222222222222,0
1596159930.029999,216.394287109375,0.17222222222222222,0
1596159930.039999,218.1958303451538,0.17222222222222222,0
1596159930.049999,219.996901512146,0.17222222222222222,0
1596159930.059999,221.79672813415527,0.17222222222222222,0
1596159930.069999,223.59496688842773,0.17222222222222222,0
1596159930.079999,225.39565181732178,0.17222222222222222,0
1596159930.089999,227.19702339172363,0.17222222222222222,0
1596159930.099999,228.9943609237671,0.17222222222222222,0
1596159930.109999,230.7962474822998,0.17222222222222222,0
1596159930.119999,232.5954303741455,0.17222222222222222,0
1596159930.129999,234.39435577392578,0.17222222222222222,0
1596159930.139999,236.19448280334473,0.17222222222222222,0
1596159930.149999,237.99606895446777,0.17222222222222222,0
1596159930.159999,239.79546642303467,0.17222222222222222,0
1596159930.169999,241.59452056884766,0.17222222222222222,0
1596159930.1799989,243.39696502685547,0.17222222222222222,0
1596159930.1899989,245.1942596435547,0.17222222222222222,0
1596159930.1999989,246.99756240844727,0.17222222222222222,0
1596159930.2099464,248.7847719192505,0.17222222222222222,0
1596159930.2099464,248.7847719192505,0.17222222222222222,0
1596159930.2099988,248.81476974487305,0.17222222222222222,0
1596159930.2199988,250.5954990386963,0.17222222222222222,0
1596159930.2299988,252.39674186706543,0.17222222222222222,0
1596159930.2399988,254.19648265838623,0.17222222222222222,0
1596159930.2499988,255.99553680419922,0.17222222222222222,0
1596159930.2599988,257.79712295532227,0.17222222222222222,0
1596159930.2699988,259.5966491699219,0.17222222222222222,0
1596159930.2799988,261.3946304321289,0.17222222222222222,0
1596159930.2899988,263.1944999694824,0.17222222222222222,0
1596159930.2999988,264.99518489837646,0.17222222222222222,0
1596159930.3099988,266.79582691192627,0.17222222222222222,0
1596159930.3199987,268.59496688842773,0.17222222222222222,0
1596159930.3299987,270.3951368331909,0.17222222222222222,0
1596159930.3399987,272.1966800689697,0.17222222222222222,0
1596159930.3499987,273.9971504211426,0.17222222222222222,0
1596159930.3599987,275.7949171066284,0.17222222222222222,0
1596159930.3699987,277.59603118896484,0.17222222222222222,0
1596159930.3799987,279.39487075805664,0.17222222222222222,0
1596159930.3899987,281.1945686340332,0.17222222222222222,0
1596159930.3999987,282.9967985153198,0.17222222222222222,0
1596159930.4099987,284.7956380844116,0.17222222222222222,0
1596159930.4199986,286.5973529815674,0.17222222222222222,0
1596159930.4299986,288.3974800109863,0.17222222222222222,0
1596159930.4399986,290.19520378112793,0.17222222222222222,0
1596159930.4450567,291.10462284088135,0.17222222222222222,0
1596159930.4450567,291.10462284088135,0.17222222222222222,0
1596159930.4499986,291.99666118621826,0.17222222222222222,0
1596159930.4599986,293.7955436706543,0.17222222222222222,0
1596159930.4699986,295.5975160598755,0.17222222222222222,0
1596159930.4799986,297.39575481414795,0.17222222222222222,0
1596159930.4899986,299.1960964202881,0.17222222222222222,0
1596159930.4999986,300.9971675872803,0.17222222222222222,0
1596159930.5099986,302.79720878601074,0.17222222222222222,0
1596159930.5199986,304.59458923339844,0.17222222222222222,0
1596159930.5299985,306.39458751678467,0.17222222222222222,0
1596159930.5399985,308.19552993774414,0.17222222222222222,0
1596159930.5499985,309.9959144592285,0.17222222222222222,0
1596159930.5599985,311.79436779022217,0.17222222222222222,0
1596159930.5699985,313.59475231170654,0.17222222222222222,0
1596159930.5799985,315.3959093093872,0.17222222222222222,0
1596159930.5899985,317.1959934234619,0.17222222222222222,0
1596159930.5999985,318.9944038391113,0.17222222222222222,0
1596159930.6099985,320.79440212249756,0.17222222222222222,0
1596159930.6199985,322.5953016281128,0.17222222222222222,0
1596159930.6299984,324.3957290649414,0.17222222222222222,0
1596159930.6399984,326.19718647003174,0.17222222222222222,0
1596159930.6499984,327.99469566345215,0.17222222222222222,0
1596159930.6599984,329.7946939468384,0.17222222222222222,0
1596159930.6699984,331.595121383667,0.17222222222222222,0
1596159930.6799984,333.39696502685547,0.17222222222222222,0
1596159930.6899984,335.1959762573242,0.17222222222222222,0
1596159930.6999984,336.9963607788086,0.17222222222222222,0
1596159930.7099984,338.7943420410156,0.17222222222222222,0
1596159930.7199984,340.5969581604004,0.17222222222222222,0
1596159930.7299984,342.39442443847656,0.17222222222222222,0
1596159930.7399983,344.19450855255127,0.17222222222222222,0
1596159930.7499983,345.9947214126587,0.17222222222222222,0
1596159930.7599983,347.79420471191406,0.17222222222222222,0
1596159930.7699983,349.5950183868408,0.17222222222222222,0
1596159930.7799983,351.3948450088501,0.17222222222222222,0
1596159930.7899983,353.1944999694824,0.17222222222222222,0
1596159930.7999983,354.9949703216553,0.17222222222222222,0
1596159930.8099983,356.79514026641846,0.17222222222222222,0
1596159930.8199983,358.59732723236084,0.17222222222222222,0
1596159930.82782,360,0.17222222222222222,1
1596159930.82782,0,0,0
1596159930.83782,1.8001270294189453,0,0
1596159930.84782,3.6033010482788086,0,0
1596159930.85782,5.402441024780273,0,0
1596159930.86782,7.203083038330078,0,0
1596159930.87782,9.002180099487305,0,0
1596159930.88782,10.802221298217773,0,0
1596159930.89782,12.600846290588379,0,0
1596159930.90782,14.403119087219238,0,0
1596159930.91782,16.20307445526123,0,0
1596159930.92782,18.00182819366455,0,0
1596159930.93782,19.80135440826416,0,0
1596159930.94782,21.602554321289062,0,0
1596159930.95782,23.40238094329834,0,0
1596159930.96782,25.201563835144043,0,0
1596159930.97782,27.001819610595703,0,0
1596159930.98782,28.80168914794922,0,0
1596159930.99782,30.601344108581543,0,0
1596159931.00782,32.39996910095215,0,0
1596159931.01782,34.20151233673096,0,0
1596159931.0278199,36.00296974182129,0,0
1596159931.0378199,37.80052185058594,0,0
1596159931.0478199,39.60043430328369,0,0
1596159931.0578198,41.40004634857178,0,0
1596159931.0678198,43.20077419281006,0,0
1596159931.0778198,45.00274658203125,0,0
1596159931.0878198,46.80171489715576,0,0
1596159931.0978198,48.60308647155762,0,0
1596159931.1078198,50.40231227874756,0,0
1596159931.1178198,52.2009801864624,0,0
1596159931.1278198,54.000935554504395,0,0
1596159931.1378198,55.80110549926758,0,0
1596159931.1478198,57.59998798370361,0,0
1596159931.1578197,59.40187454223633,0,0
1596159931.1678197,61.202988624572754,0,0
1596159931.1778197,63.00191402435303,0,0
1596159931.1878197,64.80242729187012,0,0
1596159931.1978197,66.60229682922363,0,0
1596159931.2078197,68.40332508087158,0,0
1596159931.2178197,70.20328044891357,0,0
1596159931.2278197,72.00229167938232,0,0
1596159931.2378197,73.80147457122803,0,0
1596159931.2478197,75.60061454772949,0,0
1596159931.2578197,77.4003553390503,0,0
1596159931.2678196,79.20129776000977,0,0
1596159931.2778196,81.00292682647705,0,0
1596159931.2878196,82.80219554901123,0,0
1596159931.2978196,84.60309505462646,0,0
1596159931.3078196,86.40013217926025,0,0
1596159931.3178196,88.20300579071045,0,0
1596159931.3278196,90.00205993652344,0,0
1596159931.3378196,91.80016994476318,0,0
1596159931.3478196,93.60265731811523,0,0
1596159931.3578196,95.40175437927246,0,0
1596159931.3678195,97.2024393081665,0,0
1596159931.3778195,99.00252342224121,0,0
1596159931.3878195,100.80183506011963,0,0
1596159931.3978195,102.6016616821289,0,0
1596159931.4078195,104.40226078033447,0,0
1596159931.4178195,106.20058536529541,0,0
1596159931.4278195,108.00169944763184,0,0
1596159931.4378195,109.80221271514893,0,0
1596159931.4478195,111.60281181335449,0,0
1596159931.4578195,113.40268135070801,0,0
1596159931.4678195,115.19997596740723,0,0
1596159931.4778194,117.00302124023438,0,0
1596159931.4878194,118.80134582519531,0,0
1596159931.4978194,120.60001373291016,0,0
1596159931.5078194,122.40168571472168,0,0
1596159931.5178194,124.2027997970581,0,0
1596159931.5278194,126.003098487854,0,0
1596159931.5378194,127.80035018920898,0,0
1596159931.5478194,129.60120677947998,0,0
1596159931.5578194,131.40313625335693,0,0
1596159931.5678194,133.20201873779297,0,0
1596159931.5778193,135.00038623809814,0,0
1596159931.5878193,136.799955368042,0,0
1596159931.5978193,138.60304355621338,0,0
1596159931.6078193,140.4017972946167,0,0
1596159931.6178193,142.1998643875122,0,0
1596159931.6278193,144.00097846984863,0,0
1596159931.6378193,145.80114841461182,0,0
1596159931.6478193,147.60260581970215,0,0
1596159931.6578193,149.40324783325195,0,0
1596159931.6678193,151.20243072509766,0,0
1596159931.6778193,153.00260066986084,0,0
1596159931.6878192,154.80002403259277,0,0
1596159931.6978192,156.6019105911255,0,0
1596159931.7078192,158.40083599090576,0,0
1596159931.7178192,160.20031929016113,0,0
1596159931.7278192,162.00310707092285,0,0
1596159931.7378192,163.80125999450684,0,0
1596159931.7478192,165.6026315689087,0,0
1596159931.7578192,167.40172863006592,0,0
1596159931.7678192,169.20035362243652,0,0
1596159931.7778192,171.00030899047852,0,0
1596159931.7878191,172.80202388763428,0,0
1596159931.7978191,174.60159301757812,0,0
1596159931.8078191,176.40133380889893,0,0
1596159931.817819,178.19995880126953,0,0
1596159931.8189335,178.40041637420654,0,0
1596159931.8189335,178.40041637420654,0.0,0
1596159931.827819,180.0007724761963,0.0,0
1596159931.837819,181.80158615112305,0.0,0
1596159931.847819,183.60124111175537,0.0,0
1596159931.857819,185.40029525756836,0.0,0
1596159931.867819,187.20261096954346,0.0,0
1596159931.877819,189.00226593017578,0.0,0
1596159931.887819,190.80037593841553,0.0,0
1596159931.897819,192.60024547576904,0.0,0
1596159931.907819,194.39990043640137,0.0,0
1596159931.917819,196.20187282562256,0.0,0
1596159931.927819,198.0014419555664,0.0,0
1596159931.937819,199.8004961013794,0.0,0
1596159931.947819,201.60264015197754,0.0,0
1596159931.957819,203.40070724487305,0.0,0
1596159931.967819,205.2004909515381,0.0,0
1596159931.977819,207.00053215026855,0.0,0
1596159931.987819,208.80091667175293,0.0,0
1596159931.997819,210.6011724472046,0.0,0
1596159932.007819,212.40061283111572,0.0,0
1596159932.017819,214.20198440551758,0.0,0
1596159932.027819,216.00168228149414,0.0,0
1596159932.037819,217.80052185058594,0.0,0
1596159932.047819,219.60039138793945,0.0,0
1596159932.057819,221.40099048614502,0.0,0
1596159932.0678189,223.2015895843506,0.0,0
1596159932.0778189,225.0022315979004,0.0,0
1596159932.0878189,226.80240154266357,0.0,0
1596159932.0978189,228.5998249053955,0.0,0
1596159932.1078188,230.4003381729126,0.0,0
1596159932.1178188,232.20093727111816,0.0,0
1596159932.1278188,234.0018367767334,0.0,0
1596159932.1378188,235.801362991333,0.0,0
1596159932.1478188,237.602219581604,0.0,0
1596159932.1578188,239.40303325653076,0.0,0
1596159932.1678188,241.20307445526123,0.0,0
1596159932.1778188,243.0018711090088,0.0,0
1596159932.1878188,244.79998111724854,0.0,0
1596159932.1978188,246.60096645355225,0.0,0
1596159932.2078187,248.401780128479,0.0,0
1596159932.2178187,250.20216464996338,0.0,0
1596159932.2278187,252.0010471343994,0.0,0
1596159932.2378187,253.80057334899902,0.0,0
1596159932.2478187,255.60147285461426,0.0,0
1596159932.2578187,257.4001407623291,0.0,0
1596159932.2678187,259.2028856277466,0.0,0
1596159932.2778187,261.0006093978882,0.0,0
1596159932.2878187,262.8015089035034,0.0,0
1596159932.2978187,264.60309505462646,0.0,0
1596159932.3078187,266.4012050628662,0.0,0
1596159932.3178186,268.2015895843506,0.0,0
1596159932.3278186,270.0015449523926,0.0,0
1596159932.3378186,271.8009424209595,0.0,0
1596159932.3478186,273.60098361968994,0.0,0
1596159932.3578186,275.40265560150146,0.0,0
1596159932.3678186,277.20170974731445,0.0,0
1596159932.3778186,279.001407623291,0.0,0
1596159932.3878186,280.8017921447754,0.0,0
1596159932.3978186,282.6000738143921,0.0,0
1596159932.4078186,284.40075874328613,0.0,0
1596159932.4178185,286.20230197906494,0.0,0
1596159932.4278185,288.0022144317627,0.0,0
1596159932.4378185,289.80247020721436,0.0,0
1596159932.4440498,290.9213590621948,0.0,0
1596159932.4440498,290.9213590621948,0.0,0
1596159932.4478185,291.6015672683716,0.0,0
1596159932.4578185,293.4028100967407,0.0,0
1596159932.4678185,295.2027654647827,0.0,0
1596159932.4778185,297.00066089630127,0.0,0
1596159932.4878185,298.802547454834,0.0,0
1596159932.4978185,300.5998420715332,0.0,0
1596159932.5078185,302.40211486816406,0.0,0
1596159932.5178185,304.2000961303711,0.0,0
1596159932.5278184,306.00069522857666,0.0,0
1596159932.5378184,307.80163764953613,0.0,0
1596159932.5478184,309.60073471069336,0.0,0
1596159932.5578184,311.4015483856201,0.0,0
1596159932.5678184,313.2026195526123,0.0,0
1596159932.5778184,315.0004291534424,0.0,0
1596159932.5878184,316.80115699768066,0.0,0
1596159932.5978184,318.6003828048706,0.0,0
1596159932.6078184,320.39995193481445,0.0,0
1596159932.6178184,322.2017526626587,0.0,0
1596159932.6278183,324.00110721588135,0.0,0
1596159932.6378183,325.80007553100586,0.0,0
1596159932.6478183,327.6029062271118,0.0,0
1596159932.6578183,329.40281867980957,0.0,0
1596159932.6678183,331.20007038116455,0.0,0
1596159932.6778183,333.00195693969727,0.0,0
1596159932.6878183,334.80156898498535,0.0,0
1596159932.6978183,336.6001510620117,0.0,0
1596159932.7078183,338.40105056762695,0.0,0
1596159932.7178183,340.20147800445557,0.0,0
1596159932.7278183,342.001690864563,0.0,0
1596159932.7378182,343.8030195236206,0.0,0
1596159932.7478182,345.601601600647,0.0,0
1596159932.7578182,347.40267276763916,0.0,0
1596159932.7678182,349.2021131515503,0.0,0
1596159932.7778182,351.0023260116577,0.0,0
1596159932.7878182,352.8024101257324,0.0,0
1596159932.7978182,354.60026264190674,0.0,0
1596159932.8078182,356.4003038406372,0.0,0
1596159932.8178182,358.2019329071045,0.0,0
1596159932.8278208,360,0.0,1
1596159932.8278208,0,0,0
1596159932.8378208,1.803131103515625,0,0
1596159932.8478208,3.6031293869018555,0,0
1596159932.8578207,5.402698516845703,0,0
1596159932.8678207,7.201967239379883,0,0
1596159932.8778207,9.002437591552734,0,0
1596159932.8878207,10.802221298217773,0,0
1596159932.8978207,12.600975036621094,0,0
1596159932.9078207,14.403376579284668,0,0
1596159932.9178207,16.203203201293945,0,0
1596159932.9278207,18.003158569335938,0,0
1596159932.9378207,19.80062484741211,0,0
1596159932.9478207,21.60083770751953,0,0
1596159932.9578207,23.400321006774902,0,0
1596159932.9678206,25.20315170288086,0,0
1596159932.9778206,27.002720832824707,0,0
1596159932.9878206,28.802461624145508,0,0
1596159932.9978206,30.601816177368164,0,0
1596159933.0078206,32.40138530731201,0,0
1596159933.0178206,34.20219898223877,0,0
1596159933.0278206,36.00112438201904,0,0
1596159933.0378206,37.80013561248779,0,0
1596159933.0478206,39.59996223449707,0,0
1596159933.0578206,41.40056133270264,0,0
1596159933.0678205,43.20240497589111,0,0
1596159933.0778205,45.00077247619629,0,0
1596159933.0878205,46.802401542663574,0,0
1596159933.0978205,48.600382804870605,0,0
1596159933.1078205,50.40149688720703,0,0
1596159933.1178205,52.20205307006836,0,0
1596159933.1278205,54.000163078308105,0,0
1596159933.1378205,55.80325126647949,0,0
1596159933.1478205,57.60033130645752,0,0
1596159933.1578205,59.400458335876465,0,0
1596159933.1678205,61.20075702667236,0,0
1596159933.1778204,63.00079822540283,0,0
1596159933.1878204,64.80109691619873,0,0
1596159933.1978204,66.60221099853516,0,0
1596159933.2078204,68.40272426605225,0,0
1596159933.2178204,70.20276546478271,0,0
1596159933.2278204,72.00044631958008,0,0
1596159933.2378204,73.80220413208008,0,0
1596159933.2478204,75.6000566482544,0,0
1596159933.2578204,77.40061283111572,0,0
1596159933.2678204,79.20258522033691,0,0
1596159933.2778203,81.00232601165771,0,0
1596159933.2878203,82.8001356124878,0,0
1596159933.2978203,84.60142135620117,0,0
1596159933.3078203,86.4030933380127,0,0
1596159933.3178203,88.20124626159668,0,0
1596159933.3278203,90.0011157989502,0,0
1596159933.3378203,91.8023157119751,0,0
1596159933.3478203,93.60278606414795,0,0
1596159933.3578203,95.4014539718628,0,0
1596159933.3678203,97.19990730285645,0,0
1596159933.3778203,99.00282382965088,0,0
1596159933.3878202,100.80162048339844,0,0
1596159933.3978202,102.60118961334229,0,0
1596159933.4078202,104.40157413482666,0,0
1596159933.4178202,106.20054244995117,0,0
1596159933.4278202,108.00032615661621,0,0
1596159933.4378202,109.80096817016602,0,0
1596159933.4478202,111.60191059112549,0,0
1596159933.4578202,113.40096473693848,0,0
1596159933.4678202,115.20074844360352,0,0
1596159933.4778202,117.00199127197266,0,0
1596159933.4878201,118.80259037017822,0,0
1596159933.4978201,120.6013011932373,0,0
1596159933.5078201,122.4001407623291,0,0
1596159933.5178201,124.20310020446777,0,0
1596159933.52782,126.00086688995361,0,0
1596159933.53782,127.8013801574707,0,0
1596159933.54782,129.6000051498413,0,0
1596159933.55782,131.40038967132568,0,0
1596159933.56782,133.19995880126953,0,0
1596159933.57782,135.0021457672119,0,0
1596159933.58782,136.80192947387695,0,0
1596159933.59782,138.600811958313,0,0
1596159933.60782,140.4017972946167,0,0
1596159933.61782,142.2023105621338,0,0
1596159933.62782,144.00286674499512,0,0
1596159933.63782,145.80286502838135,0,0
1596159933.64782,147.60161876678467,0,0
1596159933.65782,149.40058708190918,0,0
1596159933.66782,151.20097160339355,0,0
1596159933.67782,153.00268650054932,0,0
1596159933.68782,154.80041027069092,0,0
1596159933.69782,156.60233974456787,0,0
1596159933.70782,158.40250968933105,0,0
1596159933.71782,160.2015209197998,0,0
1596159933.72782,162.00096130371094,0,0
1596159933.73782,163.8028049468994,0,0
1596159933.74782,165.6003999710083,0,0
1596159933.75782,167.4010419845581,0,0
1596159933.76782,169.20138359069824,0,0
1596159933.7778199,171.00314140319824,0,0
1596159933.7878199,172.8013801574707,0,0
1596159933.7978199,174.60266590118408,0,0
1596159933.8078198,176.4014196395874,0,0
1596159933.8178198,178.20133209228516,0,0
1596159933.8191507,178.4393835067749,0,0
1596159933.8191507,178.4393835067749,0.0,0
1596159933.8278198,180.0029182434082,0.0,0
1596159933.8378198,181.8010711669922,0.0,0
1596159933.8478198,183.60141277313232,0.0,0
1596159933.8578198,185.40231227874756,0.0,0
1596159933.8678198,187.20080852508545,0.0,0
1596159933.8778198,189.00110721588135,0.0,0
1596159933.8878198,190.8026933670044,0.0,0
1596159933.8978198,192.6026487350464,0.0,0
1596159933.9078197,194.40247535705566,0.0,0
1596159933.9178197,196.20088577270508,0.0,0
1596159933.9278197,198.00302982330322,0.0,0
1596159933.9378197,199.7999382019043,0.0,0
1596159933.9478197,201.60268306732178,0.0,0
1596159933.9578197,203.4030246734619,0.0,0
1596159933.9678197,205.2009630203247,0.0,0
1596159933.9778197,207.00044631958008,0.0,0
1596159933.9878197,208.80018711090088,0.0,0
1596159933.9978197,210.60267448425293,0.0,0
1596159934.0078197,212.40288734436035,0.0,0
1596159934.0178196,214.20031070709229,0.0,0
1596159934.0278196,216.00000858306885,0.0,0
1596159934.0378196,217.8011655807495,0.0,0
1596159934.0478196,219.5998764038086,0.0,0
1596159934.0578196,221.40116214752197,0.0,0
1596159934.0678196,223.20073127746582,0.0,0
1596159934.0778196,225.0022315979004,0.0,0
1596159934.0878196,226.80047035217285,0.0,0
1596159934.0978196,228.6013698577881,0.0,0
1596159934.1078196,230.402569770813,0.0,0
1596159934.1178195,232.20196723937988,0.0,0
1596159934.1278195,234.0030813217163,0.0,0
1596159934.1378195,235.801362991333,0.0,0
1596159934.1478195,237.60046005249023,0.0,0
1596159934.1578195,239.40213203430176,0.0,0
1596159934.1678195,241.20144367218018,0.0,0
1596159934.1778195,243.00071239471436,0.0,0
1596159934.1878195,244.8015260696411,0.0,0
1596159934.1978195,246.60311222076416,0.0,0
1596159934.2078195,248.40023517608643,0.0,0
1596159934.2178195,250.20160675048828,0.0,0
1596159934.2278194,252.00254917144775,0.0,0
1596159934.2378194,253.8019895553589,0.0,0
1596159934.2478194,255.6000566482544,0.0,0
1596159934.2578194,257.4030590057373,0.0,0
1596159934.2678194,259.2010831832886,0.0,0
1596159934.2778194,261.00013732910156,0.0,0
1596159934.2878194,262.80009269714355,0.0,0
1596159934.2978194,264.60116386413574,0.0,0
1596159934.3078194,266.40283584594727,0.0,0
1596159934.3178194,268.2002592086792,0.0,0
1596159934.3278193,270.0022315979004,0.0,0
1596159934.3378193,271.80047035217285,0.0,0
1596159934.3478193,273.6023998260498,0.0,0
1596159934.3578193,275.40128231048584,0.0,0
1596159934.3678193,277.20295429229736,0.0,0
1596159934.3778193,279.0028238296509,0.0,0
1596159934.3878193,280.80153465270996,0.0,0
1596159934.3978193,282.6014041900635,0.0,0
1596159934.4078193,284.4017028808594,0.0,0
1596159934.4178193,286.20243072509766,0.0,0
1596159934.4278193,288.0023431777954,0.0,0
1596159934.4378192,289.80156898498535,0.0,0
1596159934.445516,291.18515968322754,0.0,0
1596159934.445516,291.18515968322754,0.0,0
1596159934.4478192,291.6019105911255,0.0,0
1596159934.4578192,293.40057849884033,0.0,0
1596159934.4678192,295.2013063430786,0.0,0
1596159934.4778192,297.0014762878418,0.0,0
1596159934.4878192,298.800573348999,0.0,0
1596159934.4978192,300.60155868530273,0.0,0
1596159934.5078192,302.40099906921387,0.0,0
1596159934.5178192,304.20284271240234,0.0,0
1596159934.5278192,306.00245475769043,0.0,0
1596159934.5378191,307.800350189209,0.0,0
1596159934.5478191,309.60052013397217,0.0,0
1596159934.5578191,311.4004325866699,0.0,0
1596159934.567819,313.1999158859253,0.0,0
1596159934.577819,315.0002145767212,0.0,0
1596159934.587819,316.80145740509033,0.0,0
1596159934.597819,318.60257148742676,0.0,0
1596159934.607819,320.40239810943604,0.0,0
1596159934.617819,322.19969272613525,0.0,0
1596159934.627819,324.00235176086426,0.0,0
1596159934.637819,325.8009338378906,0.0,0
1596159934.647819,327.6011896133423,0.0,0
1596159934.657819,329.3999433517456,0.0,0
1596159934.667819,331.19972705841064,0.0,0
1596159934.677819,332.9997253417969,0.0,0
1596159934.687819,334.8007535934448,0.0,0
1596159934.697819,336.6017818450928,0.0,0
1596159934.707819,338.4014368057251,0.0,0
1596159934.717819,340.20113468170166,0.0,0
1596159934.727819,342.00289249420166,0.0,0
1596159934.737819,343.8028907775879,0.0,0
1596159934.747819,345.6002712249756,0.0,0
1596159934.757819,347.4009132385254,0.0,0
1596159934.767819,349.20069694519043,0.0,0
1596159934.777819,351.00090980529785,0.0,0
1596159934.787819,352.80155181884766,0.0,0
1596159934.797819,354.6024513244629,0.0,0
1596159934.807819,356.400089263916,0.0,0
1596159934.8178189,358.20244789123535,0.0,0
1596159934.827828,360,0.0,1
1596159934.827828,0,0,0
1596159934.837828,1.8012428283691406,0,0
1596159934.847828,3.601841926574707,0,0
1596159934.857828,5.401411056518555,0,0
1596159934.867828,7.200336456298828,0,0
1596159934.877828,9.001879692077637,0,0
1596159934.8878279,10.80282211303711,0,0
1596159934.8978279,12.601704597473145,0,0
1596159934.9078279,14.403290748596191,0,0
1596159934.9178278,16.201529502868652,0,0
1596159934.9278278,18.00238609313965,0,0
1596159934.9378278,19.803156852722168,0,0
1596159934.9478278,21.601266860961914,0,0
1596159934.9578278,23.40014934539795,0,0
1596159934.9678278,25.201048851013184,0,0
1596159934.9778278,27.003321647644043,0,0
1596159934.9878278,28.80018711090088,0,0
1596159934.9978278,30.60190200805664,0,0
1596159935.0078278,32.40134239196777,0,0
1596159935.0178277,34.20288562774658,0,0
1596159935.0278277,36.00125312805176,0,0
1596159935.0378277,37.80172348022461,0,0
1596159935.0478277,39.60197925567627,0,0
1596159935.0578277,41.402621269226074,0,0
1596159935.0678277,43.20322036743164,0,0
1596159935.0778277,45.002145767211914,0,0
1596159935.0878277,46.80158615112305,0,0
1596159935.0978277,48.60248565673828,0,0
1596159935.1078277,50.40128231048584,0,0
1596159935.1178277,52.20136642456055,0,0
1596159935.1278276,54.001407623291016,0,0
1596159935.1378276,55.80089092254639,0,0
1596159935.1478276,57.60063171386719,0,0
1596159935.1578276,59.40127372741699,0,0
1596159935.1678276,61.203246116638184,0,0
1596159935.1778276,63.000197410583496,0,0
1596159935.1878276,64.80272769927979,0,0
1596159935.1978276,66.60251140594482,0,0
1596159935.2078276,68.40019226074219,0,0
1596159935.2178276,70.20310878753662,0,0
1596159935.2278275,72.00014591217041,0,0
1596159935.2378275,73.80001544952393,0,0
1596159935.2478275,75.60263156890869,0,0
1596159935.2578275,77.40262985229492,0,0
1596159935.2678275,79.19992446899414,0,0
1596159935.2778275,81.00026607513428,0,0
1596159935.2878275,82.80146598815918,0,0
1596159935.2978275,84.60266590118408,0,0
1596159935.3078275,86.40056133270264,0,0
1596159935.3178275,88.20141792297363,0,0
1596159935.3278275,90.00102996826172,0,0
1596159935.3378274,91.8021011352539,0,0
1596159935.3478274,93.60064029693604,0,0
1596159935.3578274,95.4021406173706,0,0
1596159935.3678274,97.20020771026611,0,0
1596159935.3778274,99.00256633758545,0,0
1596159935.3878274,100.8012342453003,0,0
1596159935.3978274,102.600417137146,0,0
1596159935.4078274,104.4014024734497,0,0
1596159935.4178274,106.20260238647461,0,0
1596159935.4278274,108.00272941589355,0,0
1596159935.4378273,109.80264186859131,0,0
1596159935.4478273,111.60122394561768,0,0
1596159935.4578273,113.40229511260986,0,0
1596159935.4678273,115.20139217376709,0,0
1596159935.4778273,117.00053215026855,0,0
1596159935.4878273,118.80151748657227,0,0
1596159935.4978273,120.60271739959717,0,0
1596159935.5078273,122.40323066711426,0,0
1596159935.5178273,124.20176982879639,0,0
1596159935.5278273,126.00056648254395,0,0
1596159935.5378273,127.80017852783203,0,0
1596159935.5478272,129.60270881652832,0,0
1596159935.5578272,131.40202045440674,0,0
1596159935.5678272,133.2015895843506,0,0
1596159935.5778272,134.99987125396729,0,0
1596159935.5878272,136.8024444580078,0,0
1596159935.5978272,138.60068321228027,0,0
1596159935.6078272,140.40226936340332,0,0
1596159935.6178272,142.19990730285645,0,0
1596159935.6278272,144.00265216827393,0,0
1596159935.6378272,145.80132007598877,0,0
1596159935.6478271,147.601318359375,0,0
1596159935.6578271,149.4018316268921,0,0
1596159935.6678271,151.20324611663818,0,0
1596159935.6778271,153.0005407333374,0,0
1596159935.687827,154.80144023895264,0,0
1596159935.697827,156.60242557525635,0,0
1596159935.707827,158.40044975280762,0,0
1596159935.717827,160.20109176635742,0,0
1596159935.727827,162.00018882751465,0,0
1596159935.737827,163.8004446029663,0,0
1596159935.747827,165.59992790222168,0,0
1596159935.757827,167.40177154541016,0,0
1596159935.767827,169.20142650604248,0,0
1596159935.777827,171.00266933441162,0,0
1596159935.787827,172.80223846435547,0,0
1596159935.797827,174.60034847259521,0,0
1596159935.807827,176.4007329940796,0,0
1596159935.817827,178.20184707641602,0,0
1596159935.819364,178.47650527954102,0,0
1596159935.819364,178.47650527954102,0.0,0
1596159935.827827,180.0020170211792,0.0,0
1596159935.837827,181.80047035217285,0.0,0
1596159935.847827,183.60042572021484,0.0,0
1596159935.857827,185.40265560150146,0.0,0
1596159935.867827,187.2027826309204,0.0,0
1596159935.877827,189.0020513534546,0.0,0
1596159935.887827,190.800461769104,0.0,0
1596159935.897827,192.60033130645752,0.0,0
1596159935.907827,194.40260410308838,0.0,0
1596159935.917827,196.2006711959839,0.0,0
1596159935.927827,198.00212860107422,0.0,0
1596159935.9378269,199.80298519134521,0.0,0
1596159935.9478269,201.60088062286377,0.0,0
1596159935.9578269,203.40293884277344,0.0,0
1596159935.9678268,205.2015209197998,0.0,0
1596159935.9778268,207.00276374816895,0.0,0
1596159935.9878268,208.8015604019165,0.0,0
1596159935.9978268,210.60254573822021,0.0,0
1596159936.0078268,212.40185737609863,0.0,0
1596159936.0178268,214.20185565948486,0.0,0
1596159936.0278268,216.0001802444458,0.0,0
1596159936.0378268,217.80219554901123,0.0,0
1596159936.0478268,219.60296630859375,0.0,0
1596159936.0578268,221.40270709991455,0.0,0
1596159936.0678267,223.20090293884277,0.0,0
1596159936.0778267,225.00154495239258,0.0,0
1596159936.0878267,226.8017578125,0.0,0
1596159936.0978267,228.60278606414795,0.0,0
1596159936.1078267,230.40050983428955,0.0,0
1596159936.1178267,232.2020959854126,0.0,0
1596159936.1278267,233.99999141693115,0.0,0
1596159936.1378267,235.79994678497314,0.0,0
1596159936.1478267,237.60282039642334,0.0,0
1596159936.1578267,239.40153121948242,0.0,0
1596159936.1678267,241.20007038116455,0.0,0
1596159936.1778266,243.00127029418945,0.0,0
1596159936.1878266,244.8025131225586,0.0,0
1596159936.1978266,246.60070896148682,0.0,0
1596159936.2078266,248.40173721313477,0.0,0
1596159936.2178266,250.20057678222656,0.0,0
1596159936.2278266,252.00121879577637,0.0,0
1596159936.2378266,253.8030195236206,0.0,0
1596159936.2478266,255.6031036376953,0.0,0
1596159936.2578266,257.40108489990234,0.0,0
1596159936.2678266,259.2012548446655,0.0,0
1596159936.2778265,261.000394821167,0.0,0
1596159936.2878265,262.8024959564209,0.0,0
1596159936.2978265,264.60017681121826,0.0,0
1596159936.3078265,266.40257835388184,0.0,0
1596159936.3178265,268.200044631958,0.0,0
1596159936.3278265,270.00141620635986,0.0,0
1596159936.3378265,271.8000841140747,0.0,0
1596159936.3478265,273.6025285720825,0.0,0
1596159936.3578265,275.3999090194702,0.0,0
1596159936.3678265,277.2003364562988,0.0,0
1596159936.3778265,279.00200843811035,0.0,0
1596159936.3878264,280.80217838287354,0.0,0
1596159936.3978264,282.6029062271118,0.0,0
1596159936.4078264,284.4023895263672,0.0,0
1596159936.4178264,286.20307445526123,0.0,0
1596159936.4278264,288.0004549026489,0.0,0
1596159936.4378264,289.80066776275635,0.0,0
1596159936.4457347,291.2232255935669,0.0,0
1596159936.4457347,291.2232255935669,0.0,0
1596159936.4478264,291.6029405593872,0.0,0
1596159936.4578264,293.40216636657715,0.0,0
1596159936.4678264,295.20010471343994,0.0,0
1596159936.4778264,297.00031757354736,0.0,0
1596159936.4878263,298.8030195236206,0.0,0
1596159936.4978263,300.60070037841797,0.0,0
1596159936.5078263,302.3997116088867,0.0,0
1596159936.5178263,304.2012548446655,0.0,0
1596159936.5278263,306.0007381439209,0.0,0
1596159936.5378263,307.80052185058594,0.0,0
1596159936.5478263,309.60249423980713,0.0,0
1596159936.5578263,311.4021921157837,0.0,0
1596159936.5678263,313.20244789123535,0.0,0
1596159936.5778263,315.0022315979004,0.0,0
1596159936.5878263,316.8024444580078,0.0,0
1596159936.5978262,318.60064029693604,0.0,0
1596159936.6078262,320.4024410247803,0.0,0
1596159936.6178262,322.2030830383301,0.0,0
1596159936.6278262,324.0002918243408,0.0,0
1596159936.6378262,325.80174922943115,0.0,0
1596159936.6478262,327.6023483276367,0.0,0
1596159936.6578262,329.4026041030884,0.0,0
1596159936.6678262,331.20230197906494,0.0,0
1596159936.6778262,333.00127029418945,0.0,0
1596159936.6878262,334.80234146118164,0.0,0
1596159936.6978261,336.6025972366333,0.0,0
1596159936.7078261,338.39972019195557,0.0,0
1596159936.7178261,340.2013921737671,0.0,0
1596159936.727826,342.0010042190552,0.0,0
1596159936.737826,343.7999725341797,0.0,0
1596159936.747826,345.60258865356445,0.0,0
1596159936.757826,347.40185737609863,0.0,0
1596159936.767826,349.2025852203369,0.0,0
1596159936.777826,351.00056648254395,0.0,0
1596159936.787826,352.8009080886841,0.0,0
1596159936.797826,354.60206508636475,0.0,0
1596159936.807826,356.40172004699707,0.0,0
1596159936.817826,358.2022762298584,0.0,0
1596159936.8278322,360,0.0,1
1596159936.8278322,0,0,0
1596159936.8378322,1.8018436431884766,0,0
1596159936.8478322,3.601841926574707,0,0
1596159936.8578322,5.401325225830078,0,0
1596159936.8678322,7.2005510330200195,0,0
1596159936.8778322,9.002351760864258,0,0
1596159936.8878322,10.800161361694336,0,0
1596159936.8978322,12.60230541229248,0,0
1596159936.9078321,14.400157928466797,0,0
1596159936.9178321,16.20234489440918,0,0
1596159936.9278321,18.002643585205078,0,0
1596159936.937832,19.80212688446045,0,0
1596159936.947832,21.60010814666748,0,0
1596159936.957832,23.40238094329834,0,0
1596159936.967832,25.20040512084961,0,0
1596159936.977832,27.0029354095459,0,0
1596159936.987832,28.802590370178223,0,0
1596159936.997832,30.601601600646973,0,0
1596159937.007832,32.401084899902344,0,0
1596159937.017832,34.201040267944336,0,0
1596159937.027832,36.00249767303467,0,0
1596159937.037832,37.80253887176514,0,0
1596159937.047832,39.600563049316406,0,0
1596159937.057832,41.400818824768066,0,0
1596159937.067832,43.20291996002197,0,0
1596159937.077832,45.00244617462158,0,0
1596159937.087832,46.80034160614014,0,0
1596159937.097832,48.6029577255249,0,0
1596159937.107832,50.40222644805908,0,0
1596159937.117832,52.20304012298584,0,0
1596159937.127832,54.0003776550293,0,0
1596159937.137832,55.801448822021484,0,0
1596159937.147832,57.600717544555664,0,0
1596159937.157832,59.4005012512207,0,0
1596159937.167832,61.20007038116455,0,0
1596159937.177832,63.00032615661621,0,0
1596159937.1878319,64.80225563049316,0,0
1596159937.1978319,66.60109519958496,0,0
1596159937.2078319,68.40298175811768,0,0
1596159937.2178319,70.20250797271729,0,0
1596159937.2278318,72.00078964233398,0,0
1596159937.2378318,73.80095958709717,0,0
1596159937.2478318,75.6000566482544,0,0
1596159937.2578318,77.40207195281982,0,0
1596159937.2678318,79.20224189758301,0,0
1596159937.2778318,81.00133895874023,0,0
1596159937.2878318,82.80069351196289,0,0
1596159937.2978318,84.60266590118408,0,0
1596159937.3078318,86.40150547027588,0,0
1596159937.3178318,88.20090293884277,0,0
1596159937.3278317,90.00223159790039,0,0
1596159937.3378317,91.80068492889404,0,0
1596159937.3478317,93.59999656677246,0,0
1596159937.3578317,95.40287017822266,0,0
1596159937.3678317,97.20316886901855,0,0
1596159937.3778317,99.00042057037354,0,0
1596159937.3878317,100.80316543579102,0,0
1596159937.3978317,102.60106086730957,0,0
1596159937.4078317,104.40165996551514,0,0
1596159937.4178317,106.20333194732666,0,0
1596159937.4278316,108.0016565322876,0,0
1596159937.4378316,109.80328559875488,0,0
1596159937.4478316,111.60088062286377,0,0
1596159937.4578316,113.4023380279541,0,0
1596159937.4678316,115.20066261291504,0,0
1596159937.4778316,116.99988842010498,0,0
1596159937.4878316,118.80250453948975,0,0
1596159937.4978316,120.60288906097412,0,0
1596159937.5078316,122.40031242370605,0,0
1596159937.5178316,124.20026779174805,0,0
1596159937.5278316,126.00133895874023,0,0
1596159937.5378315,127.80009269714355,0,0
1596159937.5478315,129.6005630493164,0,0
1596159937.5578315,131.40296459197998,0,0
1596159937.5678315,133.20176124572754,0,0
1596159937.5778315,135.00266075134277,0,0
1596159937.5878315,136.80089950561523,0,0
1596159937.5978315,138.6011552810669,0,0
1596159937.6078315,140.40252685546875,0,0
1596159937.6178315,142.2026538848877,0,0
1596159937.6278315,144.00213718414307,0,0
1596159937.6378314,145.79998970031738,0,0
1596159937.6478314,147.60118961334229,0,0
1596159937.6578314,149.4001579284668,0,0
1596159937.6678314,151.20217323303223,0,0
1596159937.6778314,153.00024032592773,0,0
1596159937.6878314,154.80311393737793,0,0
1596159937.6978314,156.60075187683105,0,0
1596159937.7078314,158.40139389038086,0,0
1596159937.7178314,160.20147800445557,0,0
1596159937.7278314,162.00190544128418,0,0
1596159937.7378314,163.80168914794922,0,0
1596159937.7478313,165.6029748916626,0,0
1596159937.7578313,167.4023723602295,0,0
1596159937.7678313,169.20061111450195,0,0
1596159937.7778313,171.00069522857666,0,0
1596159937.7878313,172.80198097229004,0,0
1596159937.7978313,174.60322380065918,0,0
1596159937.8078313,176.40094757080078,0,0
1596159937.8178313,178.2011604309082,0,0
1596159937.8195896,178.51633071899414,0,0
1596159937.8195896,178.51633071899414,0.0,0
1596159937.8278313,180.00163078308105,0.0,0
1596159937.8378313,181.8004274368286,0.0,0
1596159937.8478312,183.60162734985352,0.0,0
1596159937.8578312,185.39995193481445,0.0,0
1596159937.8678312,187.20145225524902,0.0,0
1596159937.8778312,189.00170803070068,0.0,0
1596159937.8878312,190.8003330230713,0.0,0
1596159937.8978312,192.60106086730957,0.0,0
1596159937.9078312,194.40187454223633,0.0,0
1596159937.9178312,196.20217323303223,0.0,0
1596159937.9278312,197.9998540878296,0.0,0
1596159937.9378312,199.8022985458374,0.0,0
1596159937.9478312,201.6014814376831,0.0,0
1596159937.9578311,203.40027809143066,0.0,0
1596159937.9678311,205.20087718963623,0.0,0
1596159937.9778311,207.0027208328247,0.0,0
1596159937.987831,208.8023328781128,0.0,0
1596159937.997831,210.60258865356445,0.0,0
1596159938.007831,212.40056991577148,0.0,0
1596159938.017831,214.20104026794434,0.0,0
1596159938.027831,216.00022315979004,0.0,0
1596159938.037831,217.8013801574707,0.0,0
1596159938.047831,219.60017681121826,0.0,0
1596159938.057831,221.4025354385376,0.0,0
1596159938.067831,223.20236206054688,0.0,0
1596159938.077831,225.00188827514648,0.0,0
1596159938.087831,226.8006420135498,0.0,0
1596159938.097831,228.60068321228027,0.0,0
1596159938.107831,230.40171146392822,0.0,0
1596159938.117831,232.20256805419922,0.0,0
1596159938.127831,234.00179386138916,0.0,0
1596159938.137831,235.80265045166016,0.0,0
1596159938.147831,237.60234832763672,0.0,0
1596159938.157831,239.40002918243408,0.0,0
1596159938.167831,241.20307445526123,0.0,0
1596159938.177831,243.00114154815674,0.0,0
1596159938.187831,244.800066947937,0.0,0
1596159938.197831,246.60276889801025,0.0,0
1596159938.207831,248.40096473693848,0.0,0
1596159938.217831,250.2004909515381,0.0,0
1596159938.227831,252.002592086792,0.0,0
1596159938.2378309,253.80035877227783,0.0,0
1596159938.2478309,255.59992790222168,0.0,0
1596159938.2578309,257.40108489990234,0.0,0
1596159938.2678308,259.2027997970581,0.0,0
1596159938.2778308,261.00189685821533,0.0,0
1596159938.2878308,262.80155181884766,0.0,0
1596159938.2978308,264.6023654937744,0.0,0
1596159938.3078308,266.4023208618164,0.0,0
1596159938.3178308,268.20133209228516,0.0,0
1596159938.3278308,270.0007724761963,0.0,0
1596159938.3378308,271.802659034729,0.0,0
1596159938.3478308,273.6016273498535,0.0,0
1596159938.3578308,275.4017972946167,0.0,0
1596159938.3678308,277.20158100128174,0.0,0
1596159938.3778307,279.0002918243408,0.0,0
1596159938.3878307,280.8021354675293,0.0,0
1596159938.3978307,282.6029062271118,0.0,0
1596159938.4078307,284.40281867980957,0.0,0
1596159938.4178307,286.20007038116455,0.0,0
1596159938.4278307,288.0016565322876,0.0,0
1596159938.4378307,289.8028564453125,0.0,0
1596159938.4459646,291.2638235092163,0.0,0
1596159938.4459646,291.2638235092163,0.0,0
1596159938.4478307,291.60053730010986,0.0,0
1596159938.4578307,293.4015655517578,0.0,0
1596159938.4678307,295.2016496658325,0.0,0
1596159938.4778306,296.9999313354492,0.0,0
1596159938.4878306,298.80117416381836,0.0,0
1596159938.4978306,300.6017732620239,0.0,0
1596159938.5078306,302.40129947662354,0.0,0
1596159938.5178306,304.20104026794434,0.0,0
1596159938.5278306,306.0000514984131,0.0,0
1596159938.5378306,307.8015089035034,0.0,0
1596159938.5478306,309.60060596466064,0.0,0
1596159938.5578306,311.401891708374,0.0,0
1596159938.5678306,313.2010316848755,0.0,0
1596159938.5778306,315.00141620635986,0.0,0
1596159938.5878305,316.79978370666504,0.0,0
1596159938.5978305,318.5998249053955,0.0,0
1596159938.6078305,320.4011535644531,0.0,0
1596159938.6178305,322.20282554626465,0.0,0
1596159938.6278305,323.99999141693115,0.0,0
1596159938.6378305,325.80265045166016,0.0,0
1596159938.6478305,327.6000738143921,0.0,0
1596159938.6578305,329.401273727417,0.0,0
1596159938.6678305,331.2024736404419,0.0,0
1596159938.6778305,333.00092697143555,0.0,0
1596159938.6878304,334.80234146118164,0.0,0
1596159938.6978304,336.60229682922363,0.0,0
1596159938.7078304,338.4023380279541,0.0,0
1596159938.7178304,340.2018213272095,0.0,0
1596159938.7278304,342.0005750656128,0.0,0
1596159938.7378304,343.80181789398193,0.0,0
1596159938.7478304,345.6007432937622,0.0,0
1596159938.7578304,347.402286529541,0.0,0
1596159938.7678304,349.20275688171387,0.0,0
1596159938.7778304,351.0002660751343,0.0,0
1596159938.7878304,352.8015947341919,0.0,0
1596159938.7978303,354.59996223449707,0.0,0
1596159938.8078303,356.40021800994873,0.0,0
1596159938.8178303,358.2001733779907,0.0,0
1596159938.8278341,360,0.0,1
1596159938.8278341,0,0,0
1596159938.8378341,1.8004703521728516,0,0
1596159938.847834,3.6012840270996094,0,0
1596159938.857834,5.400853157043457,0,0
1596159938.867834,7.203125953674316,0,0
1596159938.877834,9.002737998962402,0,0
1596159938.887834,10.802478790283203,0,0
1596159938.897834,12.603249549865723,0,0
1596159938.907834,14.401702880859375,0,0
1596159938.917834,16.201958656311035,0,0
1596159938.927834,18.002300262451172,0,0
1596159938.937834,19.801998138427734,0,0
1596159938.947834,21.600193977355957,0,0
1596159938.957834,23.4028959274292,0,0
1596159938.967834,25.200490951538086,0,0
1596159938.977834,27.001004219055176,0,0
1596159938.987834,28.802075386047363,0,0
1596159938.997834,30.601773262023926,0,0
1596159939.007834,32.40185737609863,0,0
1596159939.017834,34.20198440551758,0,0
1596159939.027834,36.00262641906738,0,0
1596159939.037834,37.8024959564209,0,0
1596159939.047834,39.6031379699707,0,0
1596159939.057834,41.401848793029785,0,0
1596159939.067834,43.203134536743164,0,0
1596159939.077834,45.000643730163574,0,0
1596159939.087834,46.80317401885986,0,0
1596159939.0978339,48.602614402770996,0,0
1596159939.1078339,50.401368141174316,0,0
1596159939.1178339,52.20248222351074,0,0
1596159939.1278338,54.00260925292969,0,0
1596159939.1378338,55.80179214477539,0,0
1596159939.1478338,57.602219581604004,0,0
1596159939.1578338,59.40032958984375,0,0
1596159939.1678338,61.202473640441895,0,0
1596159939.1778338,63.000755310058594,0,0
1596159939.1878338,64.80255603790283,0,0
1596159939.1978338,66.60238265991211,0,0
1596159939.2078338,68.40268135070801,0,0
1596159939.2178338,70.20216464996338,0,0
1596159939.2278337,72.00297832489014,0,0
1596159939.2378337,73.80044460296631,0,0
1596159939.2478337,75.60048580169678,0,0
1596159939.2578337,77.40005493164062,0,0
1596159939.2678337,79.20254230499268,0,0
1596159939.2778337,81.00288391113281,0,0
1596159939.2878337,82.8013801574707,0,0
1596159939.2978337,84.60043430328369,0,0
1596159939.3078337,86.40146255493164,0,0
1596159939.3178337,88.20064544677734,0,0
1596159939.3278337,90.00094413757324,0,0
1596159939.3378336,91.80278778076172,0,0
1596159939.3478336,93.6014986038208,0,0
1596159939.3578336,95.40188312530518,0,0
1596159939.3678336,97.20316886901855,0,0
1596159939.3778336,99.00175094604492,0,0
1596159939.3878336,100.80003261566162,0,0
1596159939.3978336,102.60153293609619,0,0
1596159939.4078336,104.40097332000732,0,0
1596159939.4178336,106.20234489440918,0,0
1596159939.4278336,107.99989700317383,0,0
1596159939.4378335,109.80071067810059,0,0
1596159939.4478335,111.6016960144043,0,0
1596159939.4578335,113.399977684021,0,0
1596159939.4678335,115.20087718963623,0,0
1596159939.4778335,117.00006008148193,0,0
1596159939.4878335,118.80237579345703,0,0
1596159939.4978335,120.60125827789307,0,0
1596159939.5078335,122.4010419845581,0,0
1596159939.5178335,124.20026779174805,0,0
1596159939.5278335,126.00206851959229,0,0
1596159939.5378335,127.80296802520752,0,0
1596159939.5478334,129.60296630859375,0,0
1596159939.5578334,131.4003038406372,0,0
1596159939.5678334,133.20184707641602,0,0
1596159939.5778334,135.00205993652344,0,0
1596159939.5878334,136.8032169342041,0,0
1596159939.5978334,138.6021852493286,0,0
1596159939.6078334,140.40020942687988,0,0
1596159939.6178334,142.20183849334717,0,0
1596159939.6278334,144.0019655227661,0,0
1596159939.6378334,145.801362991333,0,0
1596159939.6478333,147.6025629043579,0,0
1596159939.6578333,149.40320491790771,0,0
1596159939.6678333,151.2000274658203,0,0
1596159939.6778333,153.00101280212402,0,0
1596159939.6878333,154.80169773101807,0,0
1596159939.6978333,156.60221099853516,0,0
1596159939.7078333,158.39993476867676,0,0
1596159939.7178333,160.20092010498047,0,0
1596159939.7278333,162.0002317428589,0,0
1596159939.7378333,163.80293369293213,0,0
1596159939.7478333,165.6031894683838,0,0
1596159939.7578332,167.40168571472168,0,0
1596159939.7678332,169.202241897583,0,0
1596159939.7778332,171.00112438201904,0,0
1596159939.7878332,172.80288219451904,0,0
1596159939.7978332,174.60227966308594,0,0
1596159939.8078332,176.40270709991455,0,0
1596159939.8178332,178.20086002349854,0,0
1596159939.819805,178.5547399520874,0,0
1596159939.819805,178.5547399520874,0.0,0
1596159939.8278332,180.00300407409668,0.0,0
1596159939.8378332,181.802659034729,0.0,0
1596159939.8478332,183.59995365142822,0.0,0
1596159939.8578331,185.4029130935669,0.0,0
1596159939.8678331,187.20261096954346,0.0,0
1596159939.8778331,189.00226593017578,0.0,0
1596159939.887833,190.800461769104,0.0,0
1596159939.897833,192.6002025604248,0.0,0
1596159939.907833,194.40187454223633,0.0,0
1596159939.917833,196.203031539917,0.0,0
1596159939.927833,198.00225734710693,0.0,0
1596159939.937833,199.8019552230835,0.0,0
1596159939.947833,201.60070896148682,0.0,0
1596159939.957833,203.40070724487305,0.0,0
1596159939.967833,205.20023345947266,0.0,0
1596159939.977833,207.00297832489014,0.0,0
1596159939.987833,208.8019037246704,0.0,0
1596159939.997833,210.60048580169678,0.0,0
1596159940.007833,212.4025011062622,0.0,0
1596159940.017833,214.2016839981079,0.0,0
1596159940.027833,216.000394821167,0.0,0
1596159940.037833,217.80198097229004,0.0,0
1596159940.047833,219.6013355255127,0.0,0
1596159940.057833,221.40236377716064,0.0,0
1596159940.067833,223.20270538330078,0.0,0
1596159940.077833,225.00175952911377,0.0,0
1596159940.087833,226.80192947387695,0.0,0
1596159940.097833,228.60042572021484,0.0,0
1596159940.107833,230.40076732635498,0.0,0
1596159940.117833,232.20145225524902,0.0,0
1596159940.127833,234.00046348571777,0.0,0
1596159940.1378329,235.8002471923828,0.0,0
1596159940.1478329,237.60170459747314,0.0,0
1596159940.1578329,239.4019603729248,0.0,0
1596159940.1678329,241.20092868804932,0.0,0
1596159940.1778328,243.0018711090088,0.0,0
1596159940.1878328,244.8021697998047,0.0,0
1596159940.1978328,246.60006523132324,0.0,0
1596159940.2078328,248.39989185333252,0.0,0
1596159940.2178328,250.20066261291504,0.0,0
1596159940.2278328,252.00177669525146,0.0,0
1596159940.2378328,253.8003158569336,0.0,0
1596159940.2478328,255.60245990753174,0.0,0
1596159940.2578328,257.4025011062622,0.0,0
1596159940.2678328,259.2005681991577,0.0,0
1596159940.2778327,260.99987983703613,0.0,0
1596159940.2878327,262.8023672103882,0.0,0
1596159940.2978327,264.60253715515137,0.0,0
1596159940.3078327,266.4030075073242,0.0,0
1596159940.3178327,268.20279121398926,0.0,0
1596159940.3278327,270.0006866455078,0.0,0
1596159940.3378327,271.8007707595825,0.0,0
1596159940.3478327,273.6004686355591,0.0,0
1596159940.3578327,275.40029525756836,0.0,0
1596159940.3678327,277.2000789642334,0.0,0
1596159940.3778327,279.001407623291,0.0,0
1596159940.3878326,280.8015775680542,0.0,0
1596159940.3978326,282.6002025604248,0.0,0
1596159940.4078326,284.3997287750244,0.0,0
1596159940.4178326,286.20298862457275,0.0,0
1596159940.4278326,288.0030298233032,0.0,0
1596159940.4378326,289.80066776275635,0.0,0
1596159940.4461718,291.30077362060547,0.0,0
1596159940.4461718,291.30077362060547,0.0,0
1596159940.4478326,291.60165309906006,0.0,0
1596159940.4578326,293.40216636657715,0.0,0
1596159940.4678326,295.20177841186523,0.0,0
1596159940.4778326,297.0010042190552,0.0,0
1596159940.4878325,298.7997579574585,0.0,0
1596159940.4978325,300.6018590927124,0.0,0
1596159940.5078325,302.40245819091797,0.0,0
1596159940.5178325,304.2027997970581,0.0,0
1596159940.5278325,306.00168228149414,0.0,0
1596159940.5378325,307.79974937438965,0.0,0
1596159940.5478325,309.60172176361084,0.0,0
1596159940.5578325,311.4027500152588,0.0,0
1596159940.5678325,313.2013750076294,0.0,0
1596159940.5778325,315.00197410583496,0.0,0
1596159940.5878325,316.800856590271,0.0,0
1596159940.5978324,318.6000394821167,0.0,0
1596159940.6078324,320.40218353271484,0.0,0
1596159940.6178324,322.20170974731445,0.0,0
1596159940.6278324,324.000506401062,0.0,0
1596159940.6378324,325.80071926116943,0.0,0
1596159940.6478324,327.6029920578003,0.0,0
1596159940.6578324,329.40221786499023,0.0,0
1596159940.6678324,331.1996841430664,0.0,0
1596159940.6778324,332.9999828338623,0.0,0
1596159940.6878324,334.80058193206787,0.0,0
1596159940.6978323,336.6021680831909,0.0,0
1596159940.7078323,338.4001064300537,0.0,0
1596159940.7178323,340.2001476287842,0.0,0
1596159940.7278323,342.00276374816895,0.0,0
1596159940.7378323,343.8003158569336,0.0,0
1596159940.7478323,345.60190200805664,0.0,0
1596159940.7578323,347.4010419845581,0.0,0
1596159940.7678323,349.20219898223877,0.0,0
1596159940.7778323,351.00146770477295,0.0,0
1596159940.7878323,352.8011226654053,0.0,0
1596159940.7978323,354.6003484725952,0.0,0
1596159940.8078322,356.40000343322754,0.0,0
1596159940.8178322,358.2012462615967,0.0,0
1596159940.8278472,360,0.0,1
1596159940.8278472,0,0,0
1596159940.8378472,1.8024444580078125,0,0
1596159940.8478472,3.6002111434936523,0,0
1596159940.8578472,5.401325225830078,0,0
1596159940.8678472,7.203254699707031,0,0
1596159940.8778472,9.000420570373535,0,0
1596159940.8878472,10.799989700317383,0,0
1596159940.8978472,12.600288391113281,0,0
1596159940.9078472,14.402647018432617,0,0
1596159940.9178472,16.20157241821289,0,0
1596159940.9278471,18.00285816192627,0,0
1596159940.9378471,19.80238437652588,0,0
1596159940.9478471,21.600065231323242,0,0
1596159940.957847,23.401951789855957,0,0
1596159940.967847,25.201478004455566,0,0
1596159940.977847,27.00314998626709,0,0
1596159940.987847,28.802032470703125,0,0
1596159940.997847,30.60070037841797,0,0
1596159941.007847,32.40275859832764,0,0
1596159941.017847,34.20121192932129,0,0
1596159941.027847,36.00013732910156,0,0
1596159941.037847,37.80017852783203,0,0
1596159941.047847,39.60296630859375,0,0
1596159941.057847,41.40099048614502,0,0
1596159941.067847,43.201332092285156,0,0
1596159941.077847,45.00326156616211,0,0
1596159941.087847,46.80072784423828,0,0
1596159941.097847,48.602142333984375,0,0
1596159941.107847,50.401883125305176,0,0
1596159941.117847,52.202138900756836,0,0
1596159941.127847,54.00209426879883,0,0
1596159941.137847,55.80084800720215,0,0
1596159941.147847,57.603163719177246,0,0
1596159941.157847,59.40032958984375,0,0
1596159941.167847,61.20264530181885,0,0
1596159941.177847,63.001699447631836,0,0
1596159941.187847,64.80247020721436,0,0
1596159941.197847,66.6002368927002,0,0
1596159941.2078469,68.4005355834961,0,0
1596159941.2178469,70.20276546478271,0,0
1596159941.2278469,72.00113296508789,0,0
1596159941.2378469,73.80018711090088,0,0
1596159941.2478468,75.60310363769531,0,0
1596159941.2578468,77.40202903747559,0,0
1596159941.2678468,79.20297145843506,0,0
1596159941.2778468,81.0033130645752,0,0
1596159941.2878468,82.8024959564209,0,0
1596159941.2978468,84.60064888000488,0,0
1596159941.3078468,86.40214920043945,0,0
1596159941.3178468,88.19995880126953,0,0
1596159941.3278468,90.00205993652344,0,0
1596159941.3378468,91.80244445800781,0,0
1596159941.3478467,93.60076904296875,0,0
1596159941.3578467,95.40312767028809,0,0
1596159941.3678467,97.20179557800293,0,0
1596159941.3778467,99.0007209777832,0,0
1596159941.3878467,100.80059051513672,0,0
1596159941.3978467,102.60157585144043,0,0
1596159941.4078467,104.40294742584229,0,0
1596159941.4178467,106.20204448699951,0,0
1596159941.4278467,108.00066947937012,0,0
1596159941.4378467,109.80144023895264,0,0
1596159941.4478467,111.6014814376831,0,0
1596159941.4578466,113.40285301208496,0,0
1596159941.4678466,115.20272254943848,0,0
1596159941.4778466,117.00048923492432,0,0
1596159941.4878466,118.80113124847412,0,0
1596159941.4978466,120.60018539428711,0,0
1596159941.5078466,122.4001407623291,0,0
1596159941.5178466,124.2021131515503,0,0
1596159941.5278466,126.00292682647705,0,0
1596159941.5378466,127.80069351196289,0,0
1596159941.5478466,129.6013355255127,0,0
1596159941.5578465,131.40026092529297,0,0
1596159941.5678465,133.20219039916992,0,0
1596159941.5778465,135.00098705291748,0,0
1596159941.5878465,136.80188655853271,0,0
1596159941.5978465,138.59995365142822,0,0
1596159941.6078465,140.3999948501587,0,0
1596159941.6178465,142.20110893249512,0,0
1596159941.6278465,144.00166511535645,0,0
1596159941.6378465,145.8012342453003,0,0
1596159941.6478465,147.60080337524414,0,0
1596159941.6578465,149.40024375915527,0,0
1596159941.6678464,151.2011432647705,0,0
1596159941.6778464,153.00320148468018,0,0
1596159941.6878464,154.80234146118164,0,0
1596159941.6978464,156.6016960144043,0,0
1596159941.7078464,158.4015655517578,0,0
1596159941.7178464,160.20087718963623,0,0
1596159941.7278464,162.0018196105957,0,0
1596159941.7378464,163.80241870880127,0,0
1596159941.7478464,165.60001373291016,0,0
1596159941.7578464,167.40275859832764,0,0
1596159941.7678463,169.20215606689453,0,0
1596159941.7778463,171.00172519683838,0,0
1596159941.7878463,172.80056476593018,0,0
1596159941.7978463,174.60094928741455,0,0
1596159941.8078463,176.40270709991455,0,0
1596159941.8178463,178.20163249969482,0,0
1596159941.8200474,178.59602451324463,0,0
1596159941.8200474,178.59602451324463,0.0,0
1596159941.8278463,180.00025749206543,0.0,0
1596159941.8378463,181.8023157119751,0.0,0
1596159941.8478463,183.60012531280518,0.0,0
1596159941.8578463,185.40188312530518,0.0,0
1596159941.8678463,187.20183849334717,0.0,0
1596159941.8778462,189.00222301483154,0.0,0
1596159941.8878462,190.80041885375977,0.0,0
1596159941.8978462,192.60286331176758,0.0,0
1596159941.9078462,194.4025182723999,0.0,0
1596159941.9178462,196.2000274658203,0.0,0
1596159941.9278462,198.00238609313965,0.0,0
1596159941.9378462,199.80019569396973,0.0,0
1596159941.9478462,201.600022315979,0.0,0
1596159941.9578462,203.40285301208496,0.0,0
1596159941.9678462,205.20225048065186,0.0,0
1596159941.9778461,207.0014762878418,0.0,0
1596159941.9878461,208.80207538604736,0.0,0
1596159941.9978461,210.60233116149902,0.0,0
1596159942.007846,212.40022659301758,0.0,0
1596159942.017846,214.20142650604248,0.0,0
1596159942.027846,216.00048065185547,0.0,0
1596159942.037846,217.80030727386475,0.0,0
1596159942.047846,219.60047721862793,0.0,0
1596159942.057846,221.4030933380127,0.0,0
1596159942.067846,223.20291996002197,0.0,0
1596159942.077846,224.99991416931152,0.0,0
1596159942.087846,226.8000841140747,0.0,0
1596159942.097846,228.60051155090332,0.0,0
1596159942.107846,230.39982318878174,0.0,0
1596159942.117846,232.20201015472412,0.0,0
1596159942.127846,234.00136470794678,0.0,0
1596159942.137846,235.8010196685791,0.0,0
1596159942.147846,237.6005458831787,0.0,0
1596159942.157846,239.40290451049805,0.0,0
1596159942.167846,241.2005853652954,0.0,0
1596159942.177846,243.00079822540283,0.0,0
1596159942.187846,244.8030710220337,0.0,0
1596159942.197846,246.60242557525635,0.0,0
1596159942.207846,248.4030246734619,0.0,0
1596159942.217846,250.20302295684814,0.0,0
1596159942.227846,252.00100421905518,0.0,0
1596159942.237846,253.80216121673584,0.0,0
1596159942.247846,255.60228824615479,0.0,0
1596159942.2578459,257.40177154541016,0.0,0
1596159942.2678459,259.20284271240234,0.0,0
1596159942.2778459,261.0008239746094,0.0,0
1596159942.2878458,262.800350189209,0.0,0
1596159942.2978458,264.60262298583984,0.0,0
1596159942.3078458,266.4008617401123,0.0,0
1596159942.3178458,268.20167541503906,0.0,0
1596159942.3278458,270.0,0.0,0
1596159942.3378458,271.8016290664673,0.0,0
1596159942.3478458,273.6000394821167,0.0,0
1596159942.3578458,275.3999090194702,0.0,0
1596159942.3678458,277.2018814086914,0.0,0
1596159942.3778458,279.00187969207764,0.0,0
1596159942.3878458,280.8002042770386,0.0,0
1596159942.3978457,282.60024547576904,0.0,0
1596159942.4078457,284.4014024734497,0.0,0
1596159942.4178457,286.2014436721802,0.0,0
1596159942.4278457,288.00260066986084,0.0,0
1596159942.4378457,289.8004961013794,0.0,0
1596159942.4451625,291.1167526245117,0.0,0
1596159942.4451625,291.1167526245117,0.0,0
1596159942.4478457,291.59997940063477,0.0,0
1596159942.4578457,293.4014368057251,0.0,0
1596159942.4678457,295.2025508880615,0.0,0
1596159942.4778457,297.00121879577637,0.0,0
1596159942.4878457,298.80293369293213,0.0,0
1596159942.4978456,300.6027603149414,0.0,0
1596159942.5078456,302.40087032318115,0.0,0
1596159942.5178456,304.2009115219116,0.0,0
1596159942.5278456,306.0011672973633,0.0,0
1596159942.5378456,307.80266761779785,0.0,0
1596159942.5478456,309.60107803344727,0.0,0
1596159942.5578456,311.3999605178833,0.0,0
1596159942.5678456,313.2028341293335,0.0,0
1596159942.5778456,314.9998712539673,0.0,0
1596159942.5878456,316.8021011352539,0.0,0
1596159942.5978456,318.5998249053955,0.0,0
1596159942.6078455,320.4005527496338,0.0,0
1596159942.6178455,322.1999931335449,0.0,0
1596159942.6278455,324.0028238296509,0.0,0
1596159942.6378455,325.8010196685791,0.0,0
1596159942.6478455,327.6020908355713,0.0,0
1596159942.6578455,329.40088748931885,0.0,0
1596159942.6678455,331.2017011642456,0.0,0
1596159942.6778455,333.0030298233032,0.0,0
1596159942.6878455,334.8013114929199,0.0,0
1596159942.6978455,336.6017818450928,0.0,0
1596159942.7078454,338.40263843536377,0.0,0
1596159942.7178454,340.20289421081543,0.0,0
1596159942.7278454,342.00087547302246,0.0,0
1596159942.7378454,343.80194664001465,0.0,0
1596159942.7478454,345.60142993927,0.0,0
1596159942.7578454,347.4023723602295,0.0,0
1596159942.7678454,349.2023277282715,0.0,0
1596159942.7778454,351.0029697418213,0.0,0
1596159942.7878454,352.80163764953613,0.0,0
1596159942.7978454,354.6005630493164,0.0,0
1596159942.8078454,356.4000463485718,0.0,0
1596159942.8178453,358.2016324996948,0.0,0
1596159942.8278491,360,0.0,1
1596159942.8278491,0,0,0
1596159942.8378491,1.8024873733520508,0,0
1596159942.8478491,3.602313995361328,0,0
1596159942.8578491,5.402441024780273,0,0
1596159942.867849,7.201108932495117,0,0
1596159942.877849,9.001021385192871,0,0
1596159942.887849,10.803337097167969,0,0
1596159942.897849,12.601146697998047,0,0
1596159942.907849,14.401488304138184,0,0
1596159942.917849,16.20307445526123,0,0
1596159942.927849,18.000197410583496,0,0
1596159942.937849,19.800710678100586,0,0
1596159942.947849,21.600451469421387,0,0
1596159942.957849,23.40336799621582,0,0
1596159942.967849,25.201950073242188,0,0
1596159942.977849,27.001819610595703,0,0
1596159942.987849,28.80336284637451,0,0
1596159942.997849,30.602846145629883,0,0
1596159943.007849,32.40241527557373,0,0
1596159943.017849,34.20288562774658,0,0
1596159943.027849,36.00069522857666,0,0
1596159943.037849,37.80262470245361,0,0
1596159943.047849,39.60249423980713,0,0
1596159943.057849,41.40094757080078,0,0
1596159943.067849,43.203134536743164,0,0
1596159943.077849,45.002360343933105,0,0
1596159943.087849,46.80300235748291,0,0
1596159943.097849,48.60257148742676,0,0
1596159943.107849,50.40261268615723,0,0
1596159943.1178489,52.20033645629883,0,0
1596159943.1278489,54.00278091430664,0,0
1596159943.1378489,55.80286502838135,0,0
1596159943.1478488,57.60273456573486,0,0
1596159943.1578488,59.401702880859375,0,0
1596159943.1678488,61.20204448699951,0,0
1596159943.1778488,63.00011157989502,0,0
1596159943.1878488,64.8019552230835,0,0
1596159943.1978488,66.60036563873291,0,0
1596159943.2078488,68.40332508087158,0,0
1596159943.2178488,70.20250797271729,0,0
1596159943.2278488,72.00096130371094,0,0
1596159943.2378488,73.80241870880127,0,0
1596159943.2478487,75.60082912445068,0,0
1596159943.2578487,77.4001407623291,0,0
1596159943.2678487,79.20048236846924,0,0
1596159943.2778487,81.00039482116699,0,0
1596159943.2878487,82.8028392791748,0,0
1596159943.2978487,84.60103511810303,0,0
1596159943.3078487,86.4010763168335,0,0
1596159943.3178487,88.20231914520264,0,0
1596159943.3278487,89.99995708465576,0,0
1596159943.3378487,91.80150032043457,0,0
1596159943.3478487,93.60102653503418,0,0
1596159943.3578486,95.4003381729126,0,0
1596159943.3678486,97.20179557800293,0,0
1596159943.3778486,99.00170803070068,0,0
1596159943.3878486,100.80179214477539,0,0
1596159943.3978486,102.60149002075195,0,0
1596159943.4078486,104.40187454223633,0,0
1596159943.4178486,106.20092868804932,0,0
1596159943.4278486,108.00315856933594,0,0
1596159943.4378486,109.80045318603516,0,0
1596159943.4478486,111.59993648529053,0,0
1596159943.4578485,113.4023380279541,0,0
1596159943.4678485,115.19993305206299,0,0
1596159943.4778485,117.00031757354736,0,0
1596159943.4878485,118.80276203155518,0,0
1596159943.4978485,120.60250282287598,0,0
1596159943.5078485,122.40297317504883,0,0
1596159943.5178485,124.20207023620605,0,0
1596159943.5278485,126.00318431854248,0,0
1596159943.5378485,127.80099391937256,0,0
1596159943.5478485,129.60073471069336,0,0
1596159943.5578485,131.4010763168335,0,0
1596159943.5678484,133.20021629333496,0,0
1596159943.5778484,135.00098705291748,0,0
1596159943.5878484,136.80162906646729,0,0
1596159943.5978484,138.6003828048706,0,0
1596159943.6078484,140.4032564163208,0,0
1596159943.6178484,142.20239639282227,0,0
1596159943.6278484,144.00136470794678,0,0
1596159943.6378484,145.80106258392334,0,0
1596159943.6478484,147.60033130645752,0,0
1596159943.6578484,149.4007158279419,0,0
1596159943.6678483,151.2014865875244,0,0
1596159943.6778483,153.00195693969727,0,0
1596159943.6878483,154.80075359344482,0,0
1596159943.6978483,156.60208225250244,0,0
1596159943.7078483,158.40259552001953,0,0
1596159943.7178483,160.20289421081543,0,0
1596159943.7278483,162.0002317428589,0,0
1596159943.7378483,163.80224704742432,0,0
1596159943.7478483,165.60271739959717,0,0
1596159943.7578483,167.40022659301758,0,0
1596159943.7678483,169.2030143737793,0,0
1596159943.7778482,171.00030899047852,0,0
1596159943.7878482,172.801251411438,0,0
1596159943.7978482,174.60159301757812,0,0
1596159943.8078482,176.4023208618164,0,0
1596159943.8178482,178.20279121398926,0,0
1596159943.820259,178.63379001617432,0,0
1596159943.820259,178.63379001617432,0.0,0
1596159943.8278482,180.000901222229,0.0,0
1596159943.8378482,181.80072784423828,0.0,0
1596159943.8478482,183.60021114349365,0.0,0
1596159943.8578482,185.4020118713379,0.0,0
1596159943.8678482,187.20269680023193,0.0,0
1596159943.8778481,189.00166511535645,0.0,0
1596159943.8878481,190.80149173736572,0.0,0
1596159943.8978481,192.6011037826538,0.0,0
1596159943.9078481,194.40204620361328,0.0,0
1596159943.917848,196.20234489440918,0.0,0
1596159943.927848,198.00139904022217,0.0,0
1596159943.937848,199.80113983154297,0.0,0
1596159943.947848,201.60276889801025,0.0,0
1596159943.957848,203.4023380279541,0.0,0
1596159943.967848,205.20199298858643,0.0,0
1596159943.977848,207.00074672698975,0.0,0
1596159943.987848,208.8017749786377,0.0,0
1596159943.997848,210.6017303466797,0.0,0
