Type = Mirollor Strogatz (-ish),Function = Peskin,Refract =0,Epsilon =0.3,Gamma =8,Start_phase =107
Timestamp,Phase,Offset,Ping?
1596159979,107,0,0
1596159979.01,108.79489135742188,0.5944444444444444,0
1596159979.02,110.59591960906982,0.5944444444444444,0
1596159979.03,112.39716243743896,0.5944444444444444,0
1596159979.04,114.19608783721924,0.5944444444444444,0
1596159979.05,115.99681568145752,0.5944444444444444,0
1596159979.06,117.79737186431885,0.5944444444444444,0
1596159979.07,119.5967264175415,0.5944444444444444,0
1596159979.08,121.39436435699463,0.5944444444444444,0
1596159979.09,123.19625091552734,0.5944444444444444,0
1596159979.1,124.99629211425781,0.5944444444444444,0
1596159979.11,126.7968053817749,0.5944444444444444,0
1596159979.12,128.5962028503418,0.5944444444444444,0
1596159979.1299999,130.39444160461426,0.5944444444444444,0
1596159979.1399999,132.1951265335083,0.5944444444444444,0
1596159979.1499999,133.995210647583,0.5944444444444444,0
1596159979.1599998,135.7966251373291,0.5944444444444444,0
1596159979.1699998,137.59447765350342,0.5944444444444444,0
1596159979.1799998,139.3949909210205,0.5944444444444444,0
1596159979.1899998,141.1967487335205,0.5944444444444444,0
1596159979.1999998,142.99743366241455,0.5944444444444444,0
1596159979.2099998,144.79657363891602,0.5944444444444444,0
1596159979.2199998,146.59537029266357,0.5944444444444444,0
1596159979.2299998,148.39661312103271,0.5944444444444444,0
1596159979.2399998,150.19674015045166,0.5944444444444444,0
1596159979.2499998,151.9963092803955,0.5944444444444444,0
1596159979.2599998,153.79484844207764,0.5944444444444444,0
1596159979.2699997,155.5967779159546,0.5944444444444444,0
1596159979.2799997,157.39583206176758,0.5944444444444444,0
1596159979.2899997,159.1963882446289,0.5944444444444444,0
1596159979.2999997,160.99479866027832,0.5944444444444444,0
1596159979.3099997,162.79672813415527,0.5944444444444444,0
1596159979.3199997,164.59475231170654,0.5944444444444444,0
1596159979.3299997,166.3943214416504,0.5944444444444444,0
1596159979.3399997,168.19414806365967,0.5944444444444444,0
1596159979.3499997,169.99474716186523,0.5944444444444444,0
1596159979.3599997,171.7956895828247,0.5944444444444444,0
1596159979.3699996,173.59607410430908,0.5944444444444444,0
1596159979.3799996,175.39577198028564,0.5944444444444444,0
1596159979.3899996,177.1949119567871,0.5944444444444444,0
1596159979.3999996,178.99701309204102,0.5944444444444444,0
1596159979.4099996,180.79683971405032,0.5944444444444444,0
1596159979.4199996,182.59516429901126,0.5944444444444444,0
1596159979.4299996,184.3943901062012,0.5944444444444444,0
1596159979.4399996,186.19593334198,0.5944444444444444,0
1596159979.4499996,187.99425792694095,0.5944444444444444,0
1596159979.4599996,189.79691696166995,0.5944444444444444,0
1596159979.4699996,191.59687232971194,0.5944444444444444,0
1596159979.4799995,193.3942098617554,0.5944444444444444,0
1596159979.4899995,195.1961822509766,0.5944444444444444,0
1596159979.4999995,196.99450683593753,0.5944444444444444,0
1596159979.5099995,198.79493427276614,0.5944444444444444,0
1596159979.5199995,200.59639167785647,0.5944444444444444,0
1596159979.5299995,202.39488792419436,0.5944444444444444,0
1596159979.5399995,204.19505786895755,0.5944444444444444,0
1596159979.5499995,205.99600028991702,0.5944444444444444,0
1596159979.5599995,207.79612731933597,0.5944444444444444,0
1596159979.5699995,209.59470939636233,0.5944444444444444,0
1596159979.5799994,211.39659595489505,0.5944444444444444,0
1596159979.5899994,213.19620800018313,0.5944444444444444,0
1596159979.5999994,214.99509048461917,0.5944444444444444,0
1596159979.6099994,216.7950887680054,0.5944444444444444,0
1596159979.6199994,218.59474372863772,0.5944444444444444,0
1596159979.6299994,220.39409828186038,0.5944444444444444,0
1596159979.6399994,222.1968860626221,0.5944444444444444,0
1596159979.6499994,223.99589729309085,0.5944444444444444,0
1596159979.6599994,225.79611015319827,0.5944444444444444,0
1596159979.6699994,227.59439182281497,0.5944444444444444,0
1596159979.6799994,229.39524841308597,0.5944444444444444,0
1596159979.6899993,231.1973924636841,0.5944444444444444,0
1596159979.6999993,232.99653244018558,0.5944444444444444,0
1596159979.7099993,234.79502868652347,0.5944444444444444,0
1596159979.7199993,236.59588527679446,0.5944444444444444,0
1596159979.7299993,238.3960123062134,0.5944444444444444,0
1596159979.7399993,240.19725513458255,0.5944444444444444,0
1596159979.7499993,241.99506473541263,0.5944444444444444,0
1596159979.7599993,243.79480552673343,0.5944444444444444,0
1596159979.7699993,245.59514713287356,0.5944444444444444,0
1596159979.7799993,247.3942441940308,0.5944444444444444,0
1596159979.7899992,249.19565868377688,0.5944444444444444,0
1596159979.7999992,250.99471282958987,0.5944444444444444,0
1596159979.8099992,252.79685688018802,0.5944444444444444,0
1596159979.8199992,254.59719848632815,0.5944444444444444,0
1596159979.8299992,256.39719676971436,0.5944444444444444,0
1596159979.8399992,258.19556427001953,0.5944444444444444,0
1596159979.8499992,259.99534797668457,0.5944444444444444,0
1596159979.8599992,261.7959899902344,0.5944444444444444,0
1596159979.8699992,263.5953016281128,0.5944444444444444,0
1596159979.8799992,265.39499950408936,0.5944444444444444,0
1596159979.8899992,267.1970148086548,0.5944444444444444,0
1596159979.8999991,268.9969701766968,0.5944444444444444,0
1596159979.9099991,270.795166015625,0.5944444444444444,0
1596159979.9199991,272.5954647064209,0.5944444444444444,0
1596159979.929999,274.3953342437744,0.5944444444444444,0
1596159979.939999,276.19554710388184,0.5944444444444444,0
1596159979.949999,277.99644660949707,0.5944444444444444,0
1596159979.959999,279.7961015701294,0.5944444444444444,0
1596159979.969999,281.5955419540405,0.5944444444444444,0
1596159979.979999,283.39485359191895,0.5944444444444444,0
1596159979.989999,285.19592475891113,0.5944444444444444,0
1596159979.999999,286.994592666626,0.5944444444444444,0
1596159980.009999,288.7972946166992,0.5944444444444444,0
1596159980.019999,290.59484672546387,0.5944444444444444,0
1596159980.029999,292.39578914642334,0.5944444444444444,0
1596159980.039999,294.19733238220215,0.5944444444444444,0
1596159980.049999,295.9964294433594,0.5944444444444444,0
1596159980.059999,297.79659938812256,0.5944444444444444,0
1596159980.069999,299.595739364624,0.5944444444444444,0
1596159980.079999,301.3957805633545,0.5944444444444444,0
1596159980.089999,303.194748878479,0.5944444444444444,0
1596159980.099999,304.99560546875,0.5944444444444444,0
1596159980.109999,306.7942304611206,0.5944444444444444,0
1596159980.119999,308.59684658050537,0.5944444444444444,0
1596159980.129999,310.39452743530273,0.5944444444444444,0
1596159980.139999,312.19607067108154,0.5944444444444444,0
1596159980.149999,313.9967985153198,0.5944444444444444,0
1596159980.159999,315.795166015625,0.5944444444444444,0
1596159980.169999,317.5955505371094,0.5944444444444444,0
1596159980.1799989,319.3945617675781,0.5944444444444444,0
1596159980.1899989,321.1942596435547,0.5944444444444444,0
1596159980.1999989,322.99696159362793,0.5944444444444444,0
1596159980.2099988,324.79537200927734,0.5944444444444444,0
1596159980.2199988,326.59614276885986,0.5944444444444444,0
1596159980.2299988,328.3943815231323,0.5944444444444444,0
1596159980.2399988,330.19571018218994,0.5944444444444444,0
1596159980.2499988,331.99476432800293,0.5944444444444444,0
1596159980.2599988,333.79656505584717,0.5944444444444444,0
1596159980.2699988,335.59506130218506,0.5944444444444444,0
1596159980.2799988,337.3948450088501,0.5944444444444444,0
1596159980.2899988,339.1952724456787,0.5944444444444444,0
1596159980.2999988,340.9944124221802,0.5944444444444444,0
1596159980.3099988,342.7953119277954,0.5944444444444444,0
1596159980.3199987,344.59440898895264,0.5944444444444444,0
1596159980.3299987,346.39427852630615,0.5944444444444444,0
1596159980.3399987,348.19444847106934,0.5944444444444444,0
1596159980.3499987,349.99410343170166,0.5944444444444444,0
1596159980.3599987,351.7965908050537,0.5944444444444444,0
1596159980.3686743,353.3555335998535,0.5944444444444444,0
1596159980.3686743,353.3555335998535,0.5944444444444444,0
1596159980.3699987,353.59714698791504,0.5944444444444444,0
1596159980.3799987,355.39710235595703,0.5944444444444444,0
1596159980.3899987,357.1953411102295,0.5944444444444444,0
1596159980.3999987,358.9967555999756,0.5944444444444444,0
1596159980.4055955,360,0.5944444444444444,1
1596159980.4055955,0,0,0
1596159980.4155955,1.8019294738769531,0,0
1596159980.4255955,3.600339889526367,0,0
1596159980.4355955,5.401411056518555,0,0
1596159980.4455955,7.202653884887695,0,0
1596159980.4555955,9.00278091430664,0,0
1596159980.4655955,10.800590515136719,0,0
1596159980.4755955,12.602477073669434,0,0
1596159980.4855955,14.402732849121094,0,0
1596159980.4955955,16.202731132507324,0,0
1596159980.5055954,18.001012802124023,0,0
1596159980.5155954,19.800539016723633,0,0
1596159980.5212927,20.825486183166504,0,0
1596159980.5212927,49.968290251552794,0.1619044670465905,0
1596159980.5255954,50.7446288288233,0.1619044670465905,0
1596159980.5355954,52.544584196865294,0.1619044670465905,0
1596159980.5455954,54.34617034798834,0.1619044670465905,0
1596159980.5555954,56.14518157845709,0.1619044670465905,0
1596159980.5655954,57.944064062893126,0.1619044670465905,0
1596159980.5755954,59.743890684902404,0.1619044670465905,0
1596159980.5855954,61.54496185189459,0.1619044670465905,0
1596159980.5955954,63.345088881313536,0.1619044670465905,0
1596159980.6055954,65.14551631814216,0.1619044670465905,0
1596159980.6155953,66.94315425759528,0.1619044670465905,0
1596159980.6255953,68.74319545632575,0.1619044670465905,0
1596159980.6355953,70.54503909951423,0.1619044670465905,0
1596159980.6455953,72.34439365273688,0.1619044670465905,0
1596159980.6555953,74.14349071389411,0.1619044670465905,0
1596159980.6655953,75.94297401314948,0.1619044670465905,0
1596159980.6755953,77.74550430184577,0.1619044670465905,0
1596159980.6855953,79.54374305611823,0.1619044670465905,0
1596159980.6955953,81.34498588448737,0.1619044670465905,0
1596159980.7055953,83.14571372872565,0.1619044670465905,0
1596159980.7155952,84.94305126076911,0.1619044670465905,0
1596159980.7255952,86.74326412087653,0.1619044670465905,0
1596159980.7355952,88.54467861062263,0.1619044670465905,0
1596159980.7455952,90.34484855538581,0.1619044670465905,0
1596159980.7555952,92.14364520913337,0.1619044670465905,0
1596159980.7655952,93.94325725442145,0.1619044670465905,0
1596159980.7755952,95.74471465951179,0.1619044670465905,0
1596159980.7855952,97.54539958840583,0.1619044670465905,0
1596159980.7955952,99.34436790353034,0.1619044670465905,0
1596159980.8055952,101.14522449380134,0.1619044670465905,0
1596159980.8155951,102.94320575600837,0.1619044670465905,0
1596159980.8255951,104.74543563729499,0.1619044670465905,0
1596159980.8355951,106.54285900002692,0.1619044670465905,0
1596159980.8455951,108.34538928872321,0.1619044670465905,0
1596159980.855595,110.14457218056891,0.1619044670465905,0
1596159980.865595,111.94409839516852,0.1619044670465905,0
1596159980.875595,113.74542705422614,0.1619044670465905,0
1596159980.885595,115.54272167092536,0.1619044670465905,0
1596159980.895595,117.34276286965583,0.1619044670465905,0
1596159980.905595,119.1453789890406,0.1619044670465905,0
1596159980.915595,120.94494811898444,0.1619044670465905,0
1596159980.925595,122.74571887856696,0.1619044670465905,0
1596159980.935595,124.54533092385505,0.1619044670465905,0
1596159980.945595,126.34374133950446,0.1619044670465905,0
1596159980.955595,128.14425460702157,0.1619044670465905,0
1596159980.965595,129.94399539834237,0.1619044670465905,0
1596159980.975595,131.74480907326912,0.1619044670465905,0
1596159980.985595,133.54472152596688,0.1619044670465905,0
1596159980.995595,135.34592143899178,0.1619044670465905,0
1596159981.005595,137.14458934670662,0.1619044670465905,0
1596159981.015595,138.94377223855233,0.1619044670465905,0
1596159981.025595,140.74428550606942,0.1619044670465905,0
1596159981.035595,142.545785826504,0.1619044670465905,0
1596159981.045595,144.34445373421883,0.1619044670465905,0
1596159981.055595,146.1447095096705,0.1619044670465905,0
1596159981.065595,147.94393531686043,0.1619044670465905,0
1596159981.075595,149.7447489917872,0.1619044670465905,0
1596159981.085595,151.5456055820582,0.1619044670465905,0
1596159981.095595,153.34521762734627,0.1619044670465905,0
1596159981.1055949,155.14302722817635,0.1619044670465905,0
1596159981.1155949,156.94306842690682,0.1619044670465905,0
1596159981.1255949,158.74349586373543,0.1619044670465905,0
1596159981.1355948,160.54396621590828,0.1619044670465905,0
1596159981.1455948,162.34426490670418,0.1619044670465905,0
1596159981.1555948,164.14319030648446,0.1619044670465905,0
1596159981.1655948,165.94374648934578,0.1619044670465905,0
1596159981.1755948,167.74443141823983,0.1619044670465905,0
1596159981.1855948,169.54352847939705,0.1619044670465905,0
1596159981.1955948,171.34520046120858,0.1619044670465905,0
1596159981.2055948,173.14288131600594,0.1619044670465905,0
1596159981.2155948,174.94545452004647,0.1619044670465905,0
1596159981.2255948,176.7427491367457,0.1619044670465905,0
1596159981.2355947,178.54459277993416,0.1619044670465905,0
1596159981.2455947,180.34587852364754,0.1619044670465905,0
1596159981.2555947,182.1428727329371,0.1619044670465905,0
1596159981.2655947,183.94561759835457,0.1619044670465905,0
1596159981.2755947,185.74531547433114,0.1619044670465905,0
1596159981.2855947,187.5453566730616,0.1619044670465905,0
1596159981.2955947,189.34522621041512,0.1619044670465905,0
1596159981.3055947,191.1430358112452,0.1619044670465905,0
1596159981.3155947,192.94307700997567,0.1619044670465905,0
1596159981.3255947,194.74354736214852,0.1619044670465905,0
1596159981.3355947,196.54298774605965,0.1619044670465905,0
1596159981.3455946,198.34341518288826,0.1619044670465905,0
1596159981.3555946,200.14482967263436,0.1619044670465905,0
1596159981.3655946,201.94590083962655,0.1619044670465905,0
1596159981.3755946,203.74439708596444,0.1619044670465905,0
1596159981.3855946,205.54280750161385,0.1619044670465905,0
1596159981.3955946,207.34323493844246,0.1619044670465905,0
1596159981.4055946,209.1439198673365,0.1619044670465905,0
1596159981.4155946,210.9438752353785,0.1619044670465905,0
1596159981.4255946,212.74464599496102,0.1619044670465905,0
1596159981.4355946,214.5441292942164,0.1619044670465905,0
1596159981.4455945,216.34584419137215,0.1619044670465905,0
1596159981.4555945,218.14459792977547,0.1619044670465905,0
1596159981.4655945,219.94502536660409,0.1619044670465905,0
1596159981.4755945,221.74403659707284,0.1619044670465905,0
1596159981.4855945,223.54549400216317,0.1619044670465905,0
1596159981.4955945,225.34536353951668,0.1619044670465905,0
1596159981.5055945,227.14471809273934,0.1619044670465905,0
1596159981.5155945,228.94527427560067,0.1619044670465905,0
1596159981.5255945,230.74514381295418,0.1619044670465905,0
1596159981.5355945,232.5452279270289,0.1619044670465905,0
1596159981.5455945,234.34483997231698,0.1619044670465905,0
1596159981.5555944,236.142821234524,0.1619044670465905,0
1596159981.5655944,237.94294826394295,0.1619044670465905,0
1596159981.5755944,239.74260322457528,0.1619044670465905,0
1596159981.5855944,241.54466144448494,0.1619044670465905,0
1596159981.5955944,243.34259979134774,0.1619044670465905,0
1596159981.6055944,245.14379970437264,0.1619044670465905,0
1596159981.6155944,246.9434975803492,0.1619044670465905,0
1596159981.6255944,248.74478332406258,0.1619044670465905,0
1596159981.6355944,250.54585449105477,0.1619044670465905,0
1596159981.6455944,252.34319202309823,0.1619044670465905,0
1596159981.6555943,254.14293281441903,0.1619044670465905,0
1596159981.657656,254.51367847329354,0.1619044670465905,0
1596159981.657656,254.51367847329354,0.1619044670465905,0
1596159981.6655943,255.94426147347664,0.1619044670465905,0
1596159981.6755943,257.74447433358404,0.1619044670465905,0
1596159981.6855943,259.5452021778223,0.1619044670465905,0
1596159981.6955943,261.34374133950445,0.1619044670465905,0
1596159981.7055943,263.1444262683985,0.1619044670465905,0
1596159981.7155943,264.9455403507349,0.1619044670465905,0
1596159981.7255943,266.74510948067876,0.1619044670465905,0
1596159981.7355943,268.54549400216314,0.1619044670465905,0
1596159981.7455943,270.3455352008936,0.1619044670465905,0
1596159981.7555943,272.1433448017237,0.1619044670465905,0
1596159981.7655942,273.9451455295679,0.1619044670465905,0
1596159981.7755942,275.7432984531519,0.1619044670465905,0
1596159981.7855942,277.54522792702886,0.1619044670465905,0
1596159981.7955942,279.3438958347437,0.1619044670465905,0
1596159981.8055942,281.1441086948511,0.1619044670465905,0
1596159981.8155942,282.942604941189,0.1619044670465905,0
1596159981.8255942,284.74565021401617,0.1619044670465905,0
1596159981.8355942,286.5441893756983,0.1619044670465905,0
1596159981.8455942,288.34543220406744,0.1619044670465905,0
1596159981.8555942,290.14585964089605,0.1619044670465905,0
1596159981.8655941,291.94379798775884,0.1619044670465905,0
1596159981.8755941,293.74521247750494,0.1619044670465905,0
1596159981.8855941,295.5432366550562,0.1619044670465905,0
1596159981.8955941,297.34460822945806,0.1619044670465905,0
1596159981.905594,299.14555065041753,0.1619044670465905,0
1596159981.915594,300.9440468967554,0.1619044670465905,0
1596159981.925594,302.7438735187647,0.1619044670465905,0
1596159981.935594,304.54545966988775,0.1619044670465905,0
1596159981.945594,306.3432692707178,0.1619044670465905,0
1596159981.955594,308.14335338479253,0.1619044670465905,0
1596159981.965594,309.9440383136866,0.1619044670465905,0
1596159981.975594,311.7456244648096,0.1619044670465905,0
1596159981.985594,313.54570857888433,0.1619044670465905,0
1596159981.995594,315.34257404214117,0.1619044670465905,0
1596159982.005594,317.14523307687017,0.1619044670465905,0
1596159982.015594,318.9444159687159,0.1619044670465905,0
1596159982.025594,320.7449721515772,0.1619044670465905,0
1596159982.035594,322.543811720669,0.1619044670465905,0
1596159982.045594,324.34273712044927,0.1619044670465905,0
1596159982.055594,326.14505283242437,0.1619044670465905,0
1596159982.065594,327.94329158669683,0.1619044670465905,0
1596159982.075594,329.74539272195074,0.1619044670465905,0
1596159982.085594,331.5449618518946,0.1619044670465905,0
1596159982.095594,333.343372267544,0.1619044670465905,0
1596159982.105594,335.14517299538824,0.1619044670465905,0
1596159982.115594,336.94581500893804,0.1619044670465905,0
1596159982.125594,338.7430237949488,0.1619044670465905,0
1596159982.135594,340.54551116830083,0.1619044670465905,0
1596159982.145594,342.3457669437525,0.1619044670465905,0
1596159982.1555939,344.14477817422124,0.1619044670465905,0
1596159982.1655939,345.94443313485357,0.1619044670465905,0
1596159982.1755939,347.7456759632227,0.1619044670465905,0
1596159982.1855938,349.54567424660894,0.1619044670465905,0
1596159982.1955938,351.3426684558985,0.1619044670465905,0
1596159982.2055938,353.14494125252935,0.1619044670465905,0
1596159982.2155938,354.9431370914576,0.1619044670465905,0
1596159982.2255938,356.7434786975977,0.1619044670465905,0
1596159982.2355938,358.54248992806646,0.1619044670465905,0
1596159982.2436974,360,0.1619044670465905,1
1596159982.2436974,0,0,0
1596159982.2536974,1.8020153045654297,0,0
1596159982.2636974,3.6008119583129883,0,0
1596159982.2736974,5.4032135009765625,0,0
1596159982.2836974,7.199993133544922,0,0
1596159982.2936974,9.00179386138916,0,0
1596159982.3036973,10.802779197692871,0,0
1596159982.3136973,12.602777481079102,0,0
1596159982.3236973,14.401230812072754,0,0
1596159982.3336973,16.201272010803223,0,0
1596159982.3436973,18.001656532287598,0,0
1596159982.3536973,19.802255630493164,0,0
1596159982.3636973,21.601953506469727,0,0
1596159982.3736973,23.400020599365234,0,0
1596159982.3836973,25.202937126159668,0,0
1596159982.3936973,27.003321647644043,0,0
1596159982.4036973,28.80194664001465,0,0
1596159982.4136972,30.602030754089355,0,0
1596159982.4236972,32.401556968688965,0,0
1596159982.4336972,34.202842712402344,0,0
1596159982.4436972,36.001296043395996,0,0
1596159982.4536972,37.800564765930176,0,0
1596159982.4636972,39.602065086364746,0,0
1596159982.4736972,41.40223503112793,0,0
1596159982.4836972,43.20141792297363,0,0
1596159982.4936972,45.00253200531006,0,0
1596159982.5036972,46.802916526794434,0,0
1596159982.5136971,48.60102653503418,0,0
1596159982.5215106,50.006375312805176,0,0
1596159982.5215106,159.24984730043292,0.606908177709043,0
1596159982.5236971,159.6465567425716,0.606908177709043,0
1596159982.5336971,161.44389427461505,0.606908177709043,0
1596159982.543697,163.2463816479671,0.606908177709043,0
1596159982.553697,165.04569328584552,0.606908177709043,0
1596159982.563697,166.84500492372393,0.606908177709043,0
1596159982.573697,168.6442736462581,0.606908177709043,0
1596159982.583697,170.44452942170977,0.606908177709043,0
1596159982.593697,172.24444187440753,0.606908177709043,0
1596159982.603697,174.04637134828448,0.606908177709043,0
1596159982.613697,175.84572590150714,0.606908177709043,0
1596159982.623697,177.64503753938556,0.606908177709043,0
1596159982.633697,179.44645202913165,0.606908177709043,0
1596159982.643697,181.24473369874835,0.606908177709043,0
1596159982.653697,183.04567611970782,0.606908177709043,0
1596159982.663697,184.84365738191485,0.606908177709043,0
1596159982.673697,186.64481437959552,0.606908177709043,0
1596159982.683697,188.44343937196612,0.606908177709043,0
1596159982.693697,190.2461842373836,0.606908177709043,0
1596159982.703697,192.04476631440997,0.606908177709043,0
1596159982.713697,193.8458803967464,0.606908177709043,0
1596159982.723697,195.64592159547686,0.606908177709043,0
1596159982.733697,197.4436882809627,0.606908177709043,0
1596159982.743697,199.24548900880694,0.606908177709043,0
1596159982.753697,201.04557312288165,0.606908177709043,0
1596159982.763697,202.8440264538753,0.606908177709043,0
1596159982.773697,204.6434239224422,0.606908177709043,0
1596159982.783697,206.44346512117266,0.606908177709043,0
1596159982.7936969,208.2465103939998,0.606908177709043,0
1596159982.8036969,210.04659450807452,0.606908177709043,0
1596159982.8136969,211.84491909303546,0.606908177709043,0
1596159982.8236969,213.64633358278155,0.606908177709043,0
1596159982.8336968,215.4462460354793,0.606908177709043,0
1596159982.8436968,217.24379814424395,0.606908177709043,0
1596159982.8536968,219.04486931123614,0.606908177709043,0
1596159982.8636968,220.846240885638,0.606908177709043,0
1596159982.8736968,222.64336384096026,0.606908177709043,0
1596159982.8836968,224.44486416139483,0.606908177709043,0
1596159982.8936968,226.24408996858477,0.606908177709043,0
1596159982.9036968,228.0437449292171,0.606908177709043,0
1596159982.9136968,229.84455860414386,0.606908177709043,0
1596159982.9236968,231.64348400392413,0.606908177709043,0
1596159982.9336967,233.44635761537432,0.606908177709043,0
1596159982.9436967,235.2460554913509,0.606908177709043,0
1596159982.9536967,237.04472339906573,0.606908177709043,0
1596159982.9636967,238.84527958192706,0.606908177709043,0
1596159982.9736967,240.64433372774005,0.606908177709043,0
1596159982.9836967,242.4436882809627,0.606908177709043,0
1596159982.9936967,244.24390114107013,0.606908177709043,0
1596159983.0036967,246.0457447842586,0.606908177709043,0
1596159983.0136967,247.84587181367755,0.606908177709043,0
1596159983.0236967,249.64484012880206,0.606908177709043,0
1596159983.0336967,251.44359386720538,0.606908177709043,0
1596159983.0436966,253.24625290193438,0.606908177709043,0
1596159983.0536966,255.04367626466632,0.606908177709043,0
1596159983.0636966,256.84333122529864,0.606908177709043,0
1596159983.0736966,258.6449173764217,0.606908177709043,0
1596159983.0836966,260.4440144375789,0.606908177709043,0
1596159983.0936966,262.24594391145587,0.606908177709043,0
1596159983.1036966,264.046285517596,0.606908177709043,0
1596159983.1136966,265.843537218951,0.606908177709043,0
1596159983.1236966,267.64503753938556,0.606908177709043,0
1596159983.1336966,269.44430626191973,0.606908177709043,0
1596159983.1436965,271.2464932278621,0.606908177709043,0
1596159983.1536965,273.04559028901934,0.606908177709043,0
1596159983.1636965,274.84636104860186,0.606908177709043,0
1596159983.1736965,276.64541519441485,0.606908177709043,0
1596159983.1836965,278.44369686403155,0.606908177709043,0
1596159983.1936965,280.2439526394832,0.606908177709043,0
1596159983.2036965,282.0445517376888,0.606908177709043,0
1596159983.2136965,283.8451079205501,0.606908177709043,0
1596159983.2236965,285.6440333203304,0.606908177709043,0
1596159983.2336965,287.44420326509356,0.606908177709043,0
1596159983.2436965,289.2457465008724,0.606908177709043,0
1596159983.2536964,291.0460881070125,0.606908177709043,0
1596159983.2636964,292.84351146974444,0.606908177709043,0
1596159983.2736964,294.64393890657306,0.606908177709043,0
1596159983.2836964,296.4441517666805,0.606908177709043,0
1596159983.2936964,298.24642456331134,0.606908177709043,0
1596159983.3036964,300.04504955568194,0.606908177709043,0
1596159983.3136964,301.84500492372393,0.606908177709043,0
1596159983.3236964,303.6435011700618,0.606908177709043,0
1596159983.3336964,305.44328487672686,0.606908177709043,0
1596159983.3436964,307.2441843823421,0.606908177709043,0
1596159983.3536963,309.04645717897296,0.606908177709043,0
1596159983.3636963,310.84641254701495,0.606908177709043,0
1596159983.3736963,312.6460675076473,0.606908177709043,0
1596159983.3836963,314.4441346005428,0.606908177709043,0
1596159983.3936963,316.2437895611751,0.606908177709043,0
1596159983.4036963,318.0455473736751,0.606908177709043,0
1596159983.4136963,319.8436144665706,0.606908177709043,0
1596159983.4236963,321.64618767061114,0.606908177709043,0
1596159983.4336963,323.4446410016048,0.606908177709043,0
1596159983.4436963,325.24657047548175,0.606908177709043,0
1596159983.4536963,327.0443371609676,0.606908177709043,0
1596159983.4636962,328.8449791745174,0.606908177709043,0
1596159983.4736962,330.6451491192806,0.606908177709043,0
1596159983.4836962,332.4434737042415,0.606908177709043,0
1596159983.4936962,334.2439011410701,0.606908177709043,0
1596159983.5036962,336.043298609637,0.606908177709043,0
1596159983.5136962,337.84372604646563,0.606908177709043,0
1596159983.5236962,339.6465567425716,0.606908177709043,0
1596159983.5336962,341.444065935992,0.606908177709043,0
1596159983.5436962,343.2462529019344,0.606908177709043,0
1596159983.5536962,345.0462511853206,0.606908177709043,0
1596159983.5636961,346.8451765851009,0.606908177709043,0
1596159983.5736961,348.64586151399493,0.606908177709043,0
1596159983.5836961,350.4443148449886,0.606908177709043,0
1596159983.593696,352.24366939821124,0.606908177709043,0
1596159983.603696,354.04362476625323,0.606908177709043,0
1596159983.613696,355.84362304963946,0.606908177709043,0
1596159983.623696,357.64336384096026,0.606908177709043,0
1596159983.633696,359.4458082989681,0.606908177709043,0
1596159983.6367986,360,0.606908177709043,1
1596159983.6367986,0,0,0
1596159983.6467986,1.8012428283691406,0,0
1596159983.6567986,3.6017560958862305,0,0
1596159983.657878,3.79427433013916,0,0
1596159983.657878,21.581416648672292,0.09881745732518406,0
1596159983.6667986,23.187566322134202,0.09881745732518406,0
1596159983.6767986,24.987478774831956,0.09881745732518406,0
1596159983.6867986,26.788292449758714,0.09881745732518406,0
1596159983.6967986,28.587303680227464,0.09881745732518406,0
1596159983.7067986,30.388331931875413,0.09881745732518406,0
1596159983.7167985,32.1888451993925,0.09881745732518406,0
1596159983.7267985,33.989530128286546,0.09881745732518406,0
1596159983.7367985,35.79025797252483,0.09881745732518406,0
1596159983.7467985,37.589355033682054,0.09881745732518406,0
1596159983.7567985,39.388623756216234,0.09881745732518406,0
1596159983.7667985,41.18999533061809,0.09881745732518406,0
1596159983.7767985,42.990336936758226,0.09881745732518406,0
1596159983.7867985,44.79024938945598,0.09881745732518406,0
1596159983.7967985,46.58818773631877,0.09881745732518406,0
1596159983.8067985,48.387284797476,0.09881745732518406,0
1596159983.8167984,50.190115493581956,0.09881745732518406,0
1596159983.8267984,51.989427131460374,0.09881745732518406,0
1596159983.8367984,53.78723673229045,0.09881745732518406,0
1596159983.8467984,55.58774999980754,0.09881745732518406,0
1596159983.8567984,57.38834909801311,0.09881745732518406,0
1596159983.8667984,59.19040731792278,0.09881745732518406,0
1596159983.8767984,60.98886064891643,0.09881745732518406,0
1596159983.8867984,62.79010347728557,0.09881745732518406,0
1596159983.8967984,64.58859972362346,0.09881745732518406,0
1596159983.9067984,66.38812593822307,0.09881745732518406,0
1596159983.9167984,68.18932585124797,0.09881745732518406,0
1596159983.9267983,69.99018244151897,0.09881745732518406,0
1596159983.9367983,71.79009489421672,0.09881745732518406,0
1596159983.9467983,73.58816198711223,0.09881745732518406,0
1596159983.9567983,75.38983396892375,0.09881745732518406,0
1596159983.9667983,77.18725733165569,0.09881745732518406,0
1596159983.9767983,78.98807100658244,0.09881745732518406,0
1596159983.9867983,80.78867010478801,0.09881745732518406,0
1596159983.9967983,82.58845381145305,0.09881745732518406,0
1596159984.0067983,84.38776544933147,0.09881745732518406,0
1596159984.0167983,86.18802122478313,0.09881745732518406,0
1596159984.0267982,87.98767618541545,0.09881745732518406,0
1596159984.0367982,89.7872453153593,0.09881745732518406,0
1596159984.0467982,91.58908895854779,0.09881745732518406,0
1596159984.0567982,93.38728479747601,0.09881745732518406,0
1596159984.0667982,95.18715433482953,0.09881745732518406,0
1596159984.0767982,96.98766760234662,0.09881745732518406,0
1596159984.0867982,98.79019789104291,0.09881745732518406,0
1596159984.0967982,100.5895953596098,0.09881745732518406,0
1596159984.1067982,102.38766245250531,0.09881745732518406,0
1596159984.1167982,104.19023565654584,0.09881745732518406,0
1596159984.1267982,105.98924688701459,0.09881745732518406,0
1596159984.1367981,107.7896743238432,0.09881745732518406,0
1596159984.1467981,109.58915762309857,0.09881745732518406,0
1596159984.1567981,111.38992838268109,0.09881745732518406,0
1596159984.166798,113.18962625865765,0.09881745732518406,0
1596159984.176798,114.98958162669965,0.09881745732518406,0
1596159984.186798,116.78957991008588,0.09881745732518406,0
1596159984.196798,118.58786157970258,0.09881745732518406,0
1596159984.206798,120.39026312236615,0.09881745732518406,0
1596159984.216798,122.18712858562299,0.09881745732518406,0
1596159984.226798,123.99034551982709,0.09881745732518406,0
1596159984.236798,125.78794054393597,0.09881745732518406,0
1596159984.246798,127.58987001781293,0.09881745732518406,0
1596159984.256798,129.3874650419218,0.09881745732518406,0
1596159984.266798,131.18973783855267,0.09881745732518406,0
1596159984.276798,132.98982195262738,0.09881745732518406,0
1596159984.286798,134.78917650585004,0.09881745732518406,0
1596159984.296798,136.59016184215375,0.09881745732518406,0
1596159984.306798,138.38968805675336,0.09881745732518406,0
1596159984.316798,140.18908552532025,0.09881745732518406,0
1596159984.326798,141.98822550182172,0.09881745732518406,0
1596159984.336798,143.78809503917523,0.09881745732518406,0
1596159984.346798,145.5894666135771,0.09881745732518406,0
1596159984.356798,147.38882116679974,0.09881745732518406,0
1596159984.366798,149.18787531261273,0.09881745732518406,0
1596159984.376798,150.99019102458783,0.09881745732518406,0
1596159984.386798,152.7883439481718,0.09881745732518406,0
1596159984.396798,154.58924345378705,0.09881745732518406,0
1596159984.406798,156.38924173717328,0.09881745732518406,0
1596159984.4167979,158.18756632213422,0.09881745732518406,0
1596159984.4267979,159.9884229124052,0.09881745732518406,0
1596159984.4367979,161.78966574077435,0.09881745732518406,0
1596159984.4467978,163.58871988658734,0.09881745732518406,0
1596159984.4567978,165.38927606944867,0.09881745732518406,0
1596159984.4667978,167.1885018766386,0.09881745732518406,0
1596159984.4767978,168.9881139219267,0.09881745732518406,0
1596159984.4867978,170.78828386668988,0.09881745732518406,0
1596159984.4967978,172.58969835643597,0.09881745732518406,0
1596159984.5067978,174.3882375181181,0.09881745732518406,0
1596159984.5167978,176.19012407665082,0.09881745732518406,0
1596159984.5217402,177.076626342581,0.09881745732518406,0
1596159984.5217402,177.076626342581,0.09881745732518406,0
1596159984.5267978,177.9880624235136,0.09881745732518406,0
1596159984.5367978,179.78866152171918,0.09881745732518406,0
1596159984.5467978,181.58844522838422,0.09881745732518406,0
1596159984.5567977,183.38848642711469,0.09881745732518406,0
1596159984.5667977,185.18951467876263,0.09881745732518406,0
1596159984.5767977,186.98839716319867,0.09881745732518406,0
1596159984.5867977,188.78697924022504,0.09881745732518406,0
1596159984.5967977,190.58895162944623,0.09881745732518406,0
1596159984.6067977,192.39040903453656,0.09881745732518406,0
1596159984.6167977,194.18770365123578,0.09881745732518406,0
1596159984.6267977,195.9890323102934,0.09881745732518406,0
1596159984.6367977,197.78885893230267,0.09881745732518406,0
1596159984.6467977,199.58722643260785,0.09881745732518406,0
1596159984.6567976,201.38829759960004,0.09881745732518406,0
1596159984.6667976,203.19009832744428,0.09881745732518406,0
1596159984.6767976,204.98726419811078,0.09881745732518406,0
1596159984.6867976,206.78807787303754,0.09881745732518406,0
1596159984.6967976,208.588119071768,0.09881745732518406,0
1596159984.7067976,210.389876884268,0.09881745732518406,0
1596159984.7167976,212.19021849040814,0.09881745732518406,0
1596159984.7267976,213.99030260448285,0.09881745732518406,0
1596159984.7367976,215.78974298839398,0.09881745732518406,0
1596159984.7467976,217.58909754161664,0.09881745732518406,0
1596159984.7567976,219.39008287792035,0.09881745732518406,0
1596159984.7667975,221.18793539409467,0.09881745732518406,0
1596159984.7767975,222.9897361219389,0.09881745732518406,0
1596159984.7867975,224.7885756910307,0.09881745732518406,0
1596159984.7967975,226.59029058818646,0.09881745732518406,0
1596159984.8067975,228.38758520488568,0.09881745732518406,0
1596159984.8167975,230.1877980649931,0.09881745732518406,0
1596159984.8267975,231.9879680097563,0.09881745732518406,0
1596159984.8367975,233.78878168468304,0.09881745732518406,0
1596159984.8467975,235.58908037547894,0.09881745732518406,0
1596159984.8567975,237.3902373731596,0.09881745732518406,0
1596159984.8667974,239.18911985759564,0.09881745732518406,0
1596159984.8767974,240.98817400340863,0.09881745732518406,0
1596159984.8867974,242.78804354076215,0.09881745732518406,0
1596159984.8967974,244.587612670706,0.09881745732518406,0
1596159984.9067974,246.3876967847807,0.09881745732518406,0
1596159984.9167974,248.18859629039594,0.09881745732518406,0
1596159984.9267974,249.9899678647978,0.09881745732518406,0
1596159984.9367974,251.78743414287396,0.09881745732518406,0
1596159984.9467974,253.58871988658734,0.09881745732518406,0
1596159984.9567974,255.38803152446576,0.09881745732518406,0
1596159984.9667974,257.19013265971967,0.09881745732518406,0
1596159984.9767973,258.9902167737944,0.09881745732518406,0
1596159984.9867973,260.7900863111479,0.09881745732518406,0
1596159984.9967973,262.58708052043744,0.09881745732518406,0
1596159985.0067973,264.38828043346234,0.09881745732518406,0
1596159985.0167973,266.188536208914,0.09881745732518406,0
1596159985.0267973,267.9898648679716,0.09881745732518406,0
1596159985.0367973,269.78737406139203,0.09881745732518406,0
1596159985.0467973,271.58801607494183,0.09881745732518406,0
1596159985.0567973,273.3891730726225,0.09881745732518406,0
1596159985.0667973,275.189042609976,0.09881745732518406,0
1596159985.0767972,276.98693804149457,0.09881745732518406,0
1596159985.0867972,278.7879662931425,0.09881745732518406,0
1596159985.0967972,280.5871491849882,0.09881745732518406,0
1596159985.1067972,282.3896794736845,0.09881745732518406,0
1596159985.1167972,284.1869311750395,0.09881745732518406,0
1596159985.1267972,285.9894614637358,0.09881745732518406,0
1596159985.1367972,287.78993181590863,0.09881745732518406,0
1596159985.1467972,289.5897584379179,0.09881745732518406,0
1596159985.1567972,291.38752512340375,0.09881745732518406,0
1596159985.1667972,293.1884675443632,0.09881745732518406,0
1596159985.1767972,294.9898391187651,0.09881745732518406,0
1596159985.1867971,296.78889326457806,0.09881745732518406,0
1596159985.1967971,298.5891490400297,0.09881745732518406,0
1596159985.2067971,300.3884177625639,0.09881745732518406,0
1596159985.216797,302.1871715009672,0.09881745732518406,0
1596159985.226797,303.98862890605756,0.09881745732518406,0
1596159985.236797,305.7870822370512,0.09881745732518406,0
1596159985.246797,307.5889258802397,0.09881745732518406,0
1596159985.256797,309.3869929731352,0.09881745732518406,0
1596159985.266797,311.1902099073393,0.09881745732518406,0
1596159985.276797,312.9872899473173,0.09881745732518406,0
1596159985.286797,314.78771738414594,0.09881745732518406,0
1596159985.296797,316.58938936595746,0.09881745732518406,0
1596159985.306797,318.38891558055707,0.09881745732518406,0
1596159985.316797,320.18749765758344,0.09881745732518406,0
1596159985.326797,321.9885688245756,0.09881745732518406,0
1596159985.336797,323.79002622966595,0.09881745732518406,0
1596159985.346797,325.5876641691191,0.09881745732518406,0
1596159985.356797,327.3895507276518,0.09881745732518406,0
1596159985.366797,329.18731741313763,0.09881745732518406,0
1596159985.376797,330.98941854839154,0.09881745732518406,0
1596159985.386797,332.78761438731976,0.09881745732518406,0
1596159985.396797,334.5900588453276,0.09881745732518406,0
1596159985.406797,336.3883405149443,0.09881745732518406,0
1596159985.416797,338.1869655073149,0.09881745732518406,0
1596159985.426797,339.98880915050336,0.09881745732518406,0
1596159985.436797,341.78975157146283,0.09881745732518406,0
1596159985.446797,343.5896640241606,0.09881745732518406,0
1596159985.456797,345.39013437633344,0.09881745732518406,0
1596159985.4667969,347.18901686076947,0.09881745732518406,0
1596159985.4767969,348.98729853038617,0.09881745732518406,0
1596159985.4867969,350.7884126127226,0.09881745732518406,0
1596159985.4967968,352.58875421886273,0.09881745732518406,0
1596159985.5067968,354.38931040172406,0.09881745732518406,0
1596159985.5167968,356.18913702373334,0.09881745732518406,0
1596159985.5267968,357.9887061536772,0.09881745732518406,0
1596159985.5367968,359.78973440532513,0.09881745732518406,0
1596159985.5379848,360,0.09881745732518406,1
1596159985.5379848,0,0,0
1596159985.5479848,1.8027019500732422,0,0
1596159985.5579848,3.600039482116699,0,0
1596159985.5679848,5.401411056518555,0,0
1596159985.5779848,7.202010154724121,0,0
1596159985.5879848,9.000720977783203,0,0
1596159985.5979848,10.800933837890625,0,0
1596159985.6079848,12.60033130645752,0,0
1596159985.6179848,14.402475357055664,0,0
1596159985.6279848,16.200456619262695,0,0
1596159985.6379848,18.000454902648926,0,0
1596159985.6479847,19.80006694793701,0,0
1596159985.6579847,21.60139560699463,0,0
1596159985.6580918,21.619248390197754,0,0
1596159985.6580918,51.497549632706786,0.1659905624583835,0
1596159985.6679847,53.280381778397704,0.1659905624583835,0
1596159985.6779847,55.078878024735594,0.1659905624583835,0
1596159985.6879847,56.8809791599895,0.1659905624583835,0
1596159985.6979847,58.6787029301311,0.1659905624583835,0
1596159985.7079847,60.480117419877196,0.1659905624583835,0
1596159985.7179847,62.27977238050952,0.1659905624583835,0
1596159985.7279847,64.07951317183031,0.1659905624583835,0
1596159985.7379847,65.87933979383959,0.1659905624583835,0
1596159985.7479846,67.67835102430834,0.1659905624583835,0
1596159985.7579846,69.47967968336596,0.1659905624583835,0
1596159985.7679846,71.27903423658861,0.1659905624583835,0
1596159985.7779846,73.08074913374438,0.1659905624583835,0
1596159985.7879846,74.87881622663988,0.1659905624583835,0
1596159985.7979846,76.6810461079265,0.1659905624583835,0
1596159985.8079846,78.48117313734545,0.1659905624583835,0
1596159985.8179846,80.27825317732348,0.1659905624583835,0
1596159985.8279846,82.08039722792162,0.1659905624583835,0
1596159985.8379846,83.88009510389819,0.1659905624583835,0
1596159985.8479846,85.67893467298998,0.1659905624583835,0
1596159985.8579845,87.4813791309978,0.1659905624583835,0
1596159985.8679845,89.2796608006145,0.1659905624583835,0
1596159985.8779845,91.08056030622973,0.1659905624583835,0
1596159985.8879845,92.87884197584643,0.1659905624583835,0
1596159985.8979845,94.67935524336352,0.1659905624583835,0
1596159985.9079845,96.47858105055346,0.1659905624583835,0
1596159985.9179845,98.28025303236498,0.1659905624583835,0
1596159985.9279845,100.07832012526049,0.1659905624583835,0
1596159985.9379845,101.8793054615642,0.1659905624583835,0
1596159985.9479845,103.68093452803149,0.1659905624583835,0
1596159985.9579844,105.48058948866381,0.1659905624583835,0
1596159985.9679844,107.28153190962328,0.1659905624583835,0
1596159985.9779844,109.0797277485515,0.1659905624583835,0
1596159985.9879844,110.87891064039721,0.1659905624583835,0
1596159985.9979844,112.67843685499682,0.1659905624583835,0
1596159986.0079844,114.48139629713549,0.1659905624583835,0
1596159986.0179844,116.27912006727709,0.1659905624583835,0
1596159986.0279844,118.07868919722094,0.1659905624583835,0
1596159986.0379844,119.87976036421313,0.1659905624583835,0
1596159986.0479844,121.68091736189379,0.1659905624583835,0
1596159986.0579844,123.4793277775432,0.1659905624583835,0
1596159986.0679843,125.28099975935473,0.1659905624583835,0
1596159986.0779843,127.07868061415209,0.1659905624583835,0
1596159986.0879843,128.8787647282268,0.1659905624583835,0
1596159986.0979843,130.67841968885912,0.1659905624583835,0
1596159986.1079843,132.47931919447436,0.1659905624583835,0
1596159986.1179843,134.28039036146654,0.1659905624583835,0
1596159986.1279843,136.0814186131145,0.1659905624583835,0
1596159986.1379843,137.87862739912524,0.1659905624583835,0
1596159986.1479843,139.6786685978557,0.1659905624583835,0
1596159986.1579843,141.48145637861742,0.1659905624583835,0
1596159986.1679842,143.28141174665942,0.1659905624583835,0
1596159986.1779842,145.0797792469646,0.1659905624583835,0
1596159986.1879842,146.879090884843,0.1659905624583835,0
1596159986.1979842,148.67887459150805,0.1659905624583835,0
1596159986.2079842,150.47951660505785,0.1659905624583835,0
1596159986.2179842,152.27865658155932,0.1659905624583835,0
1596159986.2279842,154.08019981733813,0.1659905624583835,0
1596159986.2379842,155.88139973036303,0.1659905624583835,0
1596159986.2479842,157.68148384443774,0.1659905624583835,0
1596159986.2579842,159.48010883680834,0.1659905624583835,0
1596159986.2679842,161.28027878157152,0.1659905624583835,0
1596159986.2779841,163.079418758073,0.1659905624583835,0
1596159986.2879841,164.87993202559008,0.1659905624583835,0
1596159986.2979841,166.67838535658373,0.1659905624583835,0
1596159986.307984,168.47924194685473,0.1659905624583835,0
1596159986.317984,170.28001270643725,0.1659905624583835,0
1596159986.327984,172.08099804274096,0.1659905624583835,0
1596159986.337984,173.8791080509807,0.1659905624583835,0
1596159986.347984,175.67859135023608,0.1659905624583835,0
1596159986.357984,177.4809499775554,0.1659905624583835,0
1596159986.367984,179.2791029011394,0.1659905624583835,0
1596159986.377984,181.08128986708178,0.1659905624583835,0
1596159986.387984,182.87875614515795,0.1659905624583835,0
1596159986.397984,184.6814580952312,0.1659905624583835,0
1596159986.407984,186.48149929396166,0.1659905624583835,0
1596159986.417984,188.28141174665942,0.1659905624583835,0
1596159986.427984,190.07973633162035,0.1659905624583835,0
1596159986.437984,191.87883339277758,0.1659905624583835,0
1596159986.447984,193.68144951216235,0.1659905624583835,0
1596159986.457984,195.4791303669597,0.1659905624583835,0
1596159986.467984,197.2788711582805,0.1659905624583835,0
1596159986.477984,199.0814014469768,0.1659905624583835,0
1596159986.487984,200.8783527409221,0.1659905624583835,0
1596159986.497984,202.6803251301433,0.1659905624583835,0
1596159986.507984,204.48058090559496,0.1659905624583835,0
1596159986.517984,206.27881965986742,0.1659905624583835,0
1596159986.5207126,206.76929912916674,0.1659905624583835,0
1596159986.5207126,206.76929912916674,0.1659905624583835,0
1596159986.527984,208.07984791151537,0.1659905624583835,0
1596159986.537984,209.88100490919604,0.1659905624583835,0
1596159986.547984,211.67859993330492,0.1659905624583835,0
1596159986.5579839,213.47971401564135,0.1659905624583835,0
1596159986.5679839,215.28014145246996,0.1659905624583835,0
1596159986.5779839,217.07928142897143,0.1659905624583835,0
1596159986.5879838,218.88039551130785,0.1659905624583835,0
1596159986.5979838,220.6781621967937,0.1659905624583835,0
1596159986.6079838,222.47906170240893,0.1659905624583835,0
1596159986.6179838,224.28051910749926,0.1659905624583835,0
1596159986.6279838,226.07914409986986,0.1659905624583835,0
1596159986.6379838,227.88051567427172,0.1659905624583835,0
1596159986.6479838,229.67926941267504,0.1659905624583835,0
1596159986.6579838,231.47943935743822,0.1659905624583835,0
1596159986.6679838,233.2814975773479,0.1659905624583835,0
1596159986.6779838,235.0801225697185,0.1659905624583835,0
1596159986.6879838,236.87947712294115,0.1659905624583835,0
1596159986.6979837,238.68020496717944,0.1659905624583835,0
1596159986.7079837,240.47908745161547,0.1659905624583835,0
1596159986.7179837,242.2813173329021,0.1659905624583835,0
1596159986.7279837,244.07895527235522,0.1659905624583835,0
1596159986.7379837,245.8812709843303,0.1659905624583835,0
1596159986.7479837,247.6794239079143,0.1659905624583835,0
1596159986.7579837,249.47860679976,0.1659905624583835,0
1596159986.7679837,251.28075085035815,0.1659905624583835,0
1596159986.7779837,253.07868919722094,0.1659905624583835,0
1596159986.7879837,254.87967453352465,0.1659905624583835,0
1596159986.7979836,256.6809173618938,0.1659905624583835,0
1596159986.8079836,258.47876987806814,0.1659905624583835,0
1596159986.8179836,260.2782531773235,0.1659905624583835,0
1596159986.8279836,262.0803113972332,0.1659905624583835,0
1596159986.8379836,263.87970886580007,0.1659905624583835,0
1596159986.8479836,265.6788059269573,0.1659905624583835,0
1596159986.8579836,267.48060665480153,0.1659905624583835,0
1596159986.8679836,269.2792745625164,0.1659905624583835,0
1596159986.8779836,271.0792728459026,0.1659905624583835,0
1596159986.8879836,272.8803440128948,0.1659905624583835,0
1596159986.8979836,274.67982731215017,0.1659905624583835,0
1596159986.9079835,276.4793535267498,0.1659905624583835,0
1596159986.9179835,278.27952347151296,0.1659905624583835,0
1596159986.9279835,280.0802942310955,0.1659905624583835,0
1596159986.9379835,281.880163768449,0.1659905624583835,0
1596159986.9479835,283.67994747511403,0.1659905624583835,0
1596159986.9579835,285.47968826643483,0.1659905624583835,0
1596159986.9679835,287.2781415974285,0.1659905624583835,0
1596159986.9779835,289.0813585316326,0.1659905624583835,0
1596159986.9879835,290.8789964710857,0.1659905624583835,0
1596159986.9979835,292.6783939396526,0.1659905624583835,0
1596159987.0079834,294.4791646992351,0.1659905624583835,0
1596159987.0179834,296.2783046757366,0.1659905624583835,0
1596159987.0279834,298.080491641679,0.1659905624583835,0
1596159987.0379834,299.8806186710979,0.1659905624583835,0
1596159987.0479834,301.679329494157,0.1659905624583835,0
1596159987.0579834,303.4780832325603,0.1659905624583835,0
1596159987.0679834,305.27898273817556,0.1659905624583835,0
1596159987.0779834,307.07816563002126,0.1659905624583835,0
1596159987.0879834,308.8805242573406,0.1659905624583835,0
1596159987.0979834,310.67996464125173,0.1659905624583835,0
1596159987.1079834,312.47970543257253,0.1659905624583835,0
1596159987.1179833,314.2782016789104,0.1659905624583835,0
1596159987.1279833,316.0801740681316,0.1659905624583835,0
1596159987.1379833,317.88051567427175,0.1659905624583835,0
1596159987.1479833,319.68124351851003,0.1659905624583835,0
1596159987.1579833,321.479396442094,0.1659905624583835,0
1596159987.1679833,323.2809396778728,0.1659905624583835,0
1596159987.1779833,325.07913551680105,0.1659905624583835,0
1596159987.1879833,326.8785759007122,0.1659905624583835,0
1596159987.1979833,328.6802478825237,0.1659905624583835,0
1596159987.2079833,330.4806324040081,0.1659905624583835,0
1596159987.2179832,332.27865658155935,0.1659905624583835,0
1596159987.2279832,334.0791269337322,0.1659905624583835,0
1596159987.2379832,335.8783956562664,0.1659905624583835,0
1596159987.2479832,337.67865143171804,0.1659905624583835,0
1596159987.2579832,339.48053799025075,0.1659905624583835,0
1596159987.2679832,341.2782188450481,0.1659905624583835,0
1596159987.2779832,343.07980499617116,0.1659905624583835,0
1596159987.2879832,344.8789020573284,0.1659905624583835,0
1596159987.2979832,346.6807886158611,0.1659905624583835,0
1596159987.3079832,348.47988567701833,0.1659905624583835,0
1596159987.3179832,350.28134308210866,0.1659905624583835,0
1596159987.3279831,352.0811267887737,0.1659905624583835,0
1596159987.3379831,353.8805242573406,0.1659905624583835,0
1596159987.3479831,355.6794925724651,0.1659905624583835,0
1596159987.357983,357.4796625172283,0.1659905624583835,0
1596159987.367983,359.2812057530071,0.1659905624583835,0
1596159987.3720057,360,0.1659905624583835,1
1596159987.3720057,0,0,0
1596159987.3820057,1.8021440505981445,0,0
1596159987.3920057,3.6023569107055664,0,0
1596159987.4020057,5.403342247009277,0,0
1596159987.4120057,7.200121879577637,0,0
1596159987.4220057,9.000763893127441,0,0
1596159987.4320056,10.801019668579102,0,0
1596159987.4420056,12.60033130645752,0,0
1596159987.4520056,14.402904510498047,0,0
1596159987.4620056,16.201529502868652,0,0
1596159987.4720056,18.00238609313965,0,0
1596159987.4820056,19.800453186035156,0,0
1596159987.4920056,21.602425575256348,0,0
1596159987.5020056,23.401780128479004,0,0
1596159987.5120056,25.20160675048828,0,0
1596159987.5220056,27.001562118530273,0,0
1596159987.5320055,28.800058364868164,0,0
1596159987.5420055,30.603232383728027,0,0
1596159987.5520055,32.40318775177002,0,0
1596159987.5620055,34.20013904571533,0,0
1596159987.5720055,36.00215435028076,0,0
1596159987.5820055,37.80322551727295,0,0
1596159987.5920055,39.60249423980713,0,0
1596159987.6020055,41.4014196395874,0,0
1596159987.6120055,43.20154666900635,0,0
1596159987.6220055,45.00025749206543,0,0
1596159987.6320055,46.80257320404053,0,0
1596159987.6420054,48.60033988952637,0,0
1596159987.6520054,50.40278434753418,0,0
1596159987.658315,51.53566360473633,0,0
1596159987.658315,180.66280472938794,0.7173730062480645,0
1596159987.6620054,181.32902253334302,0.7173730062480645,0
1596159987.6720054,183.12842000190992,0.7173730062480645,0
1596159987.6820054,184.92730248634595,0.7173730062480645,0
1596159987.6920054,186.72837365333814,0.7173730062480645,0
1596159987.7020054,188.52781403724927,0.7173730062480645,0
1596159987.7120054,190.3283702201106,0.7173730062480645,0
1596159987.7220054,192.1290122336604,0.7173730062480645,0
1596159987.7320054,193.92995465461988,0.7173730062480645,0
1596159987.7420053,195.72943795387525,0.7173730062480645,0
1596159987.7520053,197.52896416847486,0.7173730062480645,0
1596159987.7620053,199.32866204445142,0.7173730062480645,0
1596159987.7720053,201.12908948128003,0.7173730062480645,0
1596159987.7820053,202.92943108742017,0.7173730062480645,0
1596159987.7920053,204.72724068825025,0.7173730062480645,0
1596159987.8020053,206.52753937904615,0.7173730062480645,0
1596159987.8120053,208.3281384772517,0.7173730062480645,0
1596159987.8220053,210.12817967598218,0.7173730062480645,0
1596159987.8320053,211.9281779593684,0.7173730062480645,0
1596159987.8420053,213.73006451790113,0.7173730062480645,0
1596159987.8520052,215.52761662666578,0.7173730062480645,0
1596159987.8620052,217.33023274605054,0.7173730062480645,0
1596159987.8720052,219.12752736274976,0.7173730062480645,0
1596159987.8820052,220.92812646095533,0.7173730062480645,0
1596159987.8920052,222.72966969673413,0.7173730062480645,0
1596159987.9020052,224.52872384254712,0.7173730062480645,0
1596159987.9120052,226.3279925650813,0.7173730062480645,0
1596159987.9220052,228.12846291725415,0.7173730062480645,0
1596159987.9320052,229.92987740700025,0.7173730062480645,0
1596159987.9420052,231.72785866920728,0.7173730062480645,0
1596159987.9520051,233.52820027534742,0.7173730062480645,0
1596159987.9620051,235.3298293418147,0.7173730062480645,0
1596159987.9720051,237.12931264107007,0.7173730062480645,0
1596159987.9820051,238.92956841652173,0.7173730062480645,0
1596159987.992005,240.73033917610425,0.7173730062480645,0
1596159988.002005,242.5272046393611,0.7173730062480645,0
1596159988.012005,244.3288766211726,0.7173730062480645,0
1596159988.022005,246.130162364886,0.7173730062480645,0
1596159988.032005,247.92702782814283,0.7173730062480645,0
1596159988.042005,249.72891438667554,0.7173730062480645,0
1596159988.052005,251.5291701621272,0.7173730062480645,0
1596159988.062005,253.32826722328443,0.7173730062480645,0
1596159988.072005,255.127965099261,0.7173730062480645,0
1596159988.082005,256.9287787741878,0.7173730062480645,0
1596159988.092005,258.7288628882625,0.7173730062480645,0
1596159988.102005,260.5300628012874,0.7173730062480645,0
1596159988.112005,262.3272286719539,0.7173730062480645,0
1596159988.122005,264.12963021461746,0.7173730062480645,0
1596159988.132005,265.9295426673152,0.7173730062480645,0
1596159988.142005,267.729455120013,0.7173730062480645,0
1596159988.152005,269.52829468910477,0.7173730062480645,0
1596159988.162005,271.3288508719661,0.7173730062480645,0
1596159988.172005,273.1273900336482,0.7173730062480645,0
1596159988.182005,274.9289761847713,0.7173730062480645,0
1596159988.192005,276.7302190131404,0.7173730062480645,0
1596159988.202005,278.5298310584285,0.7173730062480645,0
1596159988.212005,280.329700595782,0.7173730062480645,0
1596159988.222005,282.1272956198909,0.7173730062480645,0
1596159988.232005,283.9274655646541,0.7173730062480645,0
1596159988.2420049,285.72759259407303,0.7173730062480645,0
1596159988.2520049,287.5297366446712,0.7173730062480645,0
1596159988.2620049,289.3302928275325,0.7173730062480645,0
1596159988.2720048,291.1283170050838,0.7173730062480645,0
1596159988.2820048,292.92758572761795,0.7173730062480645,0
1596159988.2920048,294.7281419104793,0.7173730062480645,0
1596159988.3020048,296.52762520973465,0.7173730062480645,0
1596159988.3120048,298.3295546836116,0.7173730062480645,0
1596159988.3220048,300.12809384529373,0.7173730062480645,0
1596159988.3320048,301.929722911761,0.7173730062480645,0
1596159988.3420048,303.7302361792781,0.7173730062480645,0
1596159988.3520048,305.52778828804276,0.7173730062480645,0
1596159988.3620048,307.32941735451004,0.7173730062480645,0
1596159988.3720047,309.1302310294368,0.7173730062480645,0
1596159988.3820047,310.92902768318436,0.7173730062480645,0
1596159988.3920047,312.72795308296463,0.7173730062480645,0
1596159988.4020047,314.5295821494319,0.7173730062480645,0
1596159988.4120047,316.32833588783524,0.7173730062480645,0
1596159988.4220047,318.1279479331233,0.7173730062480645,0
1596159988.4320047,319.9277745551326,0.7173730062480645,0
1596159988.4420047,321.72893155281326,0.7173730062480645,0
1596159988.4520047,323.52729905311844,0.7173730062480645,0
1596159988.4620047,325.32725442116043,0.7173730062480645,0
1596159988.4720047,327.1290980643489,0.7173730062480645,0
1596159988.4820046,328.9297400778987,0.7173730062480645,0
1596159988.4920046,330.7285367316463,0.7173730062480645,0
1596159988.5020046,332.5295649832942,0.7173730062480645,0
1596159988.5120046,334.32823289100907,0.7173730062480645,0
1596159988.5209427,335.93579877083084,0.7173730062480645,0
1596159988.5209427,335.93579877083084,0.7173730062480645,0
1596159988.5220046,336.130334026263,0.7173730062480645,0
1596159988.5320046,337.92780030433914,0.7173730062480645,0
1596159988.5420046,339.73011601631424,0.7173730062480645,0
1596159988.5520046,341.5295564002254,0.7173730062480645,0
1596159988.5620046,343.3277522391536,0.7173730062480645,0
1596159988.5720046,345.1272784537532,0.7173730062480645,0
1596159988.5820045,346.928821689532,0.7173730062480645,0
1596159988.5920045,348.7277900046565,0.7173730062480645,0
1596159988.6020045,350.52989113991043,0.7173730062480645,0
1596159988.6120045,352.3296748465755,0.7173730062480645,0
1596159988.6220045,354.12928689186356,0.7173730062480645,0
1596159988.6320045,355.9273110694148,0.7173730062480645,0
1596159988.6420045,357.7297984427669,0.7173730062480645,0
1596159988.6520045,359.5291959113338,0.7173730062480645,0
1596159988.654645,360,0.7173730062480645,1
1596159988.654645,0,0,0
1596159988.664645,1.8033885955810547,0,0
1596159988.674645,3.60227108001709,0,0
1596159988.684645,5.401968955993652,0,0
1596159988.694645,7.199993133544922,0,0
1596159988.704645,9.000935554504395,0,0
1596159988.714645,10.800504684448242,0,0
1596159988.724645,12.601189613342285,0,0
1596159988.734645,14.400157928466797,0,0
1596159988.7446449,16.2013578414917,0,0
1596159988.7546449,18.003201484680176,0,0
1596159988.7646449,19.801054000854492,0,0
1596159988.7746449,21.601738929748535,0,0
1596159988.7846448,23.403067588806152,0,0
1596159988.7946448,25.2011775970459,0,0
1596159988.8046448,27.00160503387451,0,0
1596159988.8146448,28.8006591796875,0,0
1596159988.8246448,30.601301193237305,0,0
1596159988.8346448,32.403316497802734,0,0
1596159988.8446448,34.20095443725586,0,0
1596159988.8546448,36.00228309631348,0,0
1596159988.8646448,37.80000686645508,0,0
1596159988.8746448,39.60099220275879,0,0
1596159988.8846447,41.40073299407959,0,0
1596159988.8946447,43.20197582244873,0,0
1596159988.9046447,45.00205993652344,0,0
1596159988.9146447,46.80295944213867,0,0
1596159988.9246447,48.60158443450928,0,0
1596159988.9346447,50.400123596191406,0,0
1596159988.9446447,52.20003604888916,0,0
1596159988.9546447,54.00248050689697,0,0
1596159988.9646447,55.80110549926758,0,0
1596159988.9746447,57.602691650390625,0,0
1596159988.9846447,59.40200328826904,0,0
1596159988.9946446,61.20140075683594,0,0
1596159989.0046446,63.00006866455078,0,0
1596159989.0146446,64.80191230773926,0,0
1596159989.0246446,66.60015106201172,0,0
1596159989.0346446,68.40092182159424,0,0
1596159989.0446446,70.20186424255371,0,0
1596159989.0546446,72.0014762878418,0,0
1596159989.0646446,73.8023328781128,0,0
1596159989.0746446,75.60014247894287,0,0
1596159989.0846446,77.40254402160645,0,0
1596159989.0946445,79.20026779174805,0,0
1596159989.1046445,81.00292682647705,0,0
1596159989.1146445,82.8004789352417,0,0
1596159989.1246445,84.6013355255127,0,0
1596159989.1346445,86.4014196395874,0,0
1596159989.1446445,88.20249080657959,0,0
1596159989.1546445,90.00017166137695,0,0
1596159989.1646445,91.8017578125,0,0
1596159989.1746445,93.60124111175537,0,0
1596159989.1846445,95.40063858032227,0,0
1596159989.1946445,97.20033645629883,0,0
1596159989.2046444,99.00029182434082,0,0
1596159989.2146444,100.80187797546387,0,0
1596159989.2246444,102.602219581604,0,0
1596159989.2346444,104.40243244171143,0,0
1596159989.2446444,106.20200157165527,0,0
1596159989.2546444,108.00247192382812,0,0
1596159989.2646444,109.80272769927979,0,0
1596159989.2746444,111.60152435302734,0,0
1596159989.2846444,113.40075016021729,0,0
1596159989.2946444,115.2029800415039,0,0
1596159989.3046443,117.00078964233398,0,0
1596159989.3146443,118.80027294158936,0,0
1596159989.3246443,120.60087203979492,0,0
1596159989.3346443,122.40009784698486,0,0
1596159989.3446443,124.20219898223877,0,0
1596159989.3546443,126.00078105926514,0,0
1596159989.3646443,127.80142307281494,0,0
1596159989.3746443,129.60116386413574,0,0
1596159989.3846443,131.40090465545654,0,0
1596159989.3946443,133.20051670074463,0,0
1596159989.4046443,135.0013303756714,0,0
1596159989.4146442,136.8004274368286,0,0
1596159989.4246442,138.60201358795166,0,0
1596159989.4346442,140.4010248184204,0,0
1596159989.4446442,142.20059394836426,0,0
1596159989.4546442,144.00110721588135,0,0
1596159989.4646442,145.80183506011963,0,0
1596159989.4746442,147.60033130645752,0,0
1596159989.4846442,149.4007158279419,0,0
1596159989.4946442,151.20277404785156,0,0
1596159989.5046442,153.00011157989502,0,0
1596159989.5146441,154.80109691619873,0,0
1596159989.5246441,156.6012668609619,0,0
1596159989.5346441,158.40126514434814,0,0
1596159989.544644,160.2015209197998,0,0
1596159989.554644,162.00220584869385,0,0
1596159989.564644,163.8019895553589,0,0
1596159989.574644,165.60014247894287,0,0
1596159989.584644,167.40245819091797,0,0
1596159989.594644,169.20241355895996,0,0
1596159989.604644,171.00013732910156,0,0
1596159989.614644,172.8006076812744,0,0
1596159989.624644,174.60305213928223,0,0
1596159989.634644,176.40056133270264,0,0
1596159989.644644,178.19987297058105,0,0
1596159989.654644,180.00296115875244,0,0
1596159989.6585426,180.70158004760742,0,0
1596159989.6585426,180.70158004760742,0.0,0
1596159989.664644,181.80162906646729,0.0,0
1596159989.674644,183.60291481018066,0.0,0
1596159989.684644,185.40141105651855,0.0,0
1596159989.694644,187.2009801864624,0.0,0
1596159989.704644,189.00278091430664,0.0,0
1596159989.714644,190.80256462097168,0.0,0
1596159989.724644,192.60251998901367,0.0,0
1596159989.734644,194.40320491790771,0.0,0
1596159989.744644,196.20195865631104,0.0,0
1596159989.754644,198.00225734710693,0.0,0
1596159989.764644,199.80255603790283,0.0,0
1596159989.774644,201.60298347473145,0.0,0
1596159989.784644,203.4016513824463,0.0,0
1596159989.7946439,205.20126342773438,0.0,0
1596159989.8046439,207.00302124023438,0.0,0
1596159989.8146439,208.80035877227783,0.0,0
1596159989.8246439,210.6020736694336,0.0,0
1596159989.8346438,212.4025011062622,0.0,0
1596159989.8446438,214.20146942138672,0.0,0
1596159989.8546438,216.00146770477295,0.0,0
1596159989.8646438,217.80292510986328,0.0,0
1596159989.8746438,219.60197925567627,0.0,0
1596159989.8846438,221.40099048614502,0.0,0
1596159989.8946438,223.20021629333496,0.0,0
1596159989.9046438,225.0031328201294,0.0,0
1596159989.9146438,226.80218696594238,0.0,0
1596159989.9246438,228.60179901123047,0.0,0
1596159989.9346437,230.4003381729126,0.0,0
1596159989.9446437,232.2020959854126,0.0,0
1596159989.9546437,234.00157928466797,0.0,0
1596159989.9646437,235.800461769104,0.0,0
1596159989.9746437,237.60058879852295,0.0,0
1596159989.9846437,239.40080165863037,0.0,0
1596159989.9946437,241.19998455047607,0.0,0
1596159990.0046437,243.0013132095337,0.0,0
1596159990.0146437,244.80109691619873,0.0,0
1596159990.0246437,246.60268306732178,0.0,0
1596159990.0346437,248.40147972106934,0.0,0
1596159990.0446436,250.20092010498047,0.0,0
1596159990.0546436,252.0016050338745,0.0,0
1596159990.0646436,253.8013458251953,0.0,0
1596159990.0746436,255.60048580169678,0.0,0
1596159990.0846436,257.4002265930176,0.0,0
1596159990.0946436,259.1998815536499,0.0,0
1596159990.1046436,261.0006093978882,0.0,0
1596159990.1146436,262.8003931045532,0.0,0
1596159990.1246436,264.6011209487915,0.0,0
1596159990.1346436,266.4007759094238,0.0,0
1596159990.1446435,268.1998300552368,0.0,0
1596159990.1546435,270.00060081481934,0.0,0
1596159990.1646435,271.80291652679443,0.0,0
1596159990.1746435,273.60119819641113,0.0,0
1596159990.1846435,275.40265560150146,0.0,0
1596159990.1946435,277.2019672393799,0.0,0
1596159990.2046435,279.00007724761963,0.0,0
1596159990.2146435,280.802264213562,0.0,0
1596159990.2246435,282.5997304916382,0.0,0
1596159990.2346435,284.40032958984375,0.0,0
1596159990.2446434,286.20028495788574,0.0,0
1596159990.2546434,288.0009698867798,0.0,0
1596159990.2646434,289.80255603790283,0.0,0
1596159990.2746434,291.60173892974854,0.0,0
1596159990.2846434,293.4010934829712,0.0,0
1596159990.2946434,295.2024221420288,0.0,0
1596159990.3046434,297.0010471343994,0.0,0
1596159990.3146434,298.80306243896484,0.0,0
1596159990.3246434,300.6016445159912,0.0,0
1596159990.32494,300.6531000137329,0.0,0
1596159990.32494,300.6531000137329,0.0,0
1596159990.3346434,302.4027156829834,0.0,0
1596159990.3446434,304.2002248764038,0.0,0
1596159990.3546433,306.0003089904785,0.0,0
1596159990.3646433,307.80142307281494,0.0,0
1596159990.3746433,309.6023654937744,0.0,0
1596159990.3846433,311.4026212692261,0.0,0
1596159990.3946433,313.2003879547119,0.0,0
1596159990.4046433,315.0018882751465,0.0,0
1596159990.4146433,316.80192947387695,0.0,0
1596159990.4246433,318.6001253128052,0.0,0
1596159990.4346433,320.40085315704346,0.0,0
1596159990.4446433,322.20213890075684,0.0,0
1596159990.4546432,324.00235176086426,0.0,0
1596159990.4646432,325.80286502838135,0.0,0
1596159990.4746432,327.6008892059326,0.0,0
1596159990.4846432,329.4029903411865,0.0,0
1596159990.4946432,331.20140075683594,0.0,0
1596159990.5046432,333.0029010772705,0.0,0
1596159990.5146432,334.80010986328125,0.0,0
1596159990.5246432,336.59972190856934,0.0,0
1596159990.5346432,338.40216636657715,0.0,0
1596159990.5446432,340.20023345947266,0.0,0
1596159990.5546432,342.00254917144775,0.0,0
1596159990.5646431,343.8004446029663,0.0,0
1596159990.5746431,345.60181617736816,0.0,0
1596159990.5846431,347.40232944488525,0.0,0
1596159990.594643,349.20005321502686,0.0,0
1596159990.604643,350.9998369216919,0.0,0
1596159990.614643,352.8020668029785,0.0,0
1596159990.624643,354.6026659011841,0.0,0
1596159990.634643,356.4015054702759,0.0,0
1596159990.644643,358.202919960022,0.0,0
1596159990.654657,360,0.0,1
1596159990.654657,0,0,0
1596159990.6646569,1.800985336303711,0,0
1596159990.6746569,3.6016273498535156,0,0
1596159990.6846569,5.400424003601074,0,0
1596159990.6946568,7.201323509216309,0,0
1596159990.7046568,9.002737998962402,0,0
1596159990.7146568,10.803208351135254,0,0
1596159990.7246568,12.602262496948242,0,0
1596159990.7346568,14.400973320007324,0,0
1596159990.7446568,16.2007999420166,0,0
1596159990.7546568,18.00307273864746,0,0
1596159990.7646568,19.80032444000244,0,0
1596159990.7746568,21.60285472869873,0,0
1596159990.7846568,23.401951789855957,0,0
1596159990.7946568,25.201478004455566,0,0
1596159990.8046567,27.00263500213623,0,0
1596159990.8146567,28.803234100341797,0,0
1596159990.8246567,30.600357055664062,0,0
1596159990.8346567,32.40065574645996,0,0
1596159990.8446567,34.2009973526001,0,0
1596159990.8546567,36.00121021270752,0,0
1596159990.8646567,37.80318260192871,0,0
1596159990.8746567,39.6027946472168,0,0
1596159990.8846567,41.40064716339111,0,0
1596159990.8946567,43.202877044677734,0,0
1596159990.9046566,45.00223159790039,0,0
1596159990.9146566,46.80257320404053,0,0
1596159990.9246566,48.60248565673828,0,0
1596159990.9346566,50.40145397186279,0,0
1596159990.9446566,52.200422286987305,0,0
1596159990.9546566,54.00157928466797,0,0
1596159990.9646566,55.80252170562744,0,0
1596159990.9746566,57.60123252868652,0,0
1596159990.9846566,59.40110206604004,0,0
1596159990.9946566,61.2028169631958,0,0
1596159991.0046566,63.00204277038574,0,0
1596159991.0146565,64.80315685272217,0,0
1596159991.0246565,66.60289764404297,0,0
1596159991.0346565,68.40126514434814,0,0
1596159991.0446565,70.20177841186523,0,0
1596159991.0546565,72.00224876403809,0,0
1596159991.0646565,73.8001012802124,0,0
1596159991.0746565,75.60173034667969,0,0
1596159991.0846565,77.40151405334473,0,0
1596159991.0946565,79.20039653778076,0,0
1596159991.1046565,81.00030899047852,0,0
1596159991.1146564,82.8013801574707,0,0
1596159991.1246564,84.60262298583984,0,0
1596159991.1346564,86.40326499938965,0,0
1596159991.1446564,88.20253372192383,0,0
1596159991.1546564,90.00214576721191,0,0
1596159991.1646564,91.80257320404053,0,0
1596159991.1746564,93.60257148742676,0,0
1596159991.1846564,95.40076732635498,0,0
1596159991.1946564,97.2026538848877,0,0
1596159991.2046564,98.99990558624268,0,0
1596159991.2146564,100.8010196685791,0,0
1596159991.2246563,102.60209083557129,0,0
1596159991.2346563,104.40024375915527,0,0
1596159991.2446563,106.20058536529541,0,0
1596159991.2546563,108.0019998550415,0,0
1596159991.2646563,109.80212688446045,0,0
1596159991.2746563,111.60212516784668,0,0
1596159991.2846563,113.40212345123291,0,0
1596159991.2946563,115.20203590393066,0,0
1596159991.3046563,117.00280666351318,0,0
1596159991.3146563,118.80074501037598,0,0
1596159991.3246562,120.6003999710083,0,0
1596159991.3346562,122.40245819091797,0,0
1596159991.3446562,124.20241355895996,0,0
1596159991.3546562,126.00305557250977,0,0
1596159991.3646562,127.80099391937256,0,0
1596159991.3746562,129.60073471069336,0,0
1596159991.3846562,131.40184879302979,0,0
1596159991.3946562,133.20034503936768,0,0
1596159991.4046562,135.00253200531006,0,0
1596159991.4146562,136.80295944213867,0,0
1596159991.4246562,138.59991073608398,0,0
1596159991.4346561,140.40278434753418,0,0
1596159991.4446561,142.20059394836426,0,0
1596159991.4546561,144.00248050689697,0,0
1596159991.464656,145.80187797546387,0,0
1596159991.474656,147.60015964508057,0,0
1596159991.484656,149.40221786499023,0,0
1596159991.494656,151.20182991027832,0,0
1596159991.504656,153.00217151641846,0,0
1596159991.514656,154.80135440826416,0,0
1596159991.524656,156.60264015197754,0,0
1596159991.534656,158.40190887451172,0,0
1596159991.544656,160.2015209197998,0,0
1596159991.554656,162.00297832489014,0,0
1596159991.564656,163.8004446029663,0,0
1596159991.574656,165.60057163238525,0,0
1596159991.584656,167.40099906921387,0,0
1596159991.594656,169.20159816741943,0,0
1596159991.604656,171.00279808044434,0,0
1596159991.614656,172.80035018920898,0,0
1596159991.624656,174.60017681121826,0,0
1596159991.634656,176.40202045440674,0,0
1596159991.644656,178.20257663726807,0,0
1596159991.654656,180.00244617462158,0,0
1596159991.658795,180.74488162994385,0,0
1596159991.658795,180.74488162994385,0.0,0
1596159991.664656,181.79999828338623,0.0,0
1596159991.674656,183.60291481018066,0.0,0
1596159991.684656,185.40252685546875,0.0,0
1596159991.694656,187.20080852508545,0.0,0
1596159991.704656,189.00029182434082,0.0,0
1596159991.7146559,190.80239295959473,0.0,0
1596159991.7246559,192.60101795196533,0.0,0
1596159991.7346559,194.40135955810547,0.0,0
1596159991.7446558,196.20277404785156,0.0,0
1596159991.7546558,198.00264358520508,0.0,0
1596159991.7646558,199.80066776275635,0.0,0
1596159991.7746558,201.60139560699463,0.0,0
1596159991.7846558,203.40023517608643,0.0,0
1596159991.7946558,205.20302295684814,0.0,0
1596159991.8046558,207.00173377990723,0.0,0
1596159991.8146558,208.8004446029663,0.0,0
1596159991.8246558,210.60082912445068,0.0,0
1596159991.8346558,212.4028444290161,0.0,0
1596159991.8446558,214.201340675354,0.0,0
1596159991.8546557,216.00026607513428,0.0,0
1596159991.8646557,217.80133724212646,0.0,0
1596159991.8746557,219.60150718688965,0.0,0
1596159991.8846557,221.4012908935547,0.0,0
1596159991.8946557,223.20214748382568,0.0,0
1596159991.9046557,225.00038623809814,0.0,0
1596159991.9146557,226.80132865905762,0.0,0
1596159991.9246557,228.60188484191895,0.0,0
1596159991.9346557,230.40003776550293,0.0,0
1596159991.9446557,232.2015380859375,0.0,0
1596159991.9546556,233.9999485015869,0.0,0
1596159991.9646556,235.7997751235962,0.0,0
1596159991.9746556,237.60234832763672,0.0,0
1596159991.9846556,239.4014024734497,0.0,0
1596159991.9946556,241.2014865875244,0.0,0
1596159992.0046556,243.00036907196045,0.0,0
1596159992.0146556,244.80092525482178,0.0,0
1596159992.0246556,246.60276889801025,0.0,0
1596159992.0346556,248.40250968933105,0.0,0
1596159992.0446556,250.20259380340576,0.0,0
1596159992.0546556,252.00173377990723,0.0,0
1596159992.0646555,253.80173206329346,0.0,0
1596159992.0746555,255.6015157699585,0.0,0
1596159992.0846555,257.4005699157715,0.0,0
1596159992.0946555,259.2014265060425,0.0,0
1596159992.1046555,261.0002660751343,0.0,0
1596159992.1146555,262.8009510040283,0.0,0
1596159992.1246555,264.6011209487915,0.0,0
1596159992.1346555,266.4026212692261,0.0,0
1596159992.1446555,268.20141792297363,0.0,0
1596159992.1546555,270.00296115875244,0.0,0
1596159992.1646554,271.8004274368286,0.0,0
1596159992.1746554,273.60111236572266,0.0,0
1596159992.1846554,275.39982318878174,0.0,0
1596159992.1946554,277.2024393081665,0.0,0
1596159992.2046554,279.00132179260254,0.0,0
1596159992.2146554,280.8026075363159,0.0,0
1596159992.2246554,282.6014471054077,0.0,0
1596159992.2346554,284.40157413482666,0.0,0
1596159992.2446554,286.2027311325073,0.0,0
1596159992.2546554,288.0015277862549,0.0,0
1596159992.2646554,289.8013114929199,0.0,0
1596159992.2746553,291.6004943847656,0.0,0
1596159992.2846553,293.40083599090576,0.0,0
1596159992.2946553,295.20066261291504,0.0,0
1596159992.3046553,297.0018196105957,0.0,0
1596159992.3146553,298.8023328781128,0.0,0
1596159992.3246553,300.60044288635254,0.0,0
1596159992.3251529,300.6892776489258,0.0,0
1596159992.3251529,300.6892776489258,0.0,0
1596159992.3346553,302.40044116973877,0.0,0
1596159992.3446553,304.20271396636963,0.0,0
1596159992.3546553,306.0015535354614,0.0,0
1596159992.3646553,307.801251411438,0.0,0
1596159992.3746552,309.60082054138184,0.0,0
1596159992.3846552,311.4007759094238,0.0,0
1596159992.3946552,313.20111751556396,0.0,0
1596159992.4046552,315.0029182434082,0.0,0
1596159992.4146552,316.80235862731934,0.0,0
1596159992.4246552,318.6023139953613,0.0,0
1596159992.4346552,320.4008102416992,0.0,0
1596159992.4446552,322.2021818161011,0.0,0
1596159992.4546552,324.0009355545044,0.0,0
1596159992.4646552,325.79973220825195,0.0,0
1596159992.4746552,327.60294914245605,0.0,0
1596159992.4846551,329.40200328826904,0.0,0
1596159992.4946551,331.2011432647705,0.0,0
1596159992.5046551,333.0017852783203,0.0,0
1596159992.514655,334.8025131225586,0.0,0
1596159992.524655,336.6016101837158,0.0,0
1596159992.534655,338.4018659591675,0.0,0
1596159992.544655,340.20044803619385,0.0,0
1596159992.554655,342.0012617111206,0.0,0
1596159992.564655,343.8007879257202,0.0,0
1596159992.574655,345.5999279022217,0.0,0
1596159992.584655,347.4008274078369,0.0,0
1596159992.594655,349.2018985748291,0.0,0
1596159992.604655,351.0024118423462,0.0,0
1596159992.614655,352.80077934265137,0.0,0
1596159992.624655,354.60116386413574,0.0,0
1596159992.634655,356.4012050628662,0.0,0
1596159992.644655,358.2024049758911,0.0,0
1596159992.6546636,360,0.0,1
1596159992.6546636,0,0,0
1596159992.6646636,1.800684928894043,0,0
1596159992.6746635,3.6017990112304688,0,0
1596159992.6846635,5.400810241699219,0,0
1596159992.6946635,7.2022247314453125,0,0
1596159992.7046635,9.0032958984375,0,0
1596159992.7146635,10.802478790283203,0,0
1596159992.7246635,12.600202560424805,0,0
1596159992.7346635,14.400801658630371,0,0
1596159992.7446635,16.20161533355713,0,0
1596159992.7546635,18.0010986328125,0,0
1596159992.7646635,19.800710678100586,0,0
1596159992.7746634,21.600708961486816,0,0
1596159992.7846634,23.40014934539795,0,0
1596159992.7946634,25.203022956848145,0,0
1596159992.8046634,27.002506256103516,0,0
1596159992.8146634,28.80241870880127,0,0
1596159992.8246634,30.600786209106445,0,0
1596159992.8346634,32.40185737609863,0,0
1596159992.8446634,34.202799797058105,0,0
1596159992.8546634,36.00322723388672,0,0
1596159992.8646634,37.80253887176514,0,0
1596159992.8746634,39.6002197265625,0,0
1596159992.8846633,41.40056133270264,0,0
1596159992.8946633,43.2022762298584,0,0
1596159992.9046633,45.00278949737549,0,0
1596159992.9146633,46.80128574371338,0,0
1596159992.9246633,48.60218524932861,0,0
1596159992.9346633,50.40171146392822,0,0
1596159992.9446633,52.201409339904785,0,0
1596159992.9546633,54.0003776550293,0,0
1596159992.9646633,55.80162048339844,0,0
1596159992.9746633,57.600202560424805,0,0
1596159992.9846632,59.40277576446533,0,0
1596159992.9946632,61.200928688049316,0,0
1596159993.0046632,63.000497817993164,0,0
1596159993.0146632,64.8019552230835,0,0
1596159993.0246632,66.60195350646973,0,0
1596159993.0346632,68.40160846710205,0,0
1596159993.0446632,70.20023345947266,0,0
1596159993.0546632,72.00096130371094,0,0
1596159993.0646632,73.80001544952393,0,0
1596159993.0746632,75.60194492340088,0,0
1596159993.0846632,77.40202903747559,0,0
1596159993.0946631,79.20318603515625,0,0
1596159993.1046631,81.00211143493652,0,0
1596159993.1146631,82.80043601989746,0,0
1596159993.124663,84.60064888000488,0,0
1596159993.134663,86.40326499938965,0,0
1596159993.144663,88.20094585418701,0,0
1596159993.154663,90.0011157989502,0,0
1596159993.164663,91.79995536804199,0,0
1596159993.174663,93.60081195831299,0,0
1596159993.184663,95.40085315704346,0,0
1596159993.194663,97.20080852508545,0,0
1596159993.204663,99.00260925292969,0,0
1596159993.214663,100.80020427703857,0,0
1596159993.224663,102.60067462921143,0,0
1596159993.234663,104.40204620361328,0,0
1596159993.244663,106.20221614837646,0,0
1596159993.254663,108.00187110900879,0,0
1596159993.264663,109.80315685272217,0,0
1596159993.274663,111.60251140594482,0,0
1596159993.284663,113.40027809143066,0,0
1596159993.294663,115.20164966583252,0,0
1596159993.304663,117.00250625610352,0,0
1596159993.314663,118.80070209503174,0,0
1596159993.324663,120.60035705566406,0,0
1596159993.334663,122.40142822265625,0,0
1596159993.344663,124.20164108276367,0,0
1596159993.354663,126.003098487854,0,0
1596159993.364663,127.80288219451904,0,0
1596159993.3746629,129.6020221710205,0,0
1596159993.3846629,131.4007329940796,0,0
1596159993.3946629,133.20055961608887,0,0
1596159993.4046628,134.99991416931152,0,0
1596159993.4146628,136.8015432357788,0,0
1596159993.4246628,138.6002540588379,0,0
1596159993.4346628,140.40003776550293,0,0
1596159993.4446628,142.20235347747803,0,0
1596159993.4546628,144.00243759155273,0,0
1596159993.4646628,145.80286502838135,0,0
1596159993.4746628,147.6026487350464,0,0
1596159993.4846628,149.40165996551514,0,0
1596159993.4946628,151.20264530181885,0,0
1596159993.5046628,153.0024290084839,0,0
1596159993.5146627,154.80199813842773,0,0
1596159993.5246627,156.60165309906006,0,0
1596159993.5346627,158.4016513824463,0,0
1596159993.5446627,160.200834274292,0,0
1596159993.5546627,162.0023775100708,0,0
1596159993.5646627,163.8019037246704,0,0
1596159993.5746627,165.60190200805664,0,0
1596159993.5846627,167.3999261856079,0,0
1596159993.5946627,169.20086860656738,0,0
1596159993.6046627,171.0025405883789,0,0
1596159993.6146626,172.80035018920898,0,0
1596159993.6246626,174.60270881652832,0,0
1596159993.6346626,176.40103340148926,0,0
1596159993.6446626,178.19987297058105,0,0
1596159993.6546626,180.0,0,0
1596159993.6590087,180.78213214874268,0,0
1596159993.6590087,180.78213214874268,0.0,0
1596159993.6646626,181.80180072784424,0.0,0
1596159993.6746626,183.60076904296875,0.0,0
1596159993.6846626,185.40085315704346,0.0,0
1596159993.6946626,187.20170974731445,0.0,0
1596159993.7046626,189.00170803070068,0.0,0
1596159993.7146626,190.80063343048096,0.0,0
1596159993.7246625,192.60196208953857,0.0,0
1596159993.7346625,194.40157413482666,0.0,0
1596159993.7446625,196.203031539917,0.0,0
1596159993.7546625,198.00191402435303,0.0,0
1596159993.7646625,199.80311393737793,0.0,0
1596159993.7746625,201.60272598266602,0.0,0
1596159993.7846625,203.40040683746338,0.0,0
1596159993.7946625,205.20087718963623,0.0,0
1596159993.8046625,207.00233459472656,0.0,0
1596159993.8146625,208.8028907775879,0.0,0
1596159993.8246624,210.6007432937622,0.0,0
1596159993.8346624,212.40241527557373,0.0,0
1596159993.8446624,214.20207023620605,0.0,0
1596159993.8546624,216.0029697418213,0.0,0
1596159993.8646624,217.80077934265137,0.0,0
1596159993.8746624,219.6007776260376,0.0,0
1596159993.8846624,221.4012050628662,0.0,0
1596159993.8946624,223.2004737854004,0.0,0
1596159993.9046624,225.00197410583496,0.0,0
1596159993.9146624,226.80077075958252,0.0,0
1596159993.9246624,228.6000394821167,0.0,0
1596159993.9346623,230.40261268615723,0.0,0
1596159993.9446623,232.2026538848877,0.0,0
1596159993.9546623,234.00248050689697,0.0,0
1596159993.9646623,235.8002471923828,0.0,0
1596159993.9746623,237.60101795196533,0.0,0
1596159993.9846623,239.4017457962036,0.0,0
1596159993.9946623,241.2013578414917,0.0,0
