Type = Mirollor Strogatz (-ish),Function = Peskin,Refract =0,Epsilon =0.3,Gamma =8,Start_phase =44
Timestamp,Phase,Offset,Ping?
1596160029,44,0,0
1596160029.01,45.795663833618164,0.24444444444444444,0
1596160029.02,47.597421646118164,0.24444444444444444,0
1596160029.03,49.39810657501221,0.24444444444444444,0
1596160029.04,51.19677448272705,0.24444444444444444,0
1596160029.05,52.9972448348999,0.24444444444444444,0
1596160029.06,54.79780101776123,0.24444444444444444,0
1596160029.07,56.59561061859131,0.24444444444444444,0
1596160029.08,58.3981409072876,0.24444444444444444,0
1596160029.09,60.197237968444824,0.24444444444444444,0
1596160029.1,61.99839496612549,0.24444444444444444,0
1596160029.11,63.796719551086426,0.24444444444444444,0
1596160029.12,65.59701824188232,0.24444444444444444,0
1596160029.1299999,67.39525699615479,0.24444444444444444,0
1596160029.1399999,69.19783020019531,0.24444444444444444,0
1596160029.1499999,70.99675559997559,0.24444444444444444,0
1596160029.1599998,72.7977409362793,0.24444444444444444,0
1596160029.1699998,74.59739589691162,0.24444444444444444,0
1596160029.1799998,76.39705085754395,0.24444444444444444,0
1596160029.1899998,78.19498920440674,0.24444444444444444,0
1596160029.1999998,79.99683284759521,0.24444444444444444,0
1596160029.2099998,81.79605865478516,0.24444444444444444,0
1596160029.2199998,83.59571361541748,0.24444444444444444,0
1596160029.2299998,85.39768600463867,0.24444444444444444,0
1596160029.2399998,87.19764137268066,0.24444444444444444,0
1596160029.2499998,88.99746799468994,0.24444444444444444,0
1596160029.2599998,90.79544925689697,0.24444444444444444,0
1596160029.2699997,92.59609127044678,0.24444444444444444,0
1596160029.2799997,94.39707660675049,0.24444444444444444,0
1596160029.2899997,96.19814777374268,0.24444444444444444,0
1596160029.2999997,97.99617195129395,0.24444444444444444,0
1596160029.3099997,99.7966423034668,0.24444444444444444,0
1596160029.3199997,101.59797096252441,0.24444444444444444,0
1596160029.3299997,103.39689636230469,0.24444444444444444,0
1596160029.3399997,105.19706630706787,0.24444444444444444,0
1596160029.3499997,106.99659252166748,0.24444444444444444,0
1596160029.3599997,108.79787826538086,0.24444444444444444,0
1596160029.3699996,110.59680366516113,0.24444444444444444,0
1596160029.3799996,112.3957290649414,0.24444444444444444,0
1596160029.3899996,114.19705772399902,0.24444444444444444,0
1596160029.3999996,115.99538230895996,0.24444444444444444,0
1596160029.4099996,117.79739761352539,0.24444444444444444,0
1596160029.4199996,119.59812545776367,0.24444444444444444,0
1596160029.4299996,121.39559173583984,0.24444444444444444,0
1596160029.4399996,123.19722080230713,0.24444444444444444,0
1596160029.4499996,124.99653244018555,0.24444444444444444,0
1596160029.4599996,126.79545783996582,0.24444444444444444,0
1596160029.4699996,128.59515571594238,0.24444444444444444,0
1596160029.4799995,130.39691352844238,0.24444444444444444,0
1596160029.4899995,132.19751262664795,0.24444444444444444,0
1596160029.4999995,133.99759674072266,0.24444444444444444,0
1596160029.5099995,135.79639339447021,0.24444444444444444,0
1596160029.5199995,137.59609127044678,0.24444444444444444,0
1596160029.5299995,139.39510250091553,0.24444444444444444,0
1596160029.5399995,141.1953582763672,0.24444444444444444,0
1596160029.5499995,142.99582862854004,0.24444444444444444,0
1596160029.5599995,144.79544067382812,0.24444444444444444,0
1596160029.5699995,146.59724140167236,0.24444444444444444,0
1596160029.5799994,148.39749717712402,0.24444444444444444,0
1596160029.5899994,150.1980962753296,0.24444444444444444,0
1596160029.5999994,151.99577713012695,0.24444444444444444,0
1596160029.6099994,153.7962474822998,0.24444444444444444,0
1596160029.6199994,155.59581661224365,0.24444444444444444,0
1596160029.6299994,157.39800357818604,0.24444444444444444,0
1596160029.6399994,159.19744396209717,0.24444444444444444,0
1596160029.6499994,160.9982147216797,0.24444444444444444,0
1596160029.6599994,162.7964105606079,0.24444444444444444,0
1596160029.6699994,164.5981683731079,0.24444444444444444,0
1596160029.6799994,166.3957633972168,0.24444444444444444,0
1596160029.6899993,168.19597625732422,0.24444444444444444,0
1596160029.6999993,169.9972620010376,0.24444444444444444,0
1596160029.7099993,171.7967882156372,0.24444444444444444,0
1596160029.7199993,173.5982027053833,0.24444444444444444,0
1596160029.7299993,175.39622688293457,0.24444444444444444,0
1596160029.7399993,177.19819927215576,0.24444444444444444,0
1596160029.7499993,178.99549388885498,0.24444444444444444,0
1596160029.7599993,180.79643630981445,0.24444444444444444,0
1596160029.7699993,182.59664916992188,0.24444444444444444,0
1596160029.7799993,184.39535999298096,0.24444444444444444,0
1596160029.7899992,186.19711780548096,0.24444444444444444,0
1596160029.7999992,187.99677276611328,0.24444444444444444,0
1596160029.8099992,189.79535484313965,0.24444444444444444,0
1596160029.8199992,191.59745597839355,0.24444444444444444,0
1596160029.8299992,193.3957805633545,0.24444444444444444,0
1596160029.8399992,195.19668006896973,0.24444444444444444,0
1596160029.8499992,196.99719333648682,0.24444444444444444,0
1596160029.8599992,198.79637622833252,0.24444444444444444,0
1596160029.8699992,200.597318649292,0.24444444444444444,0
1596160029.8799992,202.3965015411377,0.24444444444444444,0
1596160029.8899992,204.19598484039307,0.24444444444444444,0
1596160029.8999991,205.9970989227295,0.24444444444444444,0
1596160029.9099991,207.79653930664062,0.24444444444444444,0
1596160029.9199991,209.59675216674805,0.24444444444444444,0
1596160029.929999,211.3970079421997,0.24444444444444444,0
1596160029.939999,213.19704914093018,0.24444444444444444,0
1596160029.949999,214.9960174560547,0.24444444444444444,0
1596160029.959999,216.79751777648926,0.24444444444444444,0
1596160029.969999,218.5958423614502,0.24444444444444444,0
1596160029.979999,220.39811515808105,0.24444444444444444,0
1596160029.989999,222.19708347320557,0.24444444444444444,0
1596160029.999999,223.99772548675537,0.24444444444444444,0
1596160030.009999,225.79677963256836,0.24444444444444444,0
1596160030.019999,227.5956621170044,0.24444444444444444,0
1596160030.029999,229.39634704589844,0.24444444444444444,0
1596160030.039999,231.196946144104,0.24444444444444444,0
1596160030.049999,232.9954423904419,0.24444444444444444,0
1596160030.059999,234.79509735107422,0.24444444444444444,0
1596160030.069999,236.59689807891846,0.24444444444444444,0
1596160030.079999,238.3953514099121,0.24444444444444444,0
1596160030.089999,240.1980962753296,0.24444444444444444,0
1596160030.099999,241.99573421478271,0.24444444444444444,0
1596160030.109999,243.79753494262695,0.24444444444444444,0
1596160030.119999,245.59594535827637,0.24444444444444444,0
1596160030.129999,247.39581489562988,0.24444444444444444,0
1596160030.139999,249.1963710784912,0.24444444444444444,0
1596160030.149999,250.99735641479492,0.24444444444444444,0
1596160030.159999,252.79623889923096,0.24444444444444444,0
1596160030.169999,254.59705257415771,0.24444444444444444,0
1596160030.1799989,256.3949909210205,0.24444444444444444,0
1596160030.1899989,258.19520378112793,0.24444444444444444,0
1596160030.1999989,259.99563121795654,0.24444444444444444,0
1596160030.2099988,261.7954149246216,0.24444444444444444,0
1596160030.2199988,263.59635734558105,0.24444444444444444,0
1596160030.2299988,265.39721393585205,0.24444444444444444,0
1596160030.2399988,267.1951093673706,0.24444444444444444,0
1596160030.2499988,268.998197555542,0.24444444444444444,0
1596160030.2599988,270.79789543151855,0.24444444444444444,0
1596160030.2699988,272.5960054397583,0.24444444444444444,0
1596160030.2799988,274.39806365966797,0.24444444444444444,0
1596160030.2899988,276.19630241394043,0.24444444444444444,0
1596160030.2999988,277.99664402008057,0.24444444444444444,0
1596160030.3099988,279.7981014251709,0.24444444444444444,0
1596160030.3199987,281.59608268737793,0.24444444444444444,0
1596160030.3299987,283.39616680145264,0.24444444444444444,0
1596160030.3399987,285.1976671218872,0.24444444444444444,0
1596160030.3499987,286.99556255340576,0.24444444444444444,0
1596160030.3599987,288.7950029373169,0.24444444444444444,0
1596160030.3699987,290.59727573394775,0.24444444444444444,0
1596160030.3799987,292.3966302871704,0.24444444444444444,0
1596160030.3899987,294.19731521606445,0.24444444444444444,0
1596160030.3999987,295.99525356292725,0.24444444444444444,0
1596160030.4099987,297.79756927490234,0.24444444444444444,0
1596160030.4199986,299.59752464294434,0.24444444444444444,0
1596160030.4299986,301.39683628082275,0.24444444444444444,0
1596160030.4399986,303.19498920440674,0.24444444444444444,0
1596160030.4499986,304.9968328475952,0.24444444444444444,0
1596160030.4599986,306.797646522522,0.24444444444444444,0
1596160030.4699986,308.5967435836792,0.24444444444444444,0
1596160030.4799986,310.3978576660156,0.24444444444444444,0
1596160030.4899986,312.1955814361572,0.24444444444444444,0
1596160030.4999986,313.99794006347656,0.24444444444444444,0
1596160030.5099986,315.7958354949951,0.24444444444444444,0
1596160030.5199986,317.59703540802,0.24444444444444444,0
1596160030.5299985,319.39724826812744,0.24444444444444444,0
1596160030.5399985,321.19544410705566,0.24444444444444444,0
1596160030.5499985,322.9963436126709,0.24444444444444444,0
1596160030.5599985,324.79505443573,0.24444444444444444,0
1596160030.5699985,326.5953960418701,0.24444444444444444,0
1596160030.5799985,328.3977117538452,0.24444444444444444,0
1596160030.5899985,330.19612216949463,0.24444444444444444,0
1596160030.5999985,331.9966354370117,0.24444444444444444,0
1596160030.6099985,333.79710578918457,0.24444444444444444,0
1596160030.6199985,335.59534454345703,0.24444444444444444,0
1596160030.6299984,337.39770317077637,0.24444444444444444,0
1596160030.6399984,339.1977872848511,0.24444444444444444,0
1596160030.6499984,340.9980001449585,0.24444444444444444,0
1596160030.6599984,342.7976551055908,0.24444444444444444,0
1596160030.6699984,344.59653759002686,0.24444444444444444,0
1596160030.6799984,346.39494800567627,0.24444444444444444,0
1596160030.6899984,348.19546127319336,0.24444444444444444,0
1596160030.6999984,349.99709033966064,0.24444444444444444,0
1596160030.7099984,351.79618740081787,0.24444444444444444,0
1596160030.7199984,353.59532737731934,0.24444444444444444,0
1596160030.7249064,354.47818183898926,0.24444444444444444,0
1596160030.7249064,354.47818183898926,0.24444444444444444,0
1596160030.7299984,355.3951110839844,0.24444444444444444,0
1596160030.7399983,357.1966972351074,0.24444444444444444,0
1596160030.7499983,358.99682426452637,0.24444444444444444,0
1596160030.7555835,360,0.24444444444444444,1
1596160030.7555835,0,0,0
1596160030.7655835,1.8027019500732422,0,0
1596160030.7755835,3.6019277572631836,0,0
1596160030.7855835,5.400080680847168,0,0
1596160030.7955835,7.203340530395508,0,0
1596160030.8055835,9.002652168273926,0,0
1596160030.8155835,10.800161361694336,0,0
1596160030.8255835,12.601876258850098,0,0
1596160030.8355834,14.400672912597656,0,0
1596160030.8455834,16.202774047851562,0,0
1596160030.8555834,18.00011157989502,0,0
1596160030.8655834,19.800496101379395,0,0
1596160030.8755834,21.602210998535156,0,0
1596160030.8855834,23.401222229003906,0,0
1596160030.8955834,25.201435089111328,0,0
1596160030.9055834,27.003321647644043,0,0
1596160030.9155834,28.800787925720215,0,0
1596160030.9255834,30.60194492340088,0,0
1596160030.9355834,32.403016090393066,0,0
1596160030.9455833,34.200439453125,0,0
1596160030.9555833,36.00048065185547,0,0
1596160030.9655833,37.80168056488037,0,0
1596160030.9755833,39.60043430328369,0,0
1596160030.9855833,41.400346755981445,0,0
1596160030.9955833,43.201632499694824,0,0
1596160031.0055833,45.00266075134277,0,0
1596160031.015014,46.69747352600098,0,0
1596160031.015014,131.21138095860067,0.46952170795888715,0
1596160031.0155833,131.31721019749227,0.46952170795888715,0
1596160031.0255833,133.11446189884725,0.46952170795888715,0
1596160031.0355833,134.91656303410116,0.46952170795888715,0
1596160031.0455832,136.71699047092977,0.46952170795888715,0
1596160031.0555832,138.51402759556356,0.46952170795888715,0
1596160031.0655832,140.31565666203085,0.46952170795888715,0
1596160031.0755832,142.11569786076132,0.46952170795888715,0
1596160031.0855832,143.9147520065743,0.46952170795888715,0
1596160031.0955832,145.71663856510702,0.46952170795888715,0
1596160031.1055832,147.51449108128134,0.46952170795888715,0
1596160031.1155832,149.31573390965048,0.46952170795888715,0
1596160031.1255832,151.11444473270956,0.46952170795888715,0
1596160031.1355832,152.91560173039022,0.46952170795888715,0
1596160031.1455832,154.7141838074166,0.46952170795888715,0
1596160031.1555831,156.51542663578573,0.46952170795888715,0
1596160031.1655831,158.315253257795,0.46952170795888715,0
1596160031.1755831,160.1153373718697,0.46952170795888715,0
1596160031.185583,161.91464900974813,0.46952170795888715,0
1596160031.195583,163.71597766880575,0.46952170795888715,0
1596160031.205583,165.5142164230782,0.46952170795888715,0
1596160031.215583,167.31575965885702,0.46952170795888715,0
1596160031.225583,169.11455631260458,0.46952170795888715,0
1596160031.235583,170.915670394941,0.46952170795888715,0
1596160031.245583,172.71468162540975,0.46952170795888715,0
1596160031.255583,174.51699733738485,0.46952170795888715,0
1596160031.265583,176.31390571598592,0.46952170795888715,0
1596160031.275583,178.11682224278036,0.46952170795888715,0
1596160031.285583,179.91647720341268,0.46952170795888715,0
1596160031.295583,181.71480178837362,0.46952170795888715,0
1596160031.305583,183.51548671726766,0.46952170795888715,0
1596160031.315583,185.31475543980184,0.46952170795888715,0
1596160031.325583,187.11531162266317,0.46952170795888715,0
1596160031.335583,188.9169836044747,0.46952170795888715,0
1596160031.345583,190.71453571323934,0.46952170795888715,0
1596160031.355583,192.51710891727987,0.46952170795888715,0
1596160031.365583,194.31590557102743,0.46952170795888715,0
1596160031.375583,196.1148309708077,0.46952170795888715,0
1596160031.385583,197.9150009155709,0.46952170795888715,0
1596160031.395583,199.71482753758016,0.46952170795888715,0
1596160031.405583,201.5157270431954,0.46952170795888715,0
1596160031.415583,203.31443786625448,0.46952170795888715,0
1596160031.425583,205.1168823242623,0.46952170795888715,0
1596160031.4355829,206.91692352299276,0.46952170795888715,0
1596160031.4455829,208.71387481693807,0.46952170795888715,0
1596160031.4555829,210.51661968235555,0.46952170795888715,0
1596160031.4655828,212.31400012974325,0.46952170795888715,0
1596160031.4755828,214.11532878880087,0.46952170795888715,0
1596160031.4855828,215.91704368595663,0.46952170795888715,0
1596160031.4955828,217.7142953873116,0.46952170795888715,0
1596160031.5055828,219.5142507553536,0.46952170795888715,0
1596160031.5155828,221.31412029270712,0.46952170795888715,0
1596160031.5255828,223.11493396763387,0.46952170795888715,0
1596160031.5355828,224.91454601292196,0.46952170795888715,0
1596160031.5455828,226.7139863968331,0.46952170795888715,0
1596160031.5555828,228.51505756382528,0.46952170795888715,0
1596160031.5655828,230.31394004826132,0.46952170795888715,0
1596160031.5755827,232.11694240574423,0.46952170795888715,0
1596160031.5855827,233.91633987431112,0.46952170795888715,0
1596160031.5955827,235.71466445927206,0.46952170795888715,0
1596160031.6055827,237.5141048431832,0.46952170795888715,0
1596160031.6155827,239.3145322800118,0.46952170795888715,0
1596160031.6255827,241.11465930943075,0.46952170795888715,0
1596160031.6355827,242.91560173039022,0.46952170795888715,0
1596160031.6455827,244.71568584446493,0.46952170795888715,0
1596160031.6555827,246.5138387680489,0.46952170795888715,0
1596160031.6655827,248.31499576572958,0.46952170795888715,0
1596160031.6755826,250.11516571049276,0.46952170795888715,0
1596160031.6855826,251.91700935368124,0.46952170795888715,0
1596160031.6955826,253.71619224552694,0.46952170795888715,0
1596160031.7055826,255.51417350773397,0.46952170795888715,0
1596160031.7155826,257.31657505039755,0.46952170795888715,0
1596160031.7255826,259.1162729263741,0.46952170795888715,0
1596160031.7355826,260.9139966965157,0.46952170795888715,0
1596160031.7455826,262.71455287937704,0.46952170795888715,0
1596160031.7555826,264.5152378082711,0.46952170795888715,0
1596160031.7655826,266.31381988529745,0.46952170795888715,0
1596160031.7755826,268.11454772953573,0.46952170795888715,0
1596160031.7855825,269.91398811344686,0.46952170795888715,0
1596160031.7955825,271.7142438888985,0.46952170795888715,0
1596160031.8055825,273.51647377018514,0.46952170795888715,0
1596160031.8155825,275.31406879429403,0.46952170795888715,0
1596160031.8255825,277.1147537231881,0.46952170795888715,0
1596160031.8355825,278.9152240753609,0.46952170795888715,0
1596160031.8455825,280.71475028996053,0.46952170795888715,0
1596160031.8555825,282.5154352188546,0.46952170795888715,0
1596160031.8655825,284.31470394138876,0.46952170795888715,0
1596160031.8755825,286.11689090733114,0.46952170795888715,0
1596160031.8855824,287.9142284393746,0.46952170795888715,0
1596160031.8955824,289.7168016434151,0.46952170795888715,0
1596160031.9055824,291.5148258209664,0.46952170795888715,0
1596160031.9155824,293.3158969879586,0.46952170795888715,0
1596160031.9255824,295.11525154118124,0.46952170795888715,0
1596160031.9355824,296.91546440128866,0.46952170795888715,0
1596160031.9455824,298.7157201767403,0.46952170795888715,0
1596160031.9555824,300.51413059238973,0.46952170795888715,0
1596160031.9655824,302.3138284683663,0.46952170795888715,0
1596160031.9755824,304.11708831791464,0.46952170795888715,0
1596160031.9855824,305.91425418858114,0.46952170795888715,0
1596160031.9955823,307.7158832550484,0.46952170795888715,0
1596160032.0055823,309.51643943790975,0.46952170795888715,0
1596160032.0155823,311.3150215149361,0.46952170795888715,0
1596160032.0255823,313.11368942265096,0.46952170795888715,0
1596160032.0355823,314.91621971134725,0.46952170795888715,0
1596160032.0455823,316.7158746719796,0.46952170795888715,0
1596160032.0555823,318.5147142410714,0.46952170795888715,0
1596160032.0655823,320.3139400482613,0.46952170795888715,0
1596160032.0755823,322.1167707443673,0.46952170795888715,0
1596160032.0855823,323.91367912296835,0.46952170795888715,0
1596160032.0955822,325.7156944275338,0.46952170795888715,0
1596160032.1055822,327.5161647797066,0.46952170795888715,0
1596160032.1155822,329.31388854984823,0.46952170795888715,0
1596160032.1255822,331.115603447004,0.46952170795888715,0
1596160032.1355822,332.9159450531441,0.46952170795888715,0
1596160032.1455822,334.7140979767281,0.46952170795888715,0
1596160032.1555822,336.51388168339315,0.46952170795888715,0
1596160032.1655822,338.31430912022176,0.46952170795888715,0
1596160032.1755822,340.11413574223104,0.46952170795888715,0
1596160032.1855822,341.91636562351766,0.46952170795888715,0
1596160032.1955822,343.71443271641317,0.46952170795888715,0
1596160032.2055821,345.515804290815,0.46952170795888715,0
1596160032.2155821,347.3142576218087,0.46952170795888715,0
1596160032.2255821,349.11653041843954,0.46952170795888715,0
1596160032.235582,350.91416835789266,0.46952170795888715,0
1596160032.245582,352.7166557312447,0.46952170795888715,0
1596160032.255582,354.5169115066964,0.46952170795888715,0
1596160032.265582,356.3145494461495,0.46952170795888715,0
1596160032.275582,358.1156635284859,0.46952170795888715,0
1596160032.285582,359.9162626266915,0.46952170795888715,0
1596160032.286072,360,0.46952170795888715,1
1596160032.286072,0,0,0
1596160032.296072,1.8009424209594727,0,0
1596160032.306072,3.601541519165039,0,0
1596160032.316072,5.40102481842041,0,0
1596160032.326072,7.20003604888916,0,0
1596160032.336072,9.002823829650879,0,0
1596160032.346072,10.802392959594727,0,0
1596160032.356072,12.603249549865723,0,0
1596160032.366072,14.401445388793945,0,0
1596160032.376072,16.20255947113037,0,0
1596160032.386072,18.00088405609131,0,0
1596160032.396072,19.80156898498535,0,0
1596160032.406072,21.603198051452637,0,0
1596160032.416072,23.401265144348145,0,0
1596160032.426072,25.202937126159668,0,0
1596160032.4360719,27.0023775100708,0,0
1596160032.4460719,28.80319118499756,0,0
1596160032.4560719,30.60091495513916,0,0
1596160032.4660718,32.4006986618042,0,0
1596160032.4760718,34.20271396636963,0,0
1596160032.4860718,36.00116729736328,0,0
1596160032.4960718,37.801337242126465,0,0
1596160032.5060718,39.60189342498779,0,0
1596160032.5160718,41.400346755981445,0,0
1596160032.5260718,43.20000171661377,0,0
1596160032.5360718,45.002102851867676,0,0
1596160032.5460718,46.80021286010742,0,0
1596160032.5560718,48.60282897949219,0,0
1596160032.5660717,50.401883125305176,0,0
1596160032.5760717,52.200894355773926,0,0
1596160032.5860717,54.00308132171631,0,0
1596160032.5960717,55.80123424530029,0,0
1596160032.6060717,57.60282039642334,0,0
1596160032.6113765,58.55481147766113,0,0
1596160032.6113765,58.55481147766113,0.0,0
1596160032.6160717,59.40178871154785,0.0,0
1596160032.6260717,61.202216148376465,0.0,0
1596160032.6360717,63.00264358520508,0.0,0
1596160032.6460717,64.80122566223145,0.0,0
1596160032.6560717,66.60006523132324,0.0,0
1596160032.6660717,68.40105056762695,0.0,0
1596160032.6760716,70.2020788192749,0.0,0
1596160032.6860716,72.00113296508789,0.0,0
1596160032.6960716,73.80057334899902,0.0,0
1596160032.7060716,75.60009956359863,0.0,0
1596160032.7160716,77.40288734436035,0.0,0
1596160032.7260716,79.2009973526001,0.0,0
1596160032.7360716,81.0005235671997,0.0,0
1596160032.7460716,82.80210971832275,0.0,0
1596160032.7560716,84.60253715515137,0.0,0
1596160032.7660716,86.40300750732422,0.0,0
1596160032.7760715,88.20197582244873,0.0,0
1596160032.7860715,90.00317573547363,0.0,0
1596160032.7960715,91.79999828338623,0.0,0
1596160032.8060715,93.60214233398438,0.0,0
1596160032.8160715,95.40128231048584,0.0,0
1596160032.8260715,97.20286846160889,0.0,0
1596160032.8360715,99.00312423706055,0.0,0
1596160032.8460715,100.80153465270996,0.0,0
1596160032.8560715,102.60153293609619,0.0,0
1596160032.8660715,104.40268993377686,0.0,0
1596160032.8760715,106.20165824890137,0.0,0
1596160032.8860714,108.0019998550415,0.0,0
1596160032.8960714,109.80289936065674,0.0,0
1596160032.9060714,111.60015106201172,0.0,0
1596160032.9160714,113.40023517608643,0.0,0
1596160032.9260714,115.20130634307861,0.0,0
1596160032.9360714,117.00061798095703,0.0,0
1596160032.9460714,118.80160331726074,0.0,0
1596160032.9560714,120.60121536254883,0.0,0
1596160032.9660714,122.40039825439453,0.0,0
1596160032.9760714,124.20327186584473,0.0,0
1596160032.9860713,126.00189685821533,0.0,0
1596160032.9960713,127.8001356124878,0.0,0
1596160033.0060713,129.6009922027588,0.0,0
1596160033.0152466,131.2514305114746,0.0,0
1596160033.0152466,131.2514305114746,0.0,0
1596160033.0160713,131.40034675598145,0.0,0
1596160033.0260713,133.20219039916992,0.0,0
1596160033.0360713,135.00308990478516,0.0,0
1596160033.0460713,136.8002986907959,0.0,0
1596160033.0560713,138.60154151916504,0.0,0
1596160033.0660713,140.40153980255127,0.0,0
1596160033.0760713,142.2028684616089,0.0,0
1596160033.0860713,144.00312423706055,0.0,0
1596160033.0960712,145.7999038696289,0.0,0
1596160033.1060712,147.60213375091553,0.0,0
1596160033.1160712,149.40067291259766,0.0,0
1596160033.1260712,151.20294570922852,0.0,0
1596160033.1360712,153.00101280212402,0.0,0
1596160033.1460712,154.80298519134521,0.0,0
1596160033.1560712,156.60096645355225,0.0,0
1596160033.1660712,158.40263843536377,0.0,0
1596160033.1760712,160.2029800415039,0.0,0
1596160033.1860712,162.0003604888916,0.0,0
1596160033.1960711,163.80241870880127,0.0,0
1596160033.2060711,165.60203075408936,0.0,0
1596160033.2160711,167.40018367767334,0.0,0
1596160033.2260711,169.20146942138672,0.0,0
1596160033.236071,171.00082397460938,0.0,0
1596160033.246071,172.80043601989746,0.0,0
1596160033.256071,174.60159301757812,0.0,0
1596160033.266071,176.4017629623413,0.0,0
1596160033.276071,178.20244789123535,0.0,0
1596160033.286071,180.00038623809814,0.0,0
1596160033.296071,181.8021011352539,0.0,0
1596160033.306071,183.59995365142822,0.0,0
1596160033.316071,185.40050983428955,0.0,0
1596160033.326071,187.2022247314453,0.0,0
1596160033.336071,189.0023946762085,0.0,0
1596160033.346071,190.8003330230713,0.0,0
1596160033.356071,192.6005458831787,0.0,0
1596160033.366071,194.39990043640137,0.0,0
1596160033.376071,196.20131492614746,0.0,0
1596160033.386071,198.0013132095337,0.0,0
1596160033.396071,199.80096817016602,0.0,0
1596160033.406071,201.60319805145264,0.0,0
1596160033.416071,203.4031105041504,0.0,0
1596160033.426071,205.20104885101318,0.0,0
1596160033.436071,207.00006008148193,0.0,0
1596160033.446071,208.80237579345703,0.0,0
1596160033.456071,210.60091495513916,0.0,0
1596160033.466071,212.40262985229492,0.0,0
1596160033.476071,214.2011260986328,0.0,0
1596160033.4860709,216.001296043396,0.0,0
1596160033.4960709,217.80279636383057,0.0,0
1596160033.5060709,219.60159301757812,0.0,0
1596160033.5160708,221.40159130096436,0.0,0
1596160033.5260708,223.200945854187,0.0,0
1596160033.5360708,225.00193119049072,0.0,0
1596160033.5460708,226.80055618286133,0.0,0
1596160033.5560708,228.6007261276245,0.0,0
1596160033.5660708,230.40098190307617,0.0,0
1596160033.5760708,232.20196723937988,0.0,0
1596160033.5860708,234.00145053863525,0.0,0
1596160033.5960708,235.80166339874268,0.0,0
1596160033.6060708,237.60101795196533,0.0,0
1596160033.6160707,239.39985752105713,0.0,0
1596160033.6260707,241.20234489440918,0.0,0
1596160033.6360707,243.00204277038574,0.0,0
1596160033.6460707,244.80204105377197,0.0,0
1596160033.6560707,246.5998077392578,0.0,0
1596160033.6660707,248.40225219726562,0.0,0
1596160033.6760707,250.19976139068604,0.0,0
1596160033.6860707,252.0023775100708,0.0,0
1596160033.6960707,253.8012170791626,0.0,0
1596160033.7060707,255.6029748916626,0.0,0
1596160033.7160707,257.4003553390503,0.0,0
1596160033.7260706,259.20073986053467,0.0,0
1596160033.7360706,261.0013818740845,0.0,0
1596160033.7460706,262.8006076812744,0.0,0
1596160033.7560706,264.60193634033203,0.0,0
1596160033.7660706,266.4014196395874,0.0,0
1596160033.7760706,268.20021629333496,0.0,0
1596160033.7860706,270.00171661376953,0.0,0
1596160033.7960706,271.8025732040405,0.0,0
1596160033.8060706,273.60209941864014,0.0,0
1596160033.8160706,275.40038108825684,0.0,0
1596160033.8260705,277.2014093399048,0.0,0
1596160033.8360705,279.00089263916016,0.0,0
1596160033.8460705,280.801362991333,0.0,0
1596160033.8560705,282.6006317138672,0.0,0
1596160033.8660705,284.4009304046631,0.0,0
1596160033.8760705,286.201229095459,0.0,0
1596160033.8860705,288.0031156539917,0.0,0
1596160033.8960705,289.8026418685913,0.0,0
1596160033.9060705,291.6030693054199,0.0,0
1596160033.9160705,293.40083599090576,0.0,0
1596160033.9260705,295.2018213272095,0.0,0
1596160033.9360704,297.0003604888916,0.0,0
1596160033.9460704,298.8023328781128,0.0,0
1596160033.9560704,300.60001373291016,0.0,0
1596160033.9660704,302.40275859832764,0.0,0
1596160033.9760704,304.2009115219116,0.0,0
1596160033.9860704,306.00305557250977,0.0,0
1596160033.9960704,307.80288219451904,0.0,0
1596160034.0060704,309.60253715515137,0.0,0
1596160034.0160704,311.40193462371826,0.0,0
1596160034.0260704,313.2015895843506,0.0,0
1596160034.0360703,315.0010299682617,0.0,0
1596160034.0460703,316.80291652679443,0.0,0
1596160034.0560703,318.60033988952637,0.0,0
1596160034.0660703,320.4017114639282,0.0,0
1596160034.0760703,322.20123767852783,0.0,0
1596160034.0860703,324.00200843811035,0.0,0
1596160034.0960703,325.8021354675293,0.0,0
1596160034.1060703,327.602219581604,0.0,0
1596160034.1160703,329.40178871154785,0.0,0
1596160034.1260703,331.2017869949341,0.0,0
1596160034.1360703,332.9997253417969,0.0,0
1596160034.1460702,334.79968070983887,0.0,0
1596160034.1560702,336.6021680831909,0.0,0
1596160034.1660702,338.4023380279541,0.0,0
1596160034.1760702,340.1998472213745,0.0,0
1596160034.1860702,341.999888420105,0.0,0
1596160034.1960702,343.8003158569336,0.0,0
1596160034.2060702,345.6010437011719,0.0,0
1596160034.2160702,347.40245819091797,0.0,0
1596160034.2260702,349.1996669769287,0.0,0
1596160034.2360702,351.00271224975586,0.0,0
1596160034.2460701,352.8015947341919,0.0,0
1596160034.2560701,354.6002197265625,0.0,0
1596160034.2660701,356.40137672424316,0.0,0
1596160034.27607,358.19965839385986,0.0,0
1596160034.2860727,360,0.0,1
1596160034.2860727,0,0,0
1596160034.2960727,1.8017148971557617,0,0
1596160034.3060727,3.6004257202148438,0,0
1596160034.3160727,5.402441024780273,0,0
1596160034.3260727,7.200379371643066,0,0
1596160034.3360727,9.001107215881348,0,0
1596160034.3460727,10.802135467529297,0,0
1596160034.3560727,12.600245475769043,0,0
1596160034.3660727,14.402604103088379,0,0
1596160034.3760726,16.203203201293945,0,0
1596160034.3860726,18.000540733337402,0,0
1596160034.3960726,19.801225662231445,0,0
1596160034.4060726,21.60036563873291,0,0
1596160034.4160726,23.40014934539795,0,0
1596160034.4260726,25.201306343078613,0,0
1596160034.4360726,27.00263500213623,0,0
1596160034.4460726,28.800487518310547,0,0
1596160034.4560726,30.6003999710083,0,0
1596160034.4660726,32.401814460754395,0,0
1596160034.4760725,34.200825691223145,0,0
1596160034.4860725,36.00318431854248,0,0
1596160034.4960725,37.800564765930176,0,0
1596160034.5060725,39.60176467895508,0,0
1596160034.5160725,41.401634216308594,0,0
1596160034.5260725,43.20124626159668,0,0
1596160034.5360725,45.002403259277344,0,0
1596160034.5460725,46.80218696594238,0,0
1596160034.5560725,48.601884841918945,0,0
1596160034.5660725,50.402655601501465,0,0
1596160034.5760725,52.20196723937988,0,0
1596160034.5860724,54.00106430053711,0,0
1596160034.5960724,55.802907943725586,0,0
1596160034.6060724,57.60007381439209,0,0
1596160034.6115975,58.594465255737305,0,0
1596160034.6115975,58.594465255737305,0.0,0
1596160034.6160724,59.40153121948242,0.0,0
1596160034.6260724,61.20208740234375,0.0,0
1596160034.6360724,63.003201484680176,0.0,0
1596160034.6460724,64.80036735534668,0.0,0
1596160034.6560724,66.60062313079834,0.0,0
1596160034.6660724,68.40066432952881,0.0,0
1596160034.6760724,70.20182132720947,0.0,0
1596160034.6860723,72.0000171661377,0.0,0
1596160034.6960723,73.80040168762207,0.0,0
1596160034.7060723,75.60327529907227,0.0,0
1596160034.7160723,77.40207195281982,0.0,0
1596160034.7260723,79.20176982879639,0.0,0
1596160034.7360723,81.00266933441162,0.0,0
1596160034.7460723,82.80056476593018,0.0,0
1596160034.7560723,84.60176467895508,0.0,0
1596160034.7660723,86.40317916870117,0.0,0
1596160034.7760723,88.2031774520874,0.0,0
1596160034.7860723,90.00004291534424,0.0,0
1596160034.7960722,91.80055618286133,0.0,0
1596160034.8060722,93.60016822814941,0.0,0
1596160034.8160722,95.40106773376465,0.0,0
1596160034.8260722,97.20166683197021,0.0,0
1596160034.8360722,99.00187969207764,0.0,0
1596160034.8460722,100.80265045166016,0.0,0
1596160034.8560722,102.60123252868652,0.0,0
1596160034.8660722,104.40135955810547,0.0,0
1596160034.8760722,106.20277404785156,0.0,0
1596160034.8860722,108.00234317779541,0.0,0
1596160034.8960721,109.80126857757568,0.0,0
1596160034.9060721,111.59989356994629,0.0,0
1596160034.9160721,113.40062141418457,0.0,0
1596160034.9260721,115.20315170288086,0.0,0
1596160034.936072,117.00319290161133,0.0,0
1596160034.946072,118.80048751831055,0.0,0
1596160034.956072,120.60233116149902,0.0,0
1596160034.966072,122.40288734436035,0.0,0
1596160034.976072,124.1998815536499,0.0,0
1596160034.986072,126.00176811218262,0.0,0
1596160034.996072,127.80004978179932,0.0,0
1596160035.006072,129.60253715515137,0.0,0
1596160035.01548,131.29331588745117,0.0,0
1596160035.01548,131.29331588745117,0.0,0
1596160035.016072,131.40172004699707,0.0,0
1596160035.026072,133.19987297058105,0.0,0
1596160035.036072,135.00274658203125,0.0,0
1596160035.046072,136.80094242095947,0.0,0
1596160035.056072,138.6031723022461,0.0,0
1596160035.066072,140.40016651153564,0.0,0
1596160035.076072,142.20201015472412,0.0,0
1596160035.086072,144.0023946762085,0.0,0
1596160035.096072,145.80119132995605,0.0,0
1596160035.106072,147.60058879852295,0.0,0
1596160035.116072,149.400372505188,0.0,0
1596160035.126072,151.20238780975342,0.0,0
1596160035.136072,153.00161361694336,0.0,0
1596160035.146072,154.80113983154297,0.0,0
1596160035.156072,156.60109519958496,0.0,0
1596160035.166072,158.40113639831543,0.0,0
1596160035.176072,160.20134925842285,0.0,0
1596160035.1860719,162.00130462646484,0.0,0
1596160035.1960719,163.8013458251953,0.0,0
1596160035.2060719,165.60198783874512,0.0,0
1596160035.2160718,167.4014711380005,0.0,0
1596160035.2260718,169.20104026794434,0.0,0
1596160035.2360718,171.00030899047852,0.0,0
1596160035.2460718,172.8017234802246,0.0,0
1596160035.2560718,174.60309505462646,0.0,0
1596160035.2660718,176.4030933380127,0.0,0
1596160035.2760718,178.20051670074463,0.0,0
1596160035.2860718,180.00017166137695,0.0,0
1596160035.2960718,181.8024444580078,0.0,0
1596160035.3060718,183.60076904296875,0.0,0
1596160035.3160717,185.4004669189453,0.0,0
1596160035.3260717,187.20003604888916,0.0,0
1596160035.3360717,189.0012788772583,0.0,0
1596160035.3460717,190.80162048339844,0.0,0
1596160035.3560717,192.60290622711182,0.0,0
1596160035.3660717,194.40101623535156,0.0,0
1596160035.3760717,196.20084285736084,0.0,0
1596160035.3860717,198.0025577545166,0.0,0
1596160035.3960717,199.80126857757568,0.0,0
1596160035.4060717,201.60143852233887,0.0,0
1596160035.4160717,203.4014368057251,0.0,0
1596160035.4260716,205.20306587219238,0.0,0
1596160035.4360716,207.00018882751465,0.0,0
1596160035.4460716,208.8006591796875,0.0,0
1596160035.4560716,210.6017303466797,0.0,0
1596160035.4660716,212.40099906921387,0.0,0
1596160035.4760716,214.20297145843506,0.0,0
1596160035.4860716,216.000394821167,0.0,0
1596160035.4960716,217.8022813796997,0.0,0
1596160035.5060716,219.60004806518555,0.0,0
1596160035.5160716,221.40317916870117,0.0,0
1596160035.5260715,223.20141792297363,0.0,0
1596160035.5360715,225.0016736984253,0.0,0
1596160035.5460715,226.80240154266357,0.0,0
1596160035.5560715,228.60167026519775,0.0,0
1596160035.5660715,230.39982318878174,0.0,0
1596160035.5760715,232.20282554626465,0.0,0
1596160035.5860715,233.99990558624268,0.0,0
1596160035.5960715,235.80204963684082,0.0,0
1596160035.6060715,237.5999879837036,0.0,0
1596160035.6160715,239.403076171875,0.0,0
1596160035.6260715,241.2019157409668,0.0,0
1596160035.6360714,243.00212860107422,0.0,0
1596160035.6460714,244.80255603790283,0.0,0
1596160035.6560714,246.60109519958496,0.0,0
1596160035.6660714,248.4001922607422,0.0,0
1596160035.6760714,250.2019500732422,0.0,0
1596160035.6860714,252.00044631958008,0.0,0
1596160035.6960714,253.80074501037598,0.0,0
1596160035.7060714,255.60057163238525,0.0,0
1596160035.7160714,257.4028444290161,0.0,0
1596160035.7260714,259.20305728912354,0.0,0
1596160035.7360713,261.00193977355957,0.0,0
1596160035.7460713,262.80009269714355,0.0,0
1596160035.7560713,264.60026264190674,0.0,0
1596160035.7660713,266.40103340148926,0.0,0
1596160035.7760713,268.2025337219238,0.0,0
1596160035.7860713,270.0029182434082,0.0,0
1596160035.7960713,271.8010711669922,0.0,0
1596160035.8060713,273.6021852493286,0.0,0
1596160035.8160713,275.40003776550293,0.0,0
1596160035.8260713,277.20239639282227,0.0,0
1596160035.8360713,279.00132179260254,0.0,0
1596160035.8460712,280.8012342453003,0.0,0
1596160035.8560712,282.6003313064575,0.0,0
1596160035.8660712,284.40101623535156,0.0,0
1596160035.8760712,286.2029027938843,0.0,0
1596160035.8860712,288.00285816192627,0.0,0
1596160035.8960712,289.80225563049316,0.0,0
1596160035.9060712,291.6004514694214,0.0,0
1596160035.9160712,293.40092182159424,0.0,0
1596160035.9260712,295.2004909515381,0.0,0
1596160035.9360712,297.00066089630127,0.0,0
1596160035.9460711,298.80297660827637,0.0,0
1596160035.9560711,300.5997562408447,0.0,0
1596160035.9660711,302.4006986618042,0.0,0
1596160035.9760711,304.2016839981079,0.0,0
1596160035.986071,306.00146770477295,0.0,0
1596160035.996071,307.8002643585205,0.0,0
1596160036.006071,309.60094928741455,0.0,0
1596160036.016071,311.3998317718506,0.0,0
1596160036.026071,313.2015037536621,0.0,0
1596160036.036071,315.0000858306885,0.0,0
1596160036.046071,316.8003845214844,0.0,0
1596160036.056071,318.6008548736572,0.0,0
1596160036.066071,320.40072441101074,0.0,0
1596160036.076071,322.2020101547241,0.0,0
1596160036.086071,324.00076389312744,0.0,0
1596160036.096071,325.7999897003174,0.0,0
1596160036.106071,327.5997304916382,0.0,0
1596160036.116071,329.3997287750244,0.0,0
1596160036.126071,331.2014436721802,0.0,0
1596160036.136071,333.00294399261475,0.0,0
1596160036.146071,334.8013973236084,0.0,0
1596160036.156071,336.60208225250244,0.0,0
1596160036.166071,338.39993476867676,0.0,0
1596160036.176071,340.2022933959961,0.0,0
1596160036.186071,342.0003604888916,0.0,0
1596160036.196071,343.80207538604736,0.0,0
1596160036.206071,345.5997133255005,0.0,0
1596160036.216071,347.40211486816406,0.0,0
1596160036.226071,349.2019844055176,0.0,0
1596160036.2360709,351.0014247894287,0.0,0
1596160036.2460709,352.8017234802246,0.0,0
1596160036.2560709,354.60137844085693,0.0,0
1596160036.2660708,356.40193462371826,0.0,0
1596160036.2760708,358.20257663726807,0.0,0
1596160036.2860897,360,0.0,1
1596160036.2860897,0,0,0
1596160036.2960896,1.8015003204345703,0,0
1596160036.3060896,3.6017560958862305,0,0
1596160036.3160896,5.402011871337891,0,0
1596160036.3260896,7.202696800231934,0,0
1596160036.3360896,9.00205135345459,0,0
1596160036.3460896,10.802264213562012,0,0
1596160036.3560896,12.602391242980957,0,0
1596160036.3660896,14.402217864990234,0,0
1596160036.3760896,16.201443672180176,0,0
1596160036.3860896,18.00062656402588,0,0
1596160036.3960896,19.800024032592773,0,0
1596160036.4060895,21.602511405944824,0,0
1596160036.4160895,23.40092182159424,0,0
1596160036.4260895,25.20092010498047,0,0
1596160036.4360895,27.000017166137695,0,0
1596160036.4460895,28.800530433654785,0,0
1596160036.4560895,30.60014247894287,0,0
1596160036.4660895,32.39996910095215,0,0
1596160036.4760895,34.20069694519043,0,0
1596160036.4860895,36.000609397888184,0,0
1596160036.4960895,37.80253887176514,0,0
1596160036.5060894,39.6022367477417,0,0
1596160036.5160894,41.400089263916016,0,0
1596160036.5260894,43.2002592086792,0,0
1596160036.5360894,45.002617835998535,0,0
1596160036.5460894,46.800642013549805,0,0
1596160036.5560894,48.60244274139404,0,0
1596160036.5660894,50.40299892425537,0,0
1596160036.5760894,52.202911376953125,0,0
1596160036.5860894,54.00033473968506,0,0
1596160036.5960894,55.80239295959473,0,0
1596160036.6060894,57.60251998901367,0,0
1596160036.6118257,58.63248825073242,0,0
1596160036.6118257,58.63248825073242,0.0,0
1596160036.6160893,59.402947425842285,0.0,0
1596160036.6260893,61.2019157409668,0.0,0
1596160036.6360893,63.00260066986084,0.0,0
1596160036.6460893,64.80101108551025,0.0,0
1596160036.6560893,66.60122394561768,0.0,0
1596160036.6660893,68.40328216552734,0.0,0
1596160036.6760893,70.20130634307861,0.0,0
1596160036.6860893,72.00242042541504,0.0,0
1596160036.6960893,73.80164623260498,0.0,0
1596160036.7060893,75.60198783874512,0.0,0
1596160036.7160892,77.40284442901611,0.0,0
1596160036.7260892,79.20241355895996,0.0,0
1596160036.7360892,81.00138187408447,0.0,0
1596160036.7460892,82.8019380569458,0.0,0
1596160036.7560892,84.59996223449707,0.0,0
1596160036.7660892,86.40056133270264,0.0,0
1596160036.7760892,88.20077419281006,0.0,0
1596160036.7860892,90.00158786773682,0.0,0
1596160036.7960892,91.80313110351562,0.0,0
1596160036.8060892,93.6018419265747,0.0,0
1596160036.8160892,95.40081024169922,0.0,0
1596160036.8260891,97.20325469970703,0.0,0
1596160036.8360891,99.00106430053711,0.0,0
1596160036.8460891,100.80252170562744,0.0,0
1596160036.856089,102.6007604598999,0.0,0
1596160036.866089,104.40093040466309,0.0,0
1596160036.876089,106.20298862457275,0.0,0
1596160036.886089,108.0007553100586,0.0,0
1596160036.896089,109.80315685272217,0.0,0
1596160036.906089,111.60281181335449,0.0,0
1596160036.916089,113.40298175811768,0.0,0
1596160036.926089,115.20315170288086,0.0,0
1596160036.936089,117.00263500213623,0.0,0
1596160036.946089,118.80117416381836,0.0,0
1596160036.956089,120.6007432937622,0.0,0
1596160036.966089,122.40091323852539,0.0,0
1596160036.976089,124.20073986053467,0.0,0
1596160036.986089,126.00060939788818,0.0,0
1596160036.996089,127.80172348022461,0.0,0
1596160037.006089,129.60129261016846,0.0,0
1596160037.014445,131.10397338867188,0.0,0
1596160037.014445,131.10397338867188,0.0,0
1596160037.016089,131.40099048614502,0.0,0
1596160037.026089,133.2028341293335,0.0,0
1596160037.036089,135.00004291534424,0.0,0
1596160037.046089,136.80145740509033,0.0,0
1596160037.056089,138.60064029693604,0.0,0
1596160037.066089,140.40252685546875,0.0,0
1596160037.076089,142.20050811767578,0.0,0
1596160037.086089,144.00192260742188,0.0,0
1596160037.096089,145.80312252044678,0.0,0
1596160037.1060889,147.60084629058838,0.0,0
1596160037.1160889,149.40058708190918,0.0,0
1596160037.1260889,151.2000274658203,0.0,0
1596160037.1360888,153.00272941589355,0.0,0
1596160037.1460888,154.80066776275635,0.0,0
1596160037.1560888,156.60319805145264,0.0,0
1596160037.1660888,158.4005355834961,0.0,0
1596160037.1760888,160.20272254943848,0.0,0
1596160037.1860888,162.00134754180908,0.0,0
1596160037.1960888,163.80168914794922,0.0,0
1596160037.2060888,165.6013011932373,0.0,0
1596160037.2160888,167.40177154541016,0.0,0
1596160037.2260888,169.2030143737793,0.0,0
1596160037.2360888,171.00048065185547,0.0,0
1596160037.2460887,172.8011655807495,0.0,0
1596160037.2560887,174.6014642715454,0.0,0
1596160037.2660887,176.40124797821045,0.0,0
1596160037.2760887,178.19995880126953,0.0,0
1596160037.2860887,180.0011157989502,0.0,0
1596160037.2960887,181.80257320404053,0.0,0
1596160037.3060887,183.60175609588623,0.0,0
1596160037.3160887,185.40085315704346,0.0,0
1596160037.3260887,187.20089435577393,0.0,0
1596160037.3360887,189.0025234222412,0.0,0
1596160037.3460886,190.8019208908081,0.0,0
1596160037.3560886,192.6026487350464,0.0,0
1596160037.3660886,194.4019603729248,0.0,0
1596160037.3760886,196.2005853652954,0.0,0
1596160037.3860886,198.0019998550415,0.0,0
1596160037.3960886,199.80191230773926,0.0,0
1596160037.4060886,201.60212516784668,0.0,0
1596160037.4160886,203.39993476867676,0.0,0
1596160037.4260886,205.20203590393066,0.0,0
1596160037.4360886,207.00254917144775,0.0,0
1596160037.4460886,208.8013458251953,0.0,0
1596160037.4560885,210.6000566482544,0.0,0
1596160037.4660885,212.40258693695068,0.0,0
1596160037.4760885,214.20125484466553,0.0,0
1596160037.4860885,216.00189685821533,0.0,0
1596160037.4960885,217.80176639556885,0.0,0
1596160037.5060885,219.60305213928223,0.0,0
1596160037.5160885,221.40214920043945,0.0,0
1596160037.5260885,223.2002592086792,0.0,0
1596160037.5360885,225.00158786773682,0.0,0
1596160037.5460885,226.8030023574829,0.0,0
1596160037.5560884,228.6009407043457,0.0,0
1596160037.5660884,230.4010248184204,0.0,0
1596160037.5760884,232.2006368637085,0.0,0
1596160037.5860884,233.99986267089844,0.0,0
1596160037.5960884,235.80196380615234,0.0,0
1596160037.6060884,237.60170459747314,0.0,0
1596160037.6160884,239.40178871154785,0.0,0
1596160037.6260884,241.2019157409668,0.0,0
1596160037.6360884,243.00127029418945,0.0,0
1596160037.6460884,244.8026418685913,0.0,0
1596160037.6560884,246.60096645355225,0.0,0
1596160037.6660883,248.40147972106934,0.0,0
1596160037.6760883,250.19976139068604,0.0,0
1596160037.6860883,252.00048923492432,0.0,0
1596160037.6960883,253.80160331726074,0.0,0
1596160037.7060883,255.6007432937622,0.0,0
1596160037.7160883,257.4003553390503,0.0,0
1596160037.7260883,259.1997528076172,0.0,0
1596160037.7360883,261.00048065185547,0.0,0
1596160037.7460883,262.80030727386475,0.0,0
1596160037.7560883,264.6016788482666,0.0,0
1596160037.7660882,266.40056133270264,0.0,0
1596160037.7760882,268.19995880126953,0.0,0
1596160037.7860882,270.00072956085205,0.0,0
1596160037.7960882,271.8021869659424,0.0,0
1596160037.8060882,273.6012840270996,0.0,0
1596160037.8160882,275.40106773376465,0.0,0
1596160037.8260882,277.20115184783936,0.0,0
1596160037.8360882,279.0022659301758,0.0,0
1596160037.8460882,280.80299377441406,0.0,0
1596160037.8560882,282.6028633117676,0.0,0
1596160037.8660882,284.4002866744995,0.0,0
1596160037.8760881,286.20251655578613,0.0,0
1596160037.8860881,288.00058364868164,0.0,0
1596160037.8960881,289.80259895324707,0.0,0
1596160037.906088,291.60062313079834,0.0,0
1596160037.916088,293.40182304382324,0.0,0
1596160037.926088,295.2021646499634,0.0,0
1596160037.936088,297.0022916793823,0.0,0
1596160037.946088,298.801474571228,0.0,0
1596160037.956088,300.6010866165161,0.0,0
1596160037.966088,302.4005699157715,0.0,0
1596160037.976088,304.2006540298462,0.0,0
1596160037.986088,306.00193977355957,0.0,0
1596160037.996088,307.80223846435547,0.0,0
1596160038.006088,309.6009063720703,0.0,0
1596160038.016088,311.40026092529297,0.0,0
1596160038.026088,313.20120334625244,0.0,0
1596160038.036088,315.00025749206543,0.0,0
1596160038.046088,316.8023157119751,0.0,0
1596160038.056088,318.60021114349365,0.0,0
1596160038.066088,320.40153980255127,0.0,0
1596160038.076088,322.2029113769531,0.0,0
1596160038.086088,324.0010643005371,0.0,0
1596160038.096088,325.80119132995605,0.0,0
1596160038.106088,327.60157585144043,0.0,0
1596160038.116088,329.39998626708984,0.0,0
1596160038.126088,331.20140075683594,0.0,0
1596160038.136088,333.001012802124,0.0,0
1596160038.146088,334.8011827468872,0.0,0
1596160038.1560879,336.600022315979,0.0,0
1596160038.1660879,338.4001922607422,0.0,0
1596160038.1760879,340.20100593566895,0.0,0
1596160038.1860878,342.00087547302246,0.0,0
1596160038.1960878,343.80181789398193,0.0,0
1596160038.2060878,345.59988498687744,0.0,0
1596160038.2160878,347.40009784698486,0.0,0
1596160038.2260878,349.20159816741943,0.0,0
1596160038.2360878,351.0006093978882,0.0,0
1596160038.2460878,352.80052185058594,0.0,0
1596160038.2560878,354.5996618270874,0.0,0
1596160038.2660878,356.40021800994873,0.0,0
1596160038.2760878,358.2019329071045,0.0,0
1596160038.2860906,360,0.0,1
1596160038.2860906,0,0,0
1596160038.2960906,1.8029594421386719,0,0
1596160038.3060906,3.6014556884765625,0,0
1596160038.3160906,5.402355194091797,0,0
1596160038.3260906,7.203125953674316,0,0
1596160038.3360906,9.003124237060547,0,0
1596160038.3460906,10.801620483398438,0,0
1596160038.3560905,12.60058879852295,0,0
1596160038.3660905,14.400544166564941,0,0
1596160038.3760905,16.201958656311035,0,0
1596160038.3860905,18.000283241271973,0,0
1596160038.3960905,19.802212715148926,0,0
1596160038.4060905,21.601953506469727,0,0
1596160038.4160905,23.400321006774902,0,0
1596160038.4260905,25.200319290161133,0,0
1596160038.4360905,27.0009183883667,0,0
1596160038.4460905,28.80194664001465,0,0
1596160038.4560905,30.602803230285645,0,0
1596160038.4660904,32.402286529541016,0,0
1596160038.4760904,34.201340675354004,0,0
1596160038.4860904,36.00314140319824,0,0
1596160038.4960904,37.80129432678223,0,0
1596160038.5060904,39.6002197265625,0,0
1596160038.5160904,41.400389671325684,0,0
1596160038.5260904,43.202147483825684,0,0
1596160038.5360904,45.001630783081055,0,0
1596160038.5460904,46.80167198181152,0,0
1596160038.5560904,48.60257148742676,0,0
1596160038.5660903,50.4003381729126,0,0
1596160038.5760903,52.20175266265869,0,0
1596160038.5860903,54.00286674499512,0,0
1596160038.5960903,55.8024787902832,0,0
1596160038.6060903,57.60024547576904,0,0
1596160038.6120722,58.67669105529785,0,0
1596160038.6120722,58.67669105529785,0.0,0
1596160038.6160903,59.40165996551514,0.0,0
1596160038.6260903,61.200971603393555,0.0,0
1596160038.6360903,63.00084114074707,0.0,0
1596160038.6460903,64.80182647705078,0.0,0
1596160038.6560903,66.6002368927002,0.0,0
1596160038.6660903,68.4028959274292,0.0,0
1596160038.6760902,70.2006196975708,0.0,0
1596160038.6860902,72.00199127197266,0.0,0
1596160038.6960902,73.80194664001465,0.0,0
1596160038.7060902,75.60091495513916,0.0,0
1596160038.7160902,77.40267276763916,0.0,0
1596160038.7260902,79.2018985748291,0.0,0
1596160038.7360902,81.0027551651001,0.0,0
1596160038.7460902,82.80116558074951,0.0,0
1596160038.7560902,84.60262298583984,0.0,0
1596160038.7660902,86.4010763168335,0.0,0
1596160038.7760901,88.20158958435059,0.0,0
1596160038.7860901,90.00193119049072,0.0,0
1596160038.7960901,91.80016994476318,0.0,0
1596160038.80609,93.60201358795166,0.0,0
1596160038.81609,95.40119647979736,0.0,0
1596160038.82609,97.20192432403564,0.0,0
1596160038.83609,99.00170803070068,0.0,0
1596160038.84609,100.8010196685791,0.0,0
1596160038.85609,102.60015964508057,0.0,0
1596160038.86609,104.40028667449951,0.0,0
1596160038.87609,106.20264530181885,0.0,0
1596160038.88609,108.0019998550415,0.0,0
1596160038.89609,109.80165481567383,0.0,0
1596160038.90609,111.6020393371582,0.0,0
1596160038.91609,113.40195178985596,0.0,0
1596160038.92609,115.20237922668457,0.0,0
1596160038.93609,117.00186252593994,0.0,0
1596160038.94609,118.80014419555664,0.0,0
1596160038.95609,120.60181617736816,0.0,0
1596160038.96609,122.40044116973877,0.0,0
1596160038.97609,124.2009973526001,0.0,0
1596160038.98609,126.00030899047852,0.0,0
1596160038.99609,127.80245304107666,0.0,0
1596160039.00609,129.60232257843018,0.0,0
1596160039.0146642,131.1432409286499,0.0,0
1596160039.0146642,131.1432409286499,0.0,0
1596160039.01609,131.40257835388184,0.0,0
1596160039.02609,133.2010316848755,0.0,0
1596160039.03609,135.00253200531006,0.0,0
1596160039.04609,136.80162906646729,0.0,0
1596160039.0560899,138.6028289794922,0.0,0
1596160039.0660899,140.40222644805908,0.0,0
1596160039.0760899,142.20136642456055,0.0,0
1596160039.0860898,144.0014934539795,0.0,0
1596160039.0960898,145.80029010772705,0.0,0
1596160039.1060898,147.60080337524414,0.0,0
1596160039.1160898,149.40208911895752,0.0,0
1596160039.1260898,151.2006711959839,0.0,0
1596160039.1360898,153.00148487091064,0.0,0
1596160039.1460898,154.8002815246582,0.0,0
1596160039.1560898,156.6012668609619,0.0,0
1596160039.1660898,158.40250968933105,0.0,0
1596160039.1760898,160.2019500732422,0.0,0
1596160039.1860898,162.00220584869385,0.0,0
1596160039.1960897,163.80074501037598,0.0,0
1596160039.2060897,165.5998420715332,0.0,0
1596160039.2160897,167.40164279937744,0.0,0
1596160039.2260897,169.1998815536499,0.0,0
1596160039.2360897,171.00301265716553,0.0,0
1596160039.2460897,172.80000686645508,0.0,0
1596160039.2560897,174.60305213928223,0.0,0
1596160039.2660897,176.3999605178833,0.0,0
1596160039.2760897,178.2002592086792,0.0,0
1596160039.2860897,180.00107288360596,0.0,0
1596160039.2960896,181.79982662200928,0.0,0
1596160039.3060896,183.59986782073975,0.0,0
1596160039.3160896,185.40175437927246,0.0,0
1596160039.3260896,187.20312595367432,0.0,0
1596160039.3360896,189.00290966033936,0.0,0
1596160039.3460896,190.80204963684082,0.0,0
1596160039.3560896,192.60247707366943,0.0,0
1596160039.3660896,194.40024375915527,0.0,0
1596160039.3760896,196.2005853652954,0.0,0
1596160039.3860896,198.00066947937012,0.0,0
1596160039.3960896,199.8022985458374,0.0,0
1596160039.4060895,201.6022539138794,0.0,0
1596160039.4160895,203.40238094329834,0.0,0
1596160039.4260895,205.20036220550537,0.0,0
1596160039.4360895,207.00096130371094,0.0,0
1596160039.4460895,208.8017749786377,0.0,0
1596160039.4560895,210.6020736694336,0.0,0
1596160039.4660895,212.4025011062622,0.0,0
1596160039.4760895,214.20254230499268,0.0,0
1596160039.4860895,216.00279808044434,0.0,0
1596160039.4960895,217.8024959564209,0.0,0
1596160039.5060894,219.60150718688965,0.0,0
1596160039.5160894,221.3998317718506,0.0,0
1596160039.5260894,223.20197582244873,0.0,0
1596160039.5360894,225.00038623809814,0.0,0
1596160039.5460894,226.80227279663086,0.0,0
1596160039.5560894,228.6023998260498,0.0,0
1596160039.5660894,230.40063858032227,0.0,0
1596160039.5760894,232.20106601715088,0.0,0
1596160039.5860894,234.00278091430664,0.0,0
1596160039.5960894,235.80260753631592,0.0,0
1596160039.6060894,237.6011037826538,0.0,0
1596160039.6160893,239.40118789672852,0.0,0
1596160039.6260893,241.20255947113037,0.0,0
1596160039.6360893,243.00028324127197,0.0,0
1596160039.6460893,244.79980945587158,0.0,0
1596160039.6560893,246.60053730010986,0.0,0
1596160039.6660893,248.4001922607422,0.0,0
1596160039.6760893,250.20104885101318,0.0,0
1596160039.6860893,252.0016050338745,0.0,0
1596160039.6960893,253.80216121673584,0.0,0
1596160039.7060893,255.60087203979492,0.0,0
1596160039.7160892,257.401385307312,0.0,0
1596160039.7260892,259.2028856277466,0.0,0
1596160039.7360892,261.0000514984131,0.0,0
1596160039.7460892,262.8020668029785,0.0,0
1596160039.7560892,264.60137844085693,0.0,0
1596160039.7660892,266.402063369751,0.0,0
1596160039.7760892,268.2016324996948,0.0,0
1596160039.7860892,269.9999141693115,0.0,0
1596160039.7960892,271.80059909820557,0.0,0
1596160039.8060892,273.60300064086914,0.0,0
1596160039.8160892,275.4023551940918,0.0,0
1596160039.8260891,277.201452255249,0.0,0
1596160039.8360891,278.9999485015869,0.0,0
1596160039.8460891,280.8023929595947,0.0,0
1596160039.856089,282.60170459747314,0.0,0
1596160039.866089,284.402174949646,0.0,0
1596160039.876089,286.202130317688,0.0,0
1596160039.886089,288.00225734710693,0.0,0
1596160039.896089,289.8011827468872,0.0,0
1596160039.906089,291.60019397735596,0.0,0
1596160039.916089,293.40087890625,0.0,0
1596160039.926089,295.2024221420288,0.0,0
1596160039.936089,297.0009183883667,0.0,0
1596160039.946089,298.799843788147,0.0,0
1596160039.956089,300.6010866165161,0.0,0
1596160039.966089,302.40245819091797,0.0,0
1596160039.976089,304.20185565948486,0.0,0
1596160039.986089,306.0029697418213,0.0,0
1596160039.996089,307.8013801574707,0.0,0
1596160040.006089,309.600305557251,0.0,0
1596160040.016089,311.40111923217773,0.0,0
1596160040.026089,313.20146083831787,0.0,0
1596160040.036089,315.00128746032715,0.0,0
1596160040.046089,316.80291652679443,0.0,0
1596160040.056089,318.6013698577881,0.0,0
1596160040.066089,320.40128231048584,0.0,0
1596160040.076089,322.20192432403564,0.0,0
1596160040.086089,324.0002918243408,0.0,0
1596160040.096089,325.80277919769287,0.0,0
1596160040.1060889,327.6014471054077,0.0,0
1596160040.1160889,329.4025182723999,0.0,0
1596160040.1260889,331.2018299102783,0.0,0
1596160040.1360888,333.00272941589355,0.0,0
1596160040.1460888,334.80135440826416,0.0,0
1596160040.1560888,336.6001081466675,0.0,0
1596160040.1660888,338.40173721313477,0.0,0
1596160040.1760888,340.2005338668823,0.0,0
1596160040.1860888,342.00061798095703,0.0,0
1596160040.1960888,343.80083084106445,0.0,0
1596160040.2060888,345.6008720397949,0.0,0
1596160040.2160888,347.4000549316406,0.0,0
1596160040.2260888,349.20172691345215,0.0,0
1596160040.2360888,351.00249767303467,0.0,0
1596160040.2460887,352.80198097229004,0.0,0
1596160040.2560887,354.6024513244629,0.0,0
1596160040.2660887,356.40056133270264,0.0,0
1596160040.2760887,358.20064544677734,0.0,0
1596160040.2861018,360,0.0,1
1596160040.2861018,0,0,0
1596160040.2961018,1.8017578125,0,0
1596160040.3061018,3.600039482116699,0,0
1596160040.3161018,5.402741432189941,0,0
1596160040.3261018,7.202310562133789,0,0
1596160040.3361018,9.002823829650879,0,0
1596160040.3461018,10.801148414611816,0,0
1596160040.3561018,12.60007381439209,0,0
1596160040.3661017,14.400200843811035,0,0
1596160040.3761017,16.20182991027832,0,0
1596160040.3861017,18.002429008483887,0,0
1596160040.3961017,19.80337142944336,0,0
1596160040.4061017,21.60036563873291,0,0
1596160040.4161017,23.402724266052246,0,0
1596160040.4261017,25.202722549438477,0,0
1596160040.4361017,27.000317573547363,0,0
1596160040.4461017,28.80138874053955,0,0
1596160040.4561017,30.600099563598633,0,0
1596160040.4661016,32.40211486816406,0,0
1596160040.4761016,34.201297760009766,0,0
1596160040.4861016,36.0016393661499,0,0
1596160040.4961016,37.80223846435547,0,0
1596160040.5061016,39.60227966308594,0,0
1596160040.5161016,41.40004634857178,0,0
1596160040.5261016,43.20150375366211,0,0
1596160040.5361016,45.00008583068848,0,0
1596160040.5461016,46.800856590270996,0,0
1596160040.5561016,48.60033988952637,0,0
1596160040.5661016,50.40128231048584,0,0
1596160040.5761015,52.20286846160889,0,0
1596160040.5861015,53.999948501586914,0,0
1596160040.5961015,55.80162048339844,0,0
1596160040.6061015,57.60264873504639,0,0
1596160040.612276,58.71136665344238,0,0
1596160040.612276,58.71136665344238,0.0,0
1596160040.6161015,59.40178871154785,0.0,0
1596160040.6261015,61.201958656311035,0.0,0
1596160040.6361015,63.00066947937012,0.0,0
1596160040.6461015,64.8002815246582,0.0,0
1596160040.6561015,66.60238265991211,0.0,0
1596160040.6661015,68.40092182159424,0.0,0
1596160040.6761014,70.2002763748169,0.0,0
1596160040.6861014,72.0009183883667,0.0,0
1596160040.6961014,73.80220413208008,0.0,0
1596160040.7061014,75.6020736694336,0.0,0
1596160040.7161014,77.40323066711426,0.0,0
1596160040.7261014,79.20159816741943,0.0,0
1596160040.7361014,81.00279808044434,0.0,0
1596160040.7461014,82.80271053314209,0.0,0
1596160040.7561014,84.60000514984131,0.0,0
1596160040.7661014,86.40159130096436,0.0,0
1596160040.7761014,88.20000171661377,0.0,0
1596160040.7861013,90.0029182434082,0.0,0
1596160040.7961013,91.80184364318848,0.0,0
1596160040.8061013,93.60085487365723,0.0,0
1596160040.8161013,95.40239810943604,0.0,0
1596160040.8261013,97.20059394836426,0.0,0
1596160040.8361013,99.00020599365234,0.0,0
1596160040.8461013,100.8026933670044,0.0,0
1596160040.8561013,102.6002025604248,0.0,0
1596160040.8661013,104.4016170501709,0.0,0
1596160040.8761013,106.2022590637207,0.0,0
1596160040.8861012,108.00281524658203,0.0,0
1596160040.8961012,109.80191230773926,0.0,0
1596160040.9061012,111.60276889801025,0.0,0
1596160040.9161012,113.40220928192139,0.0,0
1596160040.9261012,115.20092010498047,0.0,0
1596160040.9361012,117.0000171661377,0.0,0
1596160040.9461012,118.80117416381836,0.0,0
1596160040.9561012,120.60070037841797,0.0,0
1596160040.9661012,122.40267276763916,0.0,0
1596160040.9761012,124.20164108276367,0.0,0
1596160040.9861012,126.00202560424805,0.0,0
1596160040.9961011,127.80215263366699,0.0,0
1596160041.0061011,129.60026264190674,0.0,0
1596160041.014896,131.1829376220703,0.0,0
1596160041.014896,131.1829376220703,0.0,0
1596160041.0161011,131.40021800994873,0.0,0
1596160041.026101,133.20055961608887,0.0,0
1596160041.036101,135.00227451324463,0.0,0
1596160041.046101,136.80128574371338,0.0,0
1596160041.056101,138.60098361968994,0.0,0
1596160041.066101,140.40098190307617,0.0,0
1596160041.076101,142.20115184783936,0.0,0
1596160041.086101,144.0018367767334,0.0,0
1596160041.096101,145.80299377441406,0.0,0
1596160041.106101,147.60067462921143,0.0,0
1596160041.116101,149.40311908721924,0.0,0
1596160041.126101,151.20230197906494,0.0,0
1596160041.136101,153.0010986328125,0.0,0
1596160041.146101,154.80122566223145,0.0,0
1596160041.156101,156.6002368927002,0.0,0
1596160041.166101,158.40113639831543,0.0,0
1596160041.176101,160.20023345947266,0.0,0
1596160041.186101,162.00280666351318,0.0,0
1596160041.196101,163.80186080932617,0.0,0
1596160041.206101,165.6017303466797,0.0,0
1596160041.216101,167.39996910095215,0.0,0
1596160041.226101,169.20292854309082,0.0,0
1596160041.236101,171.00301265716553,0.0,0
1596160041.246101,172.80052185058594,0.0,0
1596160041.256101,174.6020221710205,0.0,0
1596160041.266101,176.40317916870117,0.0,0
1596160041.2761009,178.2004737854004,0.0,0
1596160041.2861009,179.99991416931152,0.0,0
1596160041.2961009,181.80068492889404,0.0,0
1596160041.3061008,183.60300064086914,0.0,0
1596160041.3161008,185.4014539718628,0.0,0
1596160041.3261008,187.2007656097412,0.0,0
1596160041.3361008,189.0020513534546,0.0,0
1596160041.3461008,190.80299377441406,0.0,0
1596160041.3561008,192.6015329360962,0.0,0
1596160041.3661008,194.4007158279419,0.0,0
1596160041.3761008,196.202130317688,0.0,0
1596160041.3861008,198.0024290084839,0.0,0
1596160041.3961008,199.8019552230835,0.0,0
1596160041.4061007,201.60199642181396,0.0,0
1596160041.4161007,203.40117931365967,0.0,0
1596160041.4261007,205.20280838012695,0.0,0
1596160041.4361007,207.00233459472656,0.0,0
1596160041.4461007,208.8030195236206,0.0,0
1596160041.4561007,210.6024169921875,0.0,0
1596160041.4661007,212.4014711380005,0.0,0
1596160041.4761007,214.20146942138672,0.0,0
1596160041.4861007,216.00065231323242,0.0,0
1596160041.4961007,217.8004789352417,0.0,0
1596160041.5061007,219.60159301757812,0.0,0
1596160041.5161006,221.40038967132568,0.0,0
1596160041.5261006,223.20223331451416,0.0,0
1596160041.5361006,225.0014591217041,0.0,0
1596160041.5461006,226.8021011352539,0.0,0
1596160041.5561006,228.60300064086914,0.0,0
1596160041.5661006,230.40003776550293,0.0,0
1596160041.5761006,232.20218181610107,0.0,0
1596160041.5861006,234.00080680847168,0.0,0
1596160041.5961006,235.80003261566162,0.0,0
1596160041.6061006,237.60080337524414,0.0,0
1596160041.6161005,239.40247535705566,0.0,0
1596160041.6261005,241.2011432647705,0.0,0
1596160041.6361005,243.0014419555664,0.0,0
1596160041.6461005,244.80075359344482,0.0,0
1596160041.6561005,246.600022315979,0.0,0
1596160041.6661005,248.4016513824463,0.0,0
1596160041.6761005,250.20122051239014,0.0,0
1596160041.6861005,252.0009183883667,0.0,0
1596160041.6961005,253.80203247070312,0.0,0
1596160041.7061005,255.60284614562988,0.0,0
1596160041.7161005,257.40241527557373,0.0,0
1596160041.7261004,259.2002248764038,0.0,0
1596160041.7361004,261.00078105926514,0.0,0
1596160041.7461004,262.8002643585205,0.0,0
1596160041.7561004,264.60296630859375,0.0,0
1596160041.7661004,266.40159130096436,0.0,0
1596160041.7761004,268.1999158859253,0.0,0
1596160041.7861004,270.0008153915405,0.0,0
1596160041.7961004,271.79999828338623,0.0,0
1596160041.8061004,273.6024856567383,0.0,0
1596160041.8161004,275.40050983428955,0.0,0
1596160041.8261003,277.2025680541992,0.0,0
1596160041.8361003,279.0020942687988,0.0,0
1596160041.8461003,280.80273628234863,0.0,0
1596160041.8561003,282.6005029678345,0.0,0
1596160041.8661003,284.40101623535156,0.0,0
1596160041.8761003,286.2029027938843,0.0,0
1596160041.8861003,288.0022144317627,0.0,0
1596160041.8961003,289.80144023895264,0.0,0
1596160041.9061003,291.60229682922363,0.0,0
1596160041.9161003,293.40027809143066,0.0,0
1596160041.9261003,295.2015209197998,0.0,0
1596160041.9361002,297.00117588043213,0.0,0
1596160041.9461002,298.8024616241455,0.0,0
1596160041.9561002,300.6015157699585,0.0,0
1596160041.9661002,302.4003553390503,0.0,0
1596160041.9761002,304.2009973526001,0.0,0
1596160041.9861002,306.00193977355957,0.0,0
1596160041.9961002,307.80120849609375,0.0,0
1596160042.0061002,309.6030521392822,0.0,0
1596160042.0161002,311.4007759094238,0.0,0
1596160042.0261002,313.2010316848755,0.0,0
1596160042.0361001,315.0024890899658,0.0,0
1596160042.0461001,316.79991245269775,0.0,0
1596160042.0561001,318.6021852493286,0.0,0
1596160042.0661001,320.3997802734375,0.0,0
1596160042.0761,322.20183849334717,0.0,0
1596160042.0861,324.0020942687988,0.0,0
1596160042.0961,325.8026933670044,0.0,0
1596160042.1061,327.60037422180176,0.0,0
1596160042.1161,329.4020891189575,0.0,0
1596160042.1261,331.2003707885742,0.0,0
1596160042.1361,332.9999828338623,0.0,0
1596160042.1461,334.8012685775757,0.0,0
1596160042.1561,336.6015672683716,0.0,0
1596160042.1661,338.4016513824463,0.0,0
1596160042.1761,340.2006196975708,0.0,0
1596160042.1861,342.00233459472656,0.0,0
1596160042.1961,343.80207538604736,0.0,0
1596160042.2061,345.6013011932373,0.0,0
1596160042.2161,347.4010419845581,0.0,0
1596160042.2261,349.20275688171387,0.0,0
1596160042.2361,351.0014247894287,0.0,0
1596160042.2461,352.80253887176514,0.0,0
1596160042.2561,354.6011209487915,0.0,0
1596160042.2661,356.40305042266846,0.0,0
1596160042.2761,358.20210456848145,0.0,0
1596160042.2861059,360,0.0,1
1596160042.2861059,0,0,0
1596160042.2961059,1.8011140823364258,0,0
1596160042.3061059,3.6005115509033203,0,0
1596160042.3161058,5.401625633239746,0,0
1596160042.3261058,7.202482223510742,0,0
1596160042.3361058,9.002523422241211,0,0
1596160042.3461058,10.802950859069824,0,0
1596160042.3561058,12.602262496948242,0,0
1596160042.3661058,14.401230812072754,0,0
1596160042.3761058,16.200971603393555,0,0
1596160042.3861058,18.00088405609131,0,0
1596160042.3961058,19.801912307739258,0,0
1596160042.4061058,21.60109519958496,0,0
1596160042.4161057,23.401007652282715,0,0
1596160042.4261057,25.200963020324707,0,0
1596160042.4361057,27.000231742858887,0,0
1596160042.4461057,28.80018711090088,0,0
1596160042.4561057,30.600829124450684,0,0
1596160042.4661057,32.40044116973877,0,0
1596160042.4761057,34.201040267944336,0,0
1596160042.4861057,36.00215435028076,0,0
1596160042.4961057,37.80039310455322,0,0
1596160042.5061057,39.601378440856934,0,0
1596160042.5161057,41.40120506286621,0,0
1596160042.5261056,43.20197582244873,0,0
1596160042.5361056,45.000343322753906,0,0
1596160042.5461056,46.80248737335205,0,0
1596160042.5561056,48.6009407043457,0,0
1596160042.5661056,50.400123596191406,0,0
1596160042.5761056,52.203125953674316,0,0
1596160042.5861056,54.001450538635254,0,0
1596160042.5961056,55.80200672149658,0,0
1596160042.6061056,57.60230541229248,0,0
1596160042.61125,58.52592945098877,0,0
1596160042.61125,58.52592945098877,0.0,0
1596160042.6161056,59.402217864990234,0.0,0
1596160042.6261055,61.202473640441895,0.0,0
1596160042.6361055,63.00002574920654,0.0,0
1596160042.6461055,64.80075359344482,0.0,0
1596160042.6561055,66.60182476043701,0.0,0
1596160042.6661055,68.40246677398682,0.0,0
1596160042.6761055,70.20164966583252,0.0,0
1596160042.6861055,72.00254917144775,0.0,0
1596160042.6961055,73.80263328552246,0.0,0
1596160042.7061055,75.60224533081055,0.0,0
1596160042.7161055,77.4025011062622,0.0,0
1596160042.7261055,79.2024564743042,0.0,0
1596160042.7361054,81.00056648254395,0.0,0
1596160042.7461054,82.8001356124878,0.0,0
1596160042.7561054,84.60193634033203,0.0,0
1596160042.7661054,86.40300750732422,0.0,0
1596160042.7761054,88.20013046264648,0.0,0
1596160042.7861054,90.0014591217041,0.0,0
1596160042.7961054,91.80077075958252,0.0,0
1596160042.8061054,93.60231399536133,0.0,0
1596160042.8161054,95.40136814117432,0.0,0
1596160042.8261054,97.20192432403564,0.0,0
1596160042.8361053,99.0016222000122,0.0,0
1596160042.8461053,100.80050468444824,0.0,0
1596160042.8561053,102.60007381439209,0.0,0
1596160042.8661053,104.40294742584229,0.0,0
1596160042.8761053,106.20037078857422,0.0,0
1596160042.8861053,108.0010986328125,0.0,0
1596160042.8961053,109.80010986328125,0.0,0
1596160042.9061053,111.60019397735596,0.0,0
1596160042.9161053,113.40027809143066,0.0,0
1596160042.9261053,115.20328044891357,0.0,0
1596160042.9361053,117.00229167938232,0.0,0
1596160042.9461052,118.80224704742432,0.0,0
1596160042.9561052,120.6024169921875,0.0,0
1596160042.9661052,122.40151405334473,0.0,0
1596160042.9761052,124.2007827758789,0.0,0
1596160042.9861052,126.00249767303467,0.0,0
1596160042.9961052,127.80129432678223,0.0,0
1596160043.0061052,129.60107803344727,0.0,0
1596160043.015127,131.22379302978516,0.0,0
1596160043.015127,131.22379302978516,0.0,0
1596160043.0161052,131.40043258666992,0.0,0
1596160043.0261052,133.20236206054688,0.0,0
1596160043.0361052,135.00017166137695,0.0,0
1596160043.0461051,136.8004274368286,0.0,0
1596160043.0561051,138.6028289794922,0.0,0
1596160043.0661051,140.4012393951416,0.0,0
1596160043.076105,142.20205307006836,0.0,0
1596160043.086105,144.00179386138916,0.0,0
1596160043.096105,145.8001184463501,0.0,0
1596160043.106105,147.60033130645752,0.0,0
1596160043.116105,149.4005012512207,0.0,0
1596160043.126105,151.2020444869995,0.0,0
1596160043.136105,153.0005407333374,0.0,0
1596160043.146105,154.80066776275635,0.0,0
1596160043.156105,156.6002368927002,0.0,0
1596160043.166105,158.40259552001953,0.0,0
1596160043.176105,160.20289421081543,0.0,0
1596160043.186105,162.00276374816895,0.0,0
1596160043.196105,163.80173206329346,0.0,0
1596160043.206105,165.60215950012207,0.0,0
1596160043.216105,167.40095615386963,0.0,0
1596160043.226105,169.20181274414062,0.0,0
1596160043.236105,171.00000858306885,0.0,0
1596160043.246105,172.80202388763428,0.0,0
1596160043.256105,174.60060596466064,0.0,0
1596160043.266105,176.40004634857178,0.0,0
1596160043.276105,178.2013750076294,0.0,0
1596160043.286105,180.00240325927734,0.0,0
1596160043.296105,181.80072784423828,0.0,0
1596160043.306105,183.6002540588379,0.0,0
1596160043.316105,185.4012393951416,0.0,0
1596160043.3261049,187.20055103302002,0.0,0
1596160043.3361049,189.00042057037354,0.0,0
1596160043.3461049,190.80230712890625,0.0,0
1596160043.3561049,192.60024547576904,0.0,0
1596160043.3661048,194.40299034118652,0.0,0
1596160043.3761048,196.20144367218018,0.0,0
1596160043.3861048,198.0010986328125,0.0,0
1596160043.3961048,199.80315685272217,0.0,0
1596160043.4061048,201.60212516784668,0.0,0
1596160043.4161048,203.4025526046753,0.0,0
1596160043.4261048,205.20212173461914,0.0,0
1596160043.4361048,207.00044631958008,0.0,0
1596160043.4461048,208.80061626434326,0.0,0
1596160043.4561048,210.60031414031982,0.0,0
1596160043.4661047,212.40078449249268,0.0,0
1596160043.4761047,214.20048236846924,0.0,0
1596160043.4861047,216.00314140319824,0.0,0
1596160043.4961047,217.80095100402832,0.0,0
1596160043.5061047,219.60052013397217,0.0,0
1596160043.5161047,221.40172004699707,0.0,0
1596160043.5261047,223.20279121398926,0.0,0
1596160043.5361047,225.00154495239258,0.0,0
1596160043.5461047,226.80274486541748,0.0,0
1596160043.5561047,228.59991073608398,0.0,0
1596160043.5661047,230.40308475494385,0.0,0
1596160043.5761046,232.20050811767578,0.0,0
1596160043.5861046,234.00123596191406,0.0,0
1596160043.5961046,235.802264213562,0.0,0
1596160043.6061046,237.60303497314453,0.0,0
1596160043.6161046,239.3998146057129,0.0,0
1596160043.6261046,241.2026882171631,0.0,0
1596160043.6361046,243.0027723312378,0.0,0
1596160043.6461046,244.80191230773926,0.0,0
1596160043.6561046,246.59997940063477,0.0,0
1596160043.6661046,248.4028959274292,0.0,0
1596160043.6761045,250.20237922668457,0.0,0
1596160043.6861045,252.00087547302246,0.0,0
1596160043.6961045,253.80125999450684,0.0,0
1596160043.7061045,255.6013011932373,0.0,0
1596160043.7161045,257.4000120162964,0.0,0
1596160043.7261045,259.2007827758789,0.0,0
1596160043.7361045,261.0008668899536,0.0,0
1596160043.7461045,262.802152633667,0.0,0
1596160043.7561045,264.6020221710205,0.0,0
1596160043.7661045,266.400089263916,0.0,0
1596160043.7761045,268.20008754730225,0.0,0
1596160043.7861044,269.99995708465576,0.0,0
1596160043.7961044,271.79991245269775,0.0,0
1596160043.8061044,273.60042572021484,0.0,0
1596160043.8161044,275.40093898773193,0.0,0
1596160043.8261044,277.2023105621338,0.0,0
1596160043.8361044,279.00157928466797,0.0,0
1596160043.8461044,280.8011054992676,0.0,0
1596160043.8561044,282.60273456573486,0.0,0
1596160043.8661044,284.4008445739746,0.0,0
1596160043.8761044,286.2019157409668,0.0,0
1596160043.8861043,288.00169944763184,0.0,0
1596160043.8961043,289.8029851913452,0.0,0
1596160043.9061043,291.59997940063477,0.0,0
1596160043.9161043,293.40002059936523,0.0,0
1596160043.9261043,295.20100593566895,0.0,0
1596160043.9361043,297.0019483566284,0.0,0
1596160043.9461043,298.80040168762207,0.0,0
1596160043.9561043,300.6003141403198,0.0,0
1596160043.9661043,302.40232944488525,0.0,0
1596160043.9761043,304.1998815536499,0.0,0
1596160043.9861042,306.00159645080566,0.0,0
1596160043.9961042,307.8028392791748,0.0,0
