Type = Mirollor Strogatz (-ish),Function = Peskin,Refract =0,Epsilon =0.3,Gamma =8,Start_phase =0
Timestamp,Phase,Offset,Ping?
1596160004,0,0,0
1596160004.01,1.7974662780761719,0.0,0
1596160004.02,3.5973358154296875,0.0,0
1596160004.03,5.396733283996582,0.0,0
1596160004.04,7.198362350463867,0.0,0
1596160004.05,8.997116088867188,0.0,0
1596160004.06,10.796985626220703,0.0,0
1596160004.07,12.59831428527832,0.0,0
1596160004.08,14.395737648010254,0.0,0
1596160004.09,16.196680068969727,0.0,0
1596160004.1,17.996249198913574,0.0,0
1596160004.11,19.795560836791992,0.0,0
1596160004.12,21.597576141357422,0.0,0
1596160004.1299999,23.39688777923584,0.0,0
1596160004.1399999,25.197486877441406,0.0,0
1596160004.1499999,26.995253562927246,0.0,0
1596160004.1599998,28.797011375427246,0.0,0
1596160004.1699998,30.598254203796387,0.0,0
1596160004.1799998,32.3957633972168,0.0,0
1596160004.1899998,34.197306632995605,0.0,0
1596160004.1999998,35.99721908569336,0.0,0
1596160004.2099998,37.795329093933105,0.0,0
1596160004.2104955,37.8843355178833,0.0,0
1596160004.2104955,91.53333639259397,0.2980500048595037,0
1596160004.2199998,93.24432825203,0.2980500048595037,0
1596160004.2299998,95.04651521797238,0.2980500048595037,0
1596160004.2399998,96.84415315742551,0.2980500048595037,0
1596160004.2499998,98.64638303871213,0.2980500048595037,0
1596160004.2599998,100.44500803108274,0.2980500048595037,0
1596160004.2699997,102.24603628273069,0.2980500048595037,0
1596160004.2799997,104.04521917457639,0.2980500048595037,0
1596160004.2899997,105.84607576484738,0.2980500048595037,0
1596160004.2999997,107.6442716037756,0.2980500048595037,0
1596160004.3099997,109.44517110939084,0.2980500048595037,0
1596160004.3199997,111.24701475257932,0.2980500048595037,0
1596160004.3299997,113.04709886665403,0.2980500048595037,0
1596160004.3399997,114.84477972145139,0.2980500048595037,0
1596160004.3406096,114.9538705265051,0.2980500048595037,0
1596160004.3406096,114.9538705265051,0.2980500048595037,0
1596160004.3499997,116.6472241794592,0.2980500048595037,0
1596160004.3599997,118.44511961097776,0.2980500048595037,0
1596160004.3699996,120.2455899631506,0.2980500048595037,0
1596160004.3799996,122.04678987617551,0.2980500048595037,0
1596160004.3899996,123.84489988441526,0.2980500048595037,0
1596160004.3999996,125.6461427127844,0.2980500048595037,0
1596160004.4099996,127.44408105964719,0.2980500048595037,0
1596160004.4199996,129.2451522266394,0.2980500048595037,0
1596160004.4299996,131.04605173225463,0.2980500048595037,0
1596160004.4399996,132.846436253739,0.2980500048595037,0
1596160004.4499996,134.64669202919066,0.2980500048595037,0
1596160004.4599996,136.44638990516722,0.2980500048595037,0
1596160004.4699996,138.2454440509802,0.2980500048595037,0
1596160004.4799995,140.0452706729895,0.2980500048595037,0
1596160004.4899995,141.84483980293334,0.2980500048595037,0
1596160004.4999995,143.64591096992552,0.2980500048595037,0
1596160004.5099995,145.44586633796752,0.2980500048595037,0
1596160004.5199995,147.24483465309203,0.2980500048595037,0
1596160004.5299995,149.0461203968054,0.2980500048595037,0
1596160004.5399995,150.84650491828978,0.2980500048595037,0
1596160004.5499995,152.64731859321654,0.2980500048595037,0
1596160004.5599995,154.44529985542357,0.2980500048595037,0
1596160004.5699995,156.24512647743285,0.2980500048595037,0
1596160004.5799994,158.04465269203246,0.2980500048595037,0
1596160004.5899994,159.84683965797484,0.2980500048595037,0
1596160004.5999994,161.64718126411498,0.2980500048595037,0
1596160004.6099994,163.44584917182982,0.2980500048595037,0
1596160004.6199994,165.245117894364,0.2980500048595037,0
1596160004.6299994,167.0447299396521,0.2980500048595037,0
1596160004.6399994,168.84498571510375,0.2980500048595037,0
1596160004.6499994,170.6462285434729,0.2980500048595037,0
1596160004.6599994,172.4460980808264,0.2980500048595037,0
1596160004.6699994,174.2443797504431,0.2980500048595037,0
1596160004.6799994,176.04549383277953,0.2980500048595037,0
1596160004.6899993,177.8456637775427,0.2980500048595037,0
1596160004.6999993,179.6452758228308,0.2980500048595037,0
1596160004.7099993,181.44686197395384,0.2980500048595037,0
1596160004.7199993,183.24518655891478,0.2980500048595037,0
1596160004.7299993,185.04441236610472,0.2980500048595037,0
1596160004.7399993,186.84441064949095,0.2980500048595037,0
1596160004.7499993,188.645996800614,0.2980500048595037,0
1596160004.7599993,190.44500803108275,0.2980500048595037,0
1596160004.7699993,192.24449133033812,0.2980500048595037,0
1596160004.7799993,194.04513334388793,0.2980500048595037,0
1596160004.7899992,195.84401582832396,0.2980500048595037,0
1596160004.7999992,197.64474367256224,0.2980500048595037,0
1596160004.8099992,199.44508527870238,0.2980500048595037,0
1596160004.8199992,201.2461993610388,0.2980500048595037,0
1596160004.8299992,203.04533933754027,0.2980500048595037,0
1596160004.8399992,204.84619592781127,0.2980500048595037,0
1596160004.8499992,206.64559339637816,0.2980500048595037,0
1596160004.8599992,208.44726537818968,0.2980500048595037,0
1596160004.8699992,210.24494623298705,0.2980500048595037,0
1596160004.8799992,212.0465323841101,0.2980500048595037,0
1596160004.8899992,213.84417032356322,0.2980500048595037,0
1596160004.8999991,215.64506982917845,0.2980500048595037,0
1596160004.9099991,217.4453256046301,0.2980500048595037,0
1596160004.9199991,219.24498056526244,0.2980500048595037,0
1596160004.929999,221.0461375629431,0.2980500048595037,0
1596160004.939999,222.8442904865271,0.2980500048595037,0
1596160004.949999,224.64664911384642,0.2980500048595037,0
1596160004.959999,226.44660448188841,0.2980500048595037,0
1596160004.969999,228.24445699806273,0.2980500048595037,0
1596160004.979999,230.04497026557982,0.2980500048595037,0
1596160004.989999,231.8455693637854,0.2980500048595037,0
1596160004.999999,233.644194356156,0.2980500048595037,0
1596160005.009999,235.44500803108275,0.2980500048595037,0
1596160005.019999,237.24487756843627,0.2980500048595037,0
1596160005.029999,239.04457544441283,0.2980500048595037,0
1596160005.039999,240.84564661140502,0.2980500048595037,0
1596160005.049999,242.64684652442992,0.2980500048595037,0
1596160005.059999,244.44615816230834,0.2980500048595037,0
1596160005.069999,246.2460706150061,0.2980500048595037,0
1596160005.079999,248.0446956073767,0.2980500048595037,0
1596160005.089999,249.8466679965979,0.2980500048595037,0
1596160005.099999,251.64400552864134,0.2980500048595037,0
1596160005.109999,253.44610666389525,0.2980500048595037,0
1596160005.119999,255.2449033176428,0.2980500048595037,0
1596160005.129999,257.0448586856848,0.2980500048595037,0
1596160005.139999,258.8452432071692,0.2980500048595037,0
1596160005.149999,260.6462285434729,0.2980500048595037,0
1596160005.159999,262.4455401813513,0.2980500048595037,0
1596160005.169999,264.245624295426,0.2980500048595037,0
1596160005.1799989,266.04553674812377,0.2980500048595037,0
1596160005.1899989,267.84446214790404,0.2980500048595037,0
1596160005.1999989,269.646391621781,0.2980500048595037,0
1596160005.2099988,271.44561742897093,0.2980500048595037,0
1596160005.2199988,273.24505781288207,0.2980500048595037,0
1596160005.2299988,275.0454852497107,0.2980500048595037,0
1596160005.2399988,276.8452689563757,0.2980500048595037,0
1596160005.2499988,278.6459109699255,0.2980500048595037,0
1596160005.2599988,280.44723962898314,0.2980500048595037,0
1596160005.2699988,282.24719499702513,0.2980500048595037,0
1596160005.2799988,284.0441892063147,0.2980500048595037,0
1596160005.2899988,285.8466336643225,0.2980500048595037,0
1596160005.2999988,287.6444432651526,0.2980500048595037,0
1596160005.3099988,289.4447419559485,0.2980500048595037,0
1596160005.3199987,291.24581312294066,0.2980500048595037,0
1596160005.3299987,293.0471846973425,0.2980500048595037,0
1596160005.3399987,294.8459813510901,0.2980500048595037,0
1596160005.3499987,296.6446492588049,0.2980500048595037,0
1596160005.3599987,298.44576334114134,0.2980500048595037,0
1596160005.3699987,300.2458045398718,0.2980500048595037,0
1596160005.3799987,302.04524492378295,0.2980500048595037,0
1596160005.3899987,303.8467452442175,0.2980500048595037,0
1596160005.3999987,305.64695810432494,0.2980500048595037,0
1596160005.4099987,307.4440810596472,0.2980500048595037,0
1596160005.4199986,309.24712633247435,0.2980500048595037,0
1596160005.4299986,311.0444638645178,0.2980500048595037,0
1596160005.4399986,312.84617876167357,0.2980500048595037,0
1596160005.4499986,314.6451899921423,0.2980500048595037,0
1596160005.4599986,316.4456603443152,0.2980500048595037,0
1596160005.4699986,318.2446286594397,0.2980500048595037,0
1596160005.4799986,320.04655813331664,0.2980500048595037,0
1596160005.4899986,321.8470284854895,0.2980500048595037,0
1596160005.4999986,323.6466834461218,0.2980500048595037,0
1596160005.5099986,325.4442784702307,0.2980500048595037,0
1596160005.5199986,327.24397634620726,0.2980500048595037,0
1596160005.5299985,329.0464208042151,0.2980500048595037,0
1596160005.5399985,330.8441874897009,0.2980500048595037,0
1596160005.5499985,332.64409994239867,0.2980500048595037,0
1596160005.5599985,334.4447419559485,0.2980500048595037,0
1596160005.5699985,336.2440535938269,0.2980500048595037,0
1596160005.5799985,338.04666971321166,0.2980500048595037,0
1596160005.5899985,339.84439348335326,0.2980500048595037,0
1596160005.5999985,341.6439626132971,0.2980500048595037,0
1596160005.6099985,343.44722246284545,0.2980500048595037,0
1596160005.6199985,345.24395918006957,0.2980500048595037,0
1596160005.6299984,347.0452020084387,0.2980500048595037,0
1596160005.6399984,348.84644483680785,0.2980500048595037,0
1596160005.6499984,350.6471297657019,0.2980500048595037,0
1596160005.6599984,352.44390939827025,0.2980500048595037,0
1596160005.6699984,354.2470405017859,0.2980500048595037,0
1596160005.6799984,356.0445926105505,0.2980500048595037,0
1596160005.6899984,357.84557794685423,0.2980500048595037,0
1596160005.6999984,359.6457478916174,0.2980500048595037,0
1596160005.7019858,360,0.2980500048595037,1
1596160005.7019858,0,0,0
1596160005.7119858,1.803431510925293,0,0
1596160005.7219858,3.600168228149414,0,0
1596160005.7319858,5.4029130935668945,0,0
1596160005.7419858,7.2015380859375,0,0
1596160005.7519858,9.003381729125977,0,0
1596160005.7619858,10.802221298217773,0,0
1596160005.7719858,12.601146697998047,0,0
1596160005.7819858,14.402046203613281,0,0
1596160005.7919858,16.202216148376465,0,0
1596160005.8019857,18.00187110900879,0,0
1596160005.8119857,19.80208396911621,0,0
1596160005.8219857,21.602983474731445,0,0
1596160005.8319857,23.40160846710205,0,0
1596160005.8419857,25.202937126159668,0,0
1596160005.8519857,27.00263500213623,0,0
1596160005.8619857,28.80014419555664,0,0
1596160005.8719857,30.602245330810547,0,0
1596160005.8819857,32.401084899902344,0,0
1596160005.8919857,34.20095443725586,0,0
1596160005.9019856,36.00125312805176,0,0
1596160005.9119856,37.803053855895996,0,0
1596160005.9219856,39.60124969482422,0,0
1596160005.9319856,41.40116214752197,0,0
1596160005.9419856,43.200645446777344,0,0
1596160005.9519856,45.00330448150635,0,0
1596160005.9619856,46.802358627319336,0,0
1596160005.9719856,48.6009407043457,0,0
1596160005.9819856,50.401368141174316,0,0
1596160005.9919856,52.20110893249512,0,0
1596160006.0019855,54.00063514709473,0,0
1596160006.0119855,55.803208351135254,0,0
1596160006.0219855,57.60003089904785,0,0
1596160006.025707,58.26981067657471,0,0
1596160006.025707,58.26981067657471,0.0,0
1596160006.0319855,59.402174949645996,0.0,0
1596160006.0419855,61.20041370391846,0.0,0
1596160006.0519855,63.00217151641846,0.0,0
1596160006.0619855,64.8028564453125,0.0,0
1596160006.0719855,66.60118103027344,0.0,0
1596160006.0819855,68.40225219726562,0.0,0
1596160006.0919855,70.2031946182251,0.0,0
1596160006.1019855,71.99997425079346,0.0,0
1596160006.1119854,73.80297660827637,0.0,0
1596160006.1219854,75.60288906097412,0.0,0
1596160006.1319854,77.40052700042725,0.0,0
1596160006.1419854,79.20318603515625,0.0,0
1596160006.1519854,81.00103855133057,0.0,0
1596160006.1619854,82.80296802520752,0.0,0
1596160006.1719854,84.59996223449707,0.0,0
1596160006.1819854,86.40034675598145,0.0,0
1596160006.1919854,88.20253372192383,0.0,0
1596160006.2019854,90.00193119049072,0.0,0
1596160006.2119853,91.800856590271,0.0,0
1596160006.2219853,93.6020565032959,0.0,0
1596160006.2319853,95.40132522583008,0.0,0
1596160006.2419853,97.2009801864624,0.0,0
1596160006.2519853,99.00024890899658,0.0,0
1596160006.2619853,100.80127716064453,0.0,0
1596160006.2719853,102.60106086730957,0.0,0
1596160006.2819853,104.40234661102295,0.0,0
1596160006.2919853,106.20324611663818,0.0,0
1596160006.3019853,107.9999828338623,0.0,0
1596160006.3119853,109.80242729187012,0.0,0
1596160006.3219852,111.60268306732178,0.0,0
1596160006.3319852,113.40259552001953,0.0,0
1596160006.3408394,114.99363899230957,0.0,0
1596160006.3408394,114.99363899230957,0.0,0
1596160006.3419852,115.20122051239014,0.0,0
1596160006.3519852,117.00023174285889,0.0,0
1596160006.3619852,118.80070209503174,0.0,0
1596160006.3719852,120.60052871704102,0.0,0
1596160006.3819852,122.40262985229492,0.0,0
1596160006.3919852,124.20035362243652,0.0,0
1596160006.4019852,126.00039482116699,0.0,0
1596160006.4119852,127.80313968658447,0.0,0
1596160006.4219851,129.60180759429932,0.0,0
1596160006.4319851,131.40214920043945,0.0,0
1596160006.4419851,133.20034503936768,0.0,0
1596160006.4519851,135.00025749206543,0.0,0
1596160006.461985,136.80059909820557,0.0,0
1596160006.471985,138.60119819641113,0.0,0
1596160006.481985,140.40244102478027,0.0,0
1596160006.491985,142.20106601715088,0.0,0
1596160006.501985,144.00136470794678,0.0,0
1596160006.511985,145.80041885375977,0.0,0
1596160006.521985,147.60157585144043,0.0,0
1596160006.531985,149.40256118774414,0.0,0
1596160006.541985,151.20195865631104,0.0,0
1596160006.551985,153.00015449523926,0.0,0
1596160006.561985,154.80010986328125,0.0,0
1596160006.571985,156.60186767578125,0.0,0
1596160006.581985,158.40225219726562,0.0,0
1596160006.591985,160.20280838012695,0.0,0
1596160006.601985,162.00048923492432,0.0,0
1596160006.611985,163.8028907775879,0.0,0
1596160006.621985,165.60138702392578,0.0,0
1596160006.631985,167.4028444290161,0.0,0
1596160006.641985,169.20249938964844,0.0,0
1596160006.651985,171.0005235671997,0.0,0
1596160006.661985,172.8004789352417,0.0,0
1596160006.671985,174.60069179534912,0.0,0
1596160006.681985,176.4007329940796,0.0,0
1596160006.691985,178.20098876953125,0.0,0
1596160006.701985,180.00094413757324,0.0,0
1596160006.7119849,181.80111408233643,0.0,0
1596160006.7219849,183.60154151916504,0.0,0
1596160006.7319849,185.40239810943604,0.0,0
1596160006.7419848,187.2022247314453,0.0,0
1596160006.7519848,189.00243759155273,0.0,0
1596160006.7619848,190.8001184463501,0.0,0
1596160006.7719848,192.60161876678467,0.0,0
1596160006.7819848,194.40110206604004,0.0,0
1596160006.7919848,196.2001132965088,0.0,0
1596160006.8019848,198.0014419555664,0.0,0
1596160006.8119848,199.80023860931396,0.0,0
1596160006.8219848,201.60152435302734,0.0,0
1596160006.8319848,203.4005355834961,0.0,0
1596160006.8419847,205.20306587219238,0.0,0
1596160006.8519847,207.00066089630127,0.0,0
1596160006.8619847,208.80220413208008,0.0,0
1596160006.8719847,210.60100078582764,0.0,0
1596160006.8819847,212.40258693695068,0.0,0
1596160006.8919847,214.20172691345215,0.0,0
1596160006.9019847,216.00103855133057,0.0,0
1596160006.9119847,217.80112266540527,0.0,0
1596160006.9219847,219.60069179534912,0.0,0
1596160006.9319847,221.40189170837402,0.0,0
1596160006.9419847,223.20184707641602,0.0,0
1596160006.9519846,224.9997854232788,0.0,0
1596160006.9619846,226.80192947387695,0.0,0
1596160006.9719846,228.59991073608398,0.0,0
1596160006.9819846,230.4029130935669,0.0,0
1596160006.9919846,232.20012187957764,0.0,0
1596160007.0019846,234.00123596191406,0.0,0
1596160007.0119846,235.80222129821777,0.0,0
1596160007.0219846,237.6027774810791,0.0,0
1596160007.0319846,239.40067291259766,0.0,0
1596160007.0419846,241.20041370391846,0.0,0
1596160007.0519845,243.0029010772705,0.0,0
1596160007.0619845,244.80272769927979,0.0,0
1596160007.0719845,246.60199642181396,0.0,0
1596160007.0819845,248.40152263641357,0.0,0
1596160007.0919845,250.2013063430786,0.0,0
1596160007.1019845,252.00280666351318,0.0,0
1596160007.1119845,253.8012170791626,0.0,0
1596160007.1219845,255.60065746307373,0.0,0
1596160007.1319845,257.40018367767334,0.0,0
1596160007.1419845,259.2009115219116,0.0,0
1596160007.1519845,261.00181102752686,0.0,0
1596160007.1619844,262.8022813796997,0.0,0
1596160007.1719844,264.60137844085693,0.0,0
1596160007.1819844,266.39991760253906,0.0,0
1596160007.1919844,268.20223331451416,0.0,0
1596160007.2019844,269.9999141693115,0.0,0
1596160007.2119844,271.80270195007324,0.0,0
1596160007.2219844,273.6002540588379,0.0,0
1596160007.2319844,275.40295600891113,0.0,0
1596160007.2419844,277.20003604888916,0.0,0
1596160007.2519844,279.00235176086426,0.0,0
1596160007.2619843,280.8026075363159,0.0,0
1596160007.2719843,282.6015329360962,0.0,0
1596160007.2819843,284.4024324417114,0.0,0
1596160007.2919843,286.20152950286865,0.0,0
1596160007.3019843,288.0009698867798,0.0,0
1596160007.3119843,289.8025131225586,0.0,0
1596160007.3219843,291.6012668609619,0.0,0
1596160007.3319843,293.39993476867676,0.0,0
1596160007.3419843,295.2027654647827,0.0,0
1596160007.3519843,297.0004892349243,0.0,0
1596160007.3619843,298.801646232605,0.0,0
1596160007.3719842,300.6027603149414,0.0,0
1596160007.3819842,302.4027156829834,0.0,0
1596160007.3919842,304.201340675354,0.0,0
1596160007.4019842,306.0017251968384,0.0,0
1596160007.4119842,307.8000068664551,0.0,0
1596160007.4219842,309.60253715515137,0.0,0
1596160007.4319842,311.4027500152588,0.0,0
1596160007.4419842,313.1999158859253,0.0,0
1596160007.4519842,315.0024890899658,0.0,0
1596160007.4619842,316.80145740509033,0.0,0
1596160007.4719841,318.5996961593628,0.0,0
1596160007.4819841,320.40141105651855,0.0,0
1596160007.4919841,322.2027826309204,0.0,0
1596160007.5019841,324.0028238296509,0.0,0
1596160007.511984,325.8014488220215,0.0,0
1596160007.521984,327.6020908355713,0.0,0
1596160007.531984,329.4005870819092,0.0,0
1596160007.541984,331.2001132965088,0.0,0
1596160007.551984,333.00092697143555,0.0,0
1596160007.561984,334.80268478393555,0.0,0
1596160007.571984,336.60083770751953,0.0,0
1596160007.581984,338.40173721313477,0.0,0
1596160007.591984,340.20212173461914,0.0,0
1596160007.601984,342.002592086792,0.0,0
1596160007.611984,343.80297660827637,0.0,0
1596160007.621984,345.6017732620239,0.0,0
1596160007.631984,347.4025011062622,0.0,0
1596160007.641984,349.20172691345215,0.0,0
1596160007.651984,351.0018539428711,0.0,0
1596160007.661984,352.80309677124023,0.0,0
1596160007.671984,354.600133895874,0.0,0
1596160007.681984,356.40069007873535,0.0,0
1596160007.691984,358.2002592086792,0.0,0
1596160007.701984,359.9998712539673,0.0,0
1596160007.7020066,360,0.0,1
1596160007.7020066,0,0,0
1596160007.7120066,1.8016719818115234,0,0
1596160007.7220066,3.6008548736572266,0,0
1596160007.7320065,5.402569770812988,0,0
1596160007.7420065,7.201194763183594,0,0
1596160007.7520065,9.000849723815918,0,0
1596160007.7620065,10.802264213562012,0,0
1596160007.7720065,12.600159645080566,0,0
1596160007.7820065,14.402947425842285,0,0
1596160007.7920065,16.202173233032227,0,0
1596160007.8020065,18.00212860107422,0,0
1596160007.8120065,19.80208396911621,0,0
1596160007.8220065,21.603283882141113,0,0
1596160007.8320065,23.401265144348145,0,0
1596160007.8420064,25.201563835144043,0,0
1596160007.8520064,27.00014591217041,0,0
1596160007.8620064,28.80117416381836,0,0
1596160007.8720064,30.60117244720459,0,0
1596160007.8820064,32.40194320678711,0,0
1596160007.8920064,34.20095443725586,0,0
1596160007.9020064,36.00078105926514,0,0
1596160007.9120064,37.80043601989746,0,0
1596160007.9220064,39.60146427154541,0,0
1596160007.9320064,41.40180587768555,0,0
1596160007.9420063,43.20249080657959,0,0
1596160007.9520063,45.00124454498291,0,0
1596160007.9620063,46.80218696594238,0,0
1596160007.9720063,48.60021114349365,0,0
1596160007.9820063,50.40184020996094,0,0
1596160007.9920063,52.20145225524902,0,0
1596160008.0020063,54.00153636932373,0,0
1596160008.0120063,55.801405906677246,0,0
1596160008.0220063,57.601661682128906,0,0
1596160008.0259337,58.30688953399658,0,0
1596160008.0259337,58.30688953399658,0.0,0
1596160008.0320063,59.40183162689209,0.0,0
1596160008.0420063,61.20260238647461,0.0,0
1596160008.0520062,63.00101280212402,0.0,0
1596160008.0620062,64.80071067810059,0.0,0
1596160008.0720062,66.60152435302734,0.0,0
1596160008.0820062,68.40079307556152,0.0,0
1596160008.0920062,70.20203590393066,0.0,0
1596160008.1020062,72.00113296508789,0.0,0
1596160008.1120062,73.80005836486816,0.0,0
1596160008.1220062,75.60267448425293,0.0,0
1596160008.1320062,77.40026950836182,0.0,0
1596160008.1420062,79.20146942138672,0.0,0
1596160008.1520061,81.00296974182129,0.0,0
1596160008.1620061,82.80150890350342,0.0,0
1596160008.1720061,84.60219383239746,0.0,0
1596160008.1820061,86.40210628509521,0.0,0
1596160008.192006,88.20300579071045,0.0,0
1596160008.202006,90.00304698944092,0.0,0
1596160008.212006,91.80051326751709,0.0,0
1596160008.222006,93.60321521759033,0.0,0
1596160008.232006,95.40132522583008,0.0,0
1596160008.242006,97.20012187957764,0.0,0
1596160008.252006,99.0007209777832,0.0,0
1596160008.262006,100.80239295959473,0.0,0
1596160008.272006,102.60217666625977,0.0,0
1596160008.282006,104.40101623535156,0.0,0
1596160008.292006,106.20127201080322,0.0,0
1596160008.302006,108.00260066986084,0.0,0
1596160008.312006,109.80036735534668,0.0,0
1596160008.322006,111.60156726837158,0.0,0
1596160008.332006,113.4028959274292,0.0,0
1596160008.3410633,115.03020286560059,0.0,0
1596160008.3410633,115.03020286560059,0.0,0
1596160008.342006,115.19989013671875,0.0,0
1596160008.352006,117.00130462646484,0.0,0
1596160008.362006,118.80237579345703,0.0,0
1596160008.372006,120.60117244720459,0.0,0
1596160008.382006,122.40056991577148,0.0,0
1596160008.392006,124.20207023620605,0.0,0
1596160008.402006,126.00215435028076,0.0,0
1596160008.412006,127.79987812042236,0.0,0
1596160008.422006,129.60103511810303,0.0,0
1596160008.432006,131.40180587768555,0.0,0
1596160008.4420059,133.2002592086792,0.0,0
1596160008.4520059,135.00218868255615,0.0,0
1596160008.4620059,136.80295944213867,0.0,0
1596160008.4720058,138.60021114349365,0.0,0
1596160008.4820058,140.4011106491089,0.0,0
1596160008.4920058,142.20312595367432,0.0,0
1596160008.5020058,144.0003776550293,0.0,0
1596160008.5120058,145.80063343048096,0.0,0
1596160008.5220058,147.60011672973633,0.0,0
1596160008.5320058,149.40320491790771,0.0,0
1596160008.5420058,151.20054244995117,0.0,0
1596160008.5520058,153.00084114074707,0.0,0
1596160008.5620058,154.80131149291992,0.0,0
1596160008.5720057,156.60208225250244,0.0,0
1596160008.5820057,158.4028959274292,0.0,0
1596160008.5920057,160.20220756530762,0.0,0
1596160008.6020057,162.00177669525146,0.0,0
1596160008.6120057,163.8014316558838,0.0,0
1596160008.6220057,165.60203075408936,0.0,0
1596160008.6320057,167.40142822265625,0.0,0
1596160008.6420057,169.2025852203369,0.0,0
1596160008.6520057,171.00228309631348,0.0,0
1596160008.6620057,172.8015947341919,0.0,0
1596160008.6720057,174.60004806518555,0.0,0
1596160008.6820056,176.40069007873535,0.0,0
1596160008.6920056,178.20064544677734,0.0,0
1596160008.7020056,180.00171661376953,0.0,0
1596160008.7120056,181.80291652679443,0.0,0
1596160008.7220056,183.60085487365723,0.0,0
1596160008.7320056,185.40093898773193,0.0,0
1596160008.7420056,187.20226764678955,0.0,0
1596160008.7520056,189.00110721588135,0.0,0
1596160008.7620056,190.80312252044678,0.0,0
1596160008.7720056,192.60290622711182,0.0,0
1596160008.7820055,194.40118789672852,0.0,0
1596160008.7920055,196.20071411132812,0.0,0
1596160008.8020055,198.00148487091064,0.0,0
1596160008.8120055,199.80272769927979,0.0,0
1596160008.8220055,201.60298347473145,0.0,0
1596160008.8320055,203.4025526046753,0.0,0
1596160008.8420055,205.200834274292,0.0,0
1596160008.8520055,207.0010471343994,0.0,0
1596160008.8620055,208.80014419555664,0.0,0
1596160008.8720055,210.6003999710083,0.0,0
1596160008.8820055,212.4009132385254,0.0,0
1596160008.8920054,214.20035362243652,0.0,0
1596160008.9020054,216.00082397460938,0.0,0
1596160008.9120054,217.80017852783203,0.0,0
1596160008.9220054,219.60116386413574,0.0,0
1596160008.9320054,221.40305042266846,0.0,0
1596160008.9420054,223.19995880126953,0.0,0
1596160008.9520054,225.00060081481934,0.0,0
1596160008.9620054,226.8023157119751,0.0,0
1596160008.9720054,228.6002540588379,0.0,0
1596160008.9820054,230.40188312530518,0.0,0
1596160008.9920053,232.20248222351074,0.0,0
1596160009.0020053,234.0016222000122,0.0,0
1596160009.0120053,235.80260753631592,0.0,0
1596160009.0220053,237.60015964508057,0.0,0
1596160009.0320053,239.40148830413818,0.0,0
1596160009.0420053,241.20178699493408,0.0,0
1596160009.0520053,243.0025577545166,0.0,0
1596160009.0620053,244.8021697998047,0.0,0
1596160009.0720053,246.60083770751953,0.0,0
1596160009.0820053,248.40276718139648,0.0,0
1596160009.0920053,250.20203590393066,0.0,0
1596160009.1020052,252.00044631958008,0.0,0
1596160009.1120052,253.80259037017822,0.0,0
1596160009.1220052,255.6009578704834,0.0,0
1596160009.1320052,257.40241527557373,0.0,0
1596160009.1420052,259.20039653778076,0.0,0
1596160009.1520052,261.0014247894287,0.0,0
1596160009.1620052,262.80155181884766,0.0,0
1596160009.1720052,264.6018934249878,0.0,0
1596160009.1820052,266.4026212692261,0.0,0
1596160009.1920052,268.20043087005615,0.0,0
1596160009.2020051,270.00030040740967,0.0,0
1596160009.2120051,271.80089950561523,0.0,0
1596160009.2220051,273.6020565032959,0.0,0
1596160009.2320051,275.40085315704346,0.0,0
1596160009.242005,277.2007656097412,0.0,0
1596160009.252005,279.0009355545044,0.0,0
1596160009.262005,280.80286502838135,0.0,0
1596160009.272005,282.6006317138672,0.0,0
1596160009.282005,284.4026041030884,0.0,0
1596160009.292005,286.2023448944092,0.0,0
1596160009.302005,288.00148487091064,0.0,0
1596160009.312005,289.8028564453125,0.0,0
1596160009.322005,291.6019105911255,0.0,0
1596160009.332005,293.40070724487305,0.0,0
1596160009.342005,295.20225048065186,0.0,0
1596160009.352005,297.0004463195801,0.0,0
1596160009.362005,298.80070209503174,0.0,0
1596160009.372005,300.5999279022217,0.0,0
1596160009.382005,302.4010419845581,0.0,0
1596160009.392005,304.2014694213867,0.0,0
1596160009.402005,306.00236892700195,0.0,0
1596160009.412005,307.8006076812744,0.0,0
1596160009.422005,309.6028804779053,0.0,0
1596160009.432005,311.39970302581787,0.0,0
1596160009.442005,313.20257663726807,0.0,0
1596160009.452005,315.00227451324463,0.0,0
1596160009.462005,316.80124282836914,0.0,0
1596160009.472005,318.6021423339844,0.0,0
1596160009.482005,320.40093898773193,0.0,0
1596160009.4920049,322.20046520233154,0.0,0
1596160009.5020049,324.0008068084717,0.0,0
1596160009.5120049,325.8003759384155,0.0,0
1596160009.5220048,327.60161876678467,0.0,0
1596160009.5320048,329.4019603729248,0.0,0
1596160009.5420048,331.1997699737549,0.0,0
1596160009.5520048,333.00204277038574,0.0,0
1596160009.5620048,334.80259895324707,0.0,0
1596160009.5720048,336.6004943847656,0.0,0
1596160009.5820048,338.40049266815186,0.0,0
1596160009.5920048,340.2014350891113,0.0,0
1596160009.6020048,342.0004463195801,0.0,0
1596160009.6120048,343.8013458251953,0.0,0
1596160009.6220047,345.6017732620239,0.0,0
1596160009.6320047,347.4013423919678,0.0,0
1596160009.6420047,349.1997957229614,0.0,0
1596160009.6520047,351.0005235671997,0.0,0
1596160009.6620047,352.80155181884766,0.0,0
1596160009.6720047,354.6021509170532,0.0,0
1596160009.6820047,356.4005184173584,0.0,0
1596160009.6920047,358.20051670074463,0.0,0
1596160009.7020204,360,0.0,1
1596160009.7020204,0,0,0
1596160009.7120204,1.8033027648925781,0,0
1596160009.7220204,3.6033010482788086,0,0
1596160009.7320204,5.400295257568359,0,0
1596160009.7420204,7.2025251388549805,0,0
1596160009.7520204,9.001107215881348,0,0
1596160009.7620203,10.802092552185059,0,0
1596160009.7720203,12.602005004882812,0,0
1596160009.7820203,14.401917457580566,0,0
1596160009.7920203,16.201958656311035,0,0
1596160009.8020203,18.00234317779541,0,0
1596160009.8120203,19.802470207214355,0,0
1596160009.8220203,21.601009368896484,0,0
1596160009.8320203,23.401823043823242,0,0
1596160009.8420203,25.203280448913574,0,0
1596160009.8520203,27.00190544128418,0,0
1596160009.8620203,28.800315856933594,0,0
1596160009.8720202,30.601215362548828,0,0
1596160009.8820202,32.402029037475586,0,0
1596160009.8920202,34.2009973526001,0,0
1596160009.9020202,36.00296974182129,0,0
1596160009.9120202,37.8024959564209,0,0
1596160009.9220202,39.60322380065918,0,0
1596160009.9320202,41.40180587768555,0,0
1596160009.9420202,43.201847076416016,0,0
1596160009.9520202,45.00051498413086,0,0
1596160009.9620202,46.80270195007324,0,0
1596160009.9720201,48.602614402770996,0,0
1596160009.9820201,50.40020942687988,0,0
1596160009.9920201,52.200379371643066,0,0
1596160010.0020201,54.00252342224121,0,0
1596160010.01202,55.80260753631592,0,0
1596160010.02202,57.60209083557129,0,0
1596160010.02617,58.3469295501709,0,0
1596160010.02617,58.3469295501709,0.0,0
1596160010.03202,59.4010591506958,0.0,0
1596160010.04202,61.2019157409668,0.0,0
1596160010.05202,63.00251483917236,0.0,0
1596160010.06202,64.80208396911621,0.0,0
1596160010.07202,66.60143852233887,0.0,0
1596160010.08202,68.40049266815186,0.0,0
1596160010.09202,70.20267963409424,0.0,0
1596160010.10202,72.0003604888916,0.0,0
1596160010.11202,73.8030195236206,0.0,0
1596160010.12202,75.60117244720459,0.0,0
1596160010.13202,77.40267276763916,0.0,0
1596160010.14202,79.20327186584473,0.0,0
1596160010.15202,81.002197265625,0.0,0
1596160010.16202,82.80039310455322,0.0,0
1596160010.17202,84.60137844085693,0.0,0
1596160010.18202,86.40275001525879,0.0,0
1596160010.19202,88.2026195526123,0.0,0
1596160010.20202,90.00094413757324,0.0,0
1596160010.21202,91.80098533630371,0.0,0
1596160010.22202,93.60300064086914,0.0,0
1596160010.23202,95.40141105651855,0.0,0
1596160010.24202,97.20145225524902,0.0,0
1596160010.25202,99.00029182434082,0.0,0
1596160010.2620199,100.800461769104,0.0,0
1596160010.2720199,102.600417137146,0.0,0
1596160010.2820199,104.4019603729248,0.0,0
1596160010.2920198,106.20002746582031,0.0,0
1596160010.3020198,108.00041198730469,0.0,0
1596160010.3120198,109.80101108551025,0.0,0
1596160010.3220198,111.60105228424072,0.0,0
1596160010.3320198,113.40276718139648,0.0,0
1596160010.3400424,114.84395027160645,0.0,0
1596160010.3400424,114.84395027160645,0.0,0
1596160010.3420198,115.20267963409424,0.0,0
1596160010.3520198,117.00190544128418,0.0,0
1596160010.3620198,118.8023328781128,0.0,0
1596160010.3720198,120.60203075408936,0.0,0
1596160010.3820198,122.40297317504883,0.0,0
1596160010.3920197,124.20322895050049,0.0,0
1596160010.4020197,126.00043773651123,0.0,0
1596160010.4120197,127.80004978179932,0.0,0
1596160010.4220197,129.60185050964355,0.0,0
1596160010.4320197,131.4012908935547,0.0,0
1596160010.4420197,133.20030212402344,0.0,0
1596160010.4520197,135.00227451324463,0.0,0
1596160010.4620197,136.80077075958252,0.0,0
1596160010.4720197,138.6001682281494,0.0,0
1596160010.4820197,140.40226936340332,0.0,0
1596160010.4920197,142.20106601715088,0.0,0
1596160010.5020196,144.00166511535645,0.0,0
1596160010.5120196,145.80260753631592,0.0,0
1596160010.5220196,147.60123252868652,0.0,0
1596160010.5320196,149.402174949646,0.0,0
1596160010.5420196,151.20178699493408,0.0,0
1596160010.5520196,152.9998540878296,0.0,0
1596160010.5620196,154.80032444000244,0.0,0
1596160010.5720196,156.600022315979,0.0,0
1596160010.5820196,158.40027809143066,0.0,0
1596160010.5920196,160.2015209197998,0.0,0
1596160010.6020195,162.00276374816895,0.0,0
1596160010.6120195,163.80306243896484,0.0,0
1596160010.6220195,165.60203075408936,0.0,0
1596160010.6320195,167.40172863006592,0.0,0
1596160010.6420195,169.20026779174805,0.0,0
1596160010.6520195,171.00112438201904,0.0,0
1596160010.6620195,172.80086517333984,0.0,0
1596160010.6720195,174.60249423980713,0.0,0
1596160010.6820195,176.40124797821045,0.0,0
1596160010.6920195,178.20188999176025,0.0,0
1596160010.7020195,179.99987125396729,0.0,0
1596160010.7120194,181.80227279663086,0.0,0
1596160010.7220194,183.60175609588623,0.0,0
1596160010.7320194,185.40226936340332,0.0,0
1596160010.7420194,187.2026538848877,0.0,0
1596160010.7520194,189.00316715240479,0.0,0
1596160010.7620194,190.8026933670044,0.0,0
1596160010.7720194,192.60226249694824,0.0,0
1596160010.7820194,194.40200328826904,0.0,0
1596160010.7920194,196.20165824890137,0.0,0
1596160010.8020194,198.00298690795898,0.0,0
1596160010.8120193,199.80096817016602,0.0,0
1596160010.8220193,201.60130977630615,0.0,0
1596160010.8320193,203.4015655517578,0.0,0
1596160010.8420193,205.2015209197998,0.0,0
1596160010.8520193,207.0009183883667,0.0,0
1596160010.8620193,208.80186080932617,0.0,0
1596160010.8720193,210.6006145477295,0.0,0
1596160010.8820193,212.40142822265625,0.0,0
1596160010.8920193,214.2026710510254,0.0,0
1596160010.9020193,216.003098487854,0.0,0
1596160010.9120193,217.80309677124023,0.0,0
1596160010.9220192,219.60069179534912,0.0,0
1596160010.9320192,221.40296459197998,0.0,0
1596160010.9420192,223.2020616531372,0.0,0
1596160010.9520192,225.00008583068848,0.0,0
1596160010.9620192,226.80192947387695,0.0,0
1596160010.9720192,228.6009407043457,0.0,0
1596160010.9820192,230.4017972946167,0.0,0
1596160010.9920192,232.20261096954346,0.0,0
1596160011.0020192,233.99999141693115,0.0,0
1596160011.0120192,235.80041885375977,0.0,0
1596160011.0220191,237.6029920578003,0.0,0
1596160011.0320191,239.4014024734497,0.0,0
1596160011.0420191,241.20127201080322,0.0,0
1596160011.0520191,242.9997682571411,0.0,0
1596160011.062019,244.79976654052734,0.0,0
1596160011.072019,246.60019397735596,0.0,0
1596160011.082019,248.40190887451172,0.0,0
1596160011.092019,250.2006196975708,0.0,0
1596160011.102019,252.0027208328247,0.0,0
1596160011.112019,253.80113124847412,0.0,0
1596160011.122019,255.60057163238525,0.0,0
1596160011.132019,257.40185737609863,0.0,0
1596160011.142019,259.2000102996826,0.0,0
1596160011.152019,261.0019826889038,0.0,0
1596160011.162019,262.80022144317627,0.0,0
1596160011.172019,264.60052013397217,0.0,0
1596160011.182019,266.40257835388184,0.0,0
1596160011.192019,268.2019329071045,0.0,0
1596160011.202019,270.0012445449829,0.0,0
1596160011.212019,271.7998695373535,0.0,0
1596160011.222019,273.60222816467285,0.0,0
1596160011.232019,275.40218353271484,0.0,0
1596160011.242019,277.2011947631836,0.0,0
1596160011.252019,278.9999055862427,0.0,0
1596160011.262019,280.8012342453003,0.0,0
1596160011.272019,282.60003089904785,0.0,0
1596160011.282019,284.4020891189575,0.0,0
1596160011.292019,286.20285987854004,0.0,0
1596160011.302019,288.00024032592773,0.0,0
1596160011.3120189,289.80135440826416,0.0,0
1596160011.3220189,291.6025972366333,0.0,0
1596160011.3320189,293.4007501602173,0.0,0
1596160011.3420188,295.20113468170166,0.0,0
1596160011.3520188,297.0022916793823,0.0,0
1596160011.3620188,298.80263328552246,0.0,0
1596160011.3720188,300.60142993927,0.0,0
1596160011.3820188,302.40142822265625,0.0,0
1596160011.3920188,304.20194149017334,0.0,0
1596160011.4020188,306.0009956359863,0.0,0
1596160011.4120188,307.8017234802246,0.0,0
1596160011.4220188,309.6014642715454,0.0,0
1596160011.4320188,311.40270709991455,0.0,0
1596160011.4420187,313.20030212402344,0.0,0
1596160011.4520187,315.0027894973755,0.0,0
1596160011.4620187,316.80115699768066,0.0,0
1596160011.4720187,318.59986782073975,0.0,0
1596160011.4820187,320.4027843475342,0.0,0
1596160011.4920187,322.2002077102661,0.0,0
1596160011.5020187,324.00153636932373,0.0,0
1596160011.5120187,325.8017063140869,0.0,0
1596160011.5220187,327.60239124298096,0.0,0
1596160011.5320187,329.40268993377686,0.0,0
1596160011.5420187,331.2011432647705,0.0,0
1596160011.5520186,333.00092697143555,0.0,0
1596160011.5620186,334.802770614624,0.0,0
1596160011.5720186,336.60165309906006,0.0,0
1596160011.5820186,338.40250968933105,0.0,0
1596160011.5920186,340.2012634277344,0.0,0
1596160011.6020186,342.001690864563,0.0,0
1596160011.6120186,343.79967212677,0.0,0
1596160011.6220186,345.60280323028564,0.0,0
1596160011.6320186,347.40074157714844,0.0,0
1596160011.6420186,349.20228481292725,0.0,0
1596160011.6520185,350.99979400634766,0.0,0
1596160011.6620185,352.8012943267822,0.0,0
1596160011.6720185,354.6025800704956,0.0,0
1596160011.6820185,356.40257835388184,0.0,0
1596160011.6920185,358.1997871398926,0.0,0
1596160011.7020278,360,0.0,1
1596160011.7020278,0,0,0
1596160011.7120278,1.8012428283691406,0,0
1596160011.7220278,3.601369857788086,0,0
1596160011.7320278,5.401325225830078,0,0
1596160011.7420278,7.20029354095459,0,0
1596160011.7520278,9.001622200012207,0,0
1596160011.7620277,10.801148414611816,0,0
1596160011.7720277,12.60007381439209,0,0
1596160011.7820277,14.401917457580566,0,0
1596160011.7920277,16.20084285736084,0,0
1596160011.8020277,18.001270294189453,0,0
1596160011.8120277,19.801526069641113,0,0
1596160011.8220277,21.60182476043701,0,0
1596160011.8320277,23.402295112609863,0,0
1596160011.8420277,25.202336311340332,0,0
1596160011.8520277,27.00061798095703,0,0
1596160011.8620276,28.800272941589355,0,0
1596160011.8720276,30.60091495513916,0,0
1596160011.8820276,32.40237236022949,0,0
1596160011.8920276,34.20340061187744,0,0
1596160011.9020276,36.00327014923096,0,0
1596160011.9120276,37.80275344848633,0,0
1596160011.9220276,39.60103511810303,0,0
1596160011.9320276,41.40240669250488,0,0
1596160011.9420276,43.20073127746582,0,0
1596160011.9520276,45.00017166137695,0,0
1596160011.9620275,46.80072784423828,0,0
1596160011.9720275,48.603386878967285,0,0
1596160011.9820275,50.40231227874756,0,0
1596160011.9920275,52.2015380859375,0,0
1596160012.0020275,54.002952575683594,0,0
1596160012.0120275,55.80299377441406,0,0
1596160012.0220275,57.601189613342285,0,0
1596160012.0264,58.38701248168945,0,0
1596160012.0264,58.38701248168945,0.0,0
1596160012.0320275,59.40200328826904,0.0,0
1596160012.0420275,61.20204448699951,0.0,0
1596160012.0520275,63.00281524658203,0.0,0
1596160012.0620275,64.80242729187012,0.0,0
1596160012.0720274,66.60045146942139,0.0,0
1596160012.0820274,68.40238094329834,0.0,0
1596160012.0920274,70.20143508911133,0.0,0
1596160012.1020274,71.99993133544922,0.0,0
1596160012.1120274,73.80164623260498,0.0,0
1596160012.1220274,75.60027122497559,0.0,0
1596160012.1320274,77.40121364593506,0.0,0
1596160012.1420274,79.200439453125,0.0,0
1596160012.1520274,81.00314140319824,0.0,0
1596160012.1620274,82.80266761779785,0.0,0
1596160012.1720273,84.60185050964355,0.0,0
1596160012.1820273,86.40176296234131,0.0,0
1596160012.1920273,88.20253372192383,0.0,0
1596160012.2020273,90.00064373016357,0.0,0
1596160012.2120273,91.80227279663086,0.0,0
1596160012.2220273,93.6000394821167,0.0,0
1596160012.2320273,95.40111064910889,0.0,0
1596160012.2420273,97.20055103302002,0.0,0
1596160012.2520273,99.00063514709473,0.0,0
1596160012.2620273,100.80003261566162,0.0,0
1596160012.2720273,102.6024341583252,0.0,0
1596160012.2820272,104.40238952636719,0.0,0
1596160012.2920272,106.20011329650879,0.0,0
1596160012.3020272,108.00281524658203,0.0,0
1596160012.3120272,109.80066776275635,0.0,0
1596160012.3220272,111.60216808319092,0.0,0
1596160012.3320272,113.40057849884033,0.0,0
1596160012.3402624,114.88223075866699,0.0,0
1596160012.3402624,114.88223075866699,0.0,0
1596160012.3420272,115.20195007324219,0.0,0
1596160012.3520272,117.00263500213623,0.0,0
1596160012.3620272,118.80095958709717,0.0,0
1596160012.3720272,120.60104370117188,0.0,0
1596160012.3820271,122.39988327026367,0.0,0
1596160012.3920271,124.20108318328857,0.0,0
1596160012.4020271,126.00125312805176,0.0,0
1596160012.4120271,127.8004789352417,0.0,0
1596160012.422027,129.6020221710205,0.0,0
1596160012.432027,131.4016342163086,0.0,0
1596160012.442027,133.20064544677734,0.0,0
1596160012.452027,135.00274658203125,0.0,0
1596160012.462027,136.80016994476318,0.0,0
1596160012.472027,138.60042572021484,0.0,0
1596160012.482027,140.40042400360107,0.0,0
1596160012.492027,142.2008514404297,0.0,0
1596160012.502027,144.0003776550293,0.0,0
1596160012.512027,145.80084800720215,0.0,0
1596160012.522027,147.60149002075195,0.0,0
1596160012.532027,149.40200328826904,0.0,0
1596160012.542027,151.20054244995117,0.0,0
1596160012.552027,152.9998540878296,0.0,0
1596160012.562027,154.8020839691162,0.0,0
1596160012.572027,156.5998935699463,0.0,0
1596160012.582027,158.4021234512329,0.0,0
1596160012.592027,160.20092010498047,0.0,0
1596160012.602027,162.0030641555786,0.0,0
1596160012.612027,163.80164623260498,0.0,0
1596160012.622027,165.60112953186035,0.0,0
1596160012.632027,167.4001407623291,0.0,0
1596160012.642027,169.20013904571533,0.0,0
1596160012.652027,171.00245475769043,0.0,0
1596160012.662027,172.80090808868408,0.0,0
1596160012.6720269,174.60215091705322,0.0,0
1596160012.6820269,176.40159130096436,0.0,0
1596160012.6920269,178.20043087005615,0.0,0
1596160012.7020268,180.00248908996582,0.0,0
1596160012.7120268,181.8000841140747,0.0,0
1596160012.7220268,183.6012840270996,0.0,0
1596160012.7320268,185.4010248184204,0.0,0
1596160012.7420268,187.20102310180664,0.0,0
1596160012.7520268,189.0010643005371,0.0,0
1596160012.7620268,190.80265045166016,0.0,0
1596160012.7720268,192.60093212127686,0.0,0
1596160012.7820268,194.40058708190918,0.0,0
1596160012.7920268,196.2000274658203,0.0,0
1596160012.8020267,198.00148487091064,0.0,0
1596160012.8120267,199.8004961013794,0.0,0
1596160012.8220267,201.60165309906006,0.0,0
1596160012.8320267,203.40190887451172,0.0,0
1596160012.8420267,205.20087718963623,0.0,0
1596160012.8520267,207.00263500213623,0.0,0
1596160012.8620267,208.80108833312988,0.0,0
1596160012.8720267,210.60082912445068,0.0,0
1596160012.8820267,212.4000120162964,0.0,0
1596160012.8920267,214.20031070709229,0.0,0
1596160012.9020267,216.00301265716553,0.0,0
1596160012.9120266,217.8004789352417,0.0,0
1596160012.9220266,219.59996223449707,0.0,0
1596160012.9320266,221.39978885650635,0.0,0
1596160012.9420266,223.20141792297363,0.0,0
1596160012.9520266,225.00098705291748,0.0,0
1596160012.9620266,226.8002986907959,0.0,0
1596160012.9720266,228.6002540588379,0.0,0
1596160012.9820266,230.40020942687988,0.0,0
1596160012.9920266,232.19990730285645,0.0,0
1596160013.0020266,234.00166511535645,0.0,0
1596160013.0120265,235.80209255218506,0.0,0
1596160013.0220265,237.60024547576904,0.0,0
1596160013.0320265,239.40020084381104,0.0,0
1596160013.0420265,241.2019157409668,0.0,0
1596160013.0520265,243.00127029418945,0.0,0
1596160013.0620265,244.80079650878906,0.0,0
1596160013.0720265,246.60255432128906,0.0,0
1596160013.0820265,248.40281009674072,0.0,0
1596160013.0920265,250.20276546478271,0.0,0
1596160013.1020265,252.00048923492432,0.0,0
1596160013.1120265,253.8024616241455,0.0,0
1596160013.1220264,255.60237407684326,0.0,0
1596160013.1320264,257.4020719528198,0.0,0
1596160013.1420264,259.2003536224365,0.0,0
1596160013.1520264,261.003098487854,0.0,0
1596160013.1620264,262.80279636383057,0.0,0
1596160013.1720264,264.6014213562012,0.0,0
1596160013.1820264,266.40296459198,0.0,0
1596160013.1920264,268.2003879547119,0.0,0
1596160013.2020264,270.00240325927734,0.0,0
1596160013.2120264,271.80012702941895,0.0,0
1596160013.2220263,273.5999536514282,0.0,0
1596160013.2320263,275.40196895599365,0.0,0
1596160013.2420263,277.2011089324951,0.0,0
1596160013.2520263,279.0017509460449,0.0,0
1596160013.2620263,280.80187797546387,0.0,0
1596160013.2720263,282.6001167297363,0.0,0
1596160013.2820263,284.400372505188,0.0,0
1596160013.2920263,286.2017869949341,0.0,0
1596160013.3020263,288.0009698867798,0.0,0
1596160013.3120263,289.80066776275635,0.0,0
1596160013.3220263,291.6011381149292,0.0,0
1596160013.3320262,293.40083599090576,0.0,0
1596160013.3420262,295.20246505737305,0.0,0
1596160013.3520262,297.00130462646484,0.0,0
1596160013.3620262,298.80306243896484,0.0,0
1596160013.3720262,300.6010866165161,0.0,0
1596160013.3820262,302.4007844924927,0.0,0
1596160013.3920262,304.20185565948486,0.0,0
1596160013.4020262,306.0000514984131,0.0,0
1596160013.4120262,307.7997922897339,0.0,0
1596160013.4220262,309.60193634033203,0.0,0
1596160013.4320261,311.40257835388184,0.0,0
1596160013.4420261,313.202919960022,0.0,0
1596160013.4520261,315.00240325927734,0.0,0
1596160013.4620261,316.8013286590576,0.0,0
1596160013.472026,318.6028718948364,0.0,0
1596160013.482026,320.40141105651855,0.0,0
1596160013.492026,322.20003604888916,0.0,0
1596160013.502026,323.9997339248657,0.0,0
1596160013.512026,325.80209255218506,0.0,0
1596160013.522026,327.60273456573486,0.0,0
1596160013.532026,329.3999433517456,0.0,0
1596160013.542026,331.20028495788574,0.0,0
1596160013.552026,332.9997682571411,0.0,0
1596160013.562026,334.8000240325928,0.0,0
1596160013.572026,336.59997940063477,0.0,0
1596160013.582026,338.4015655517578,0.0,0
1596160013.592026,340.2019929885864,0.0,0
1596160013.602026,341.999716758728,0.0,0
1596160013.612026,343.8018608093262,0.0,0
1596160013.622026,345.6022024154663,0.0,0
1596160013.632026,347.40164279937744,0.0,0
1596160013.642026,349.1997957229614,0.0,0
1596160013.652026,351.0002660751343,0.0,0
1596160013.662026,352.8000068664551,0.0,0
1596160013.672026,354.60052013397217,0.0,0
1596160013.682026,356.402792930603,0.0,0
1596160013.692026,358.20098876953125,0.0,0
1596160013.7020373,360,0.0,1
1596160013.7020373,0,0,0
1596160013.7120373,1.8015432357788086,0,0
1596160013.7220373,3.601541519165039,0,0
1596160013.7320373,5.402827262878418,0,0
1596160013.7420373,7.202868461608887,0,0
1596160013.7520373,9.002652168273926,0,0
1596160013.7620373,10.802693367004395,0,0
1596160013.7720373,12.600760459899902,0,0
1596160013.7820373,14.399986267089844,0,0
1596160013.7920372,16.200027465820312,0,0
1596160013.8020372,18.00161361694336,0,0
1596160013.8120372,19.80015277862549,0,0
1596160013.8220372,21.60015106201172,0,0
1596160013.8320372,23.40092182159424,0,0
1596160013.8420372,25.201263427734375,0,0
1596160013.8520372,27.000746726989746,0,0
1596160013.8620372,28.80018711090088,0,0
1596160013.8720372,30.601215362548828,0,0
1596160013.8820372,32.401084899902344,0,0
1596160013.8920372,34.20052528381348,0,0
1596160013.9020371,36.002326011657715,0,0
1596160013.9120371,37.80125141143799,0,0
1596160013.9220371,39.60146427154541,0,0
1596160013.932037,41.40180587768555,0,0
1596160013.942037,43.20103168487549,0,0
1596160013.952037,45.00266075134277,0,0
1596160013.962037,46.80201530456543,0,0
1596160013.972037,48.60128402709961,0,0
1596160013.982037,50.4023551940918,0,0
1596160013.992037,52.20231056213379,0,0
1596160014.002037,54.00299549102783,0,0
1596160014.012037,55.80097675323486,0,0
1596160014.022037,57.60127544403076,0,0
1596160014.0266166,58.42426300048828,0,0
1596160014.0266166,58.42426300048828,0.0,0
1596160014.032037,59.400973320007324,0.0,0
1596160014.042037,61.199984550476074,0.0,0
1596160014.052037,63.00285816192627,0.0,0
1596160014.062037,64.80191230773926,0.0,0
1596160014.072037,66.60165309906006,0.0,0
1596160014.082037,68.40259552001953,0.0,0
1596160014.092037,70.20323753356934,0.0,0
1596160014.102037,72.00246334075928,0.0,0
1596160014.112037,73.80134582519531,0.0,0
1596160014.122037,75.6020736694336,0.0,0
1596160014.132037,77.4030590057373,0.0,0
1596160014.142037,79.20048236846924,0.0,0
1596160014.152037,81.00056648254395,0.0,0
1596160014.162037,82.80236721038818,0.0,0
1596160014.172037,84.60099220275879,0.0,0
1596160014.1820369,86.40116214752197,0.0,0
1596160014.1920369,88.20098876953125,0.0,0
1596160014.2020369,90.00150203704834,0.0,0
1596160014.2120368,91.80222988128662,0.0,0
1596160014.2220368,93.60132694244385,0.0,0
1596160014.2320368,95.40102481842041,0.0,0
1596160014.2420368,97.20201015472412,0.0,0
1596160014.2520368,99.00046348571777,0.0,0
1596160014.2620368,100.80316543579102,0.0,0
1596160014.2720368,102.60230541229248,0.0,0
1596160014.2820368,104.40286159515381,0.0,0
1596160014.2920368,106.20217323303223,0.0,0
1596160014.3020368,108.00002574920654,0.0,0
1596160014.3120368,109.8022985458374,0.0,0
1596160014.3220367,111.59993648529053,0.0,0
1596160014.3320367,113.40092182159424,0.0,0
1596160014.3392358,114.69572067260742,0.0,0
1596160014.3392358,114.69572067260742,0.0,0
1596160014.3420367,115.20212173461914,0.0,0
1596160014.3520367,117.00280666351318,0.0,0
1596160014.3620367,118.80306243896484,0.0,0
1596160014.3720367,120.60250282287598,0.0,0
1596160014.3820367,122.40288734436035,0.0,0
1596160014.3920367,124.20052528381348,0.0,0
1596160014.4020367,126.00026607513428,0.0,0
1596160014.4120367,127.80129432678223,0.0,0
1596160014.4220366,129.60206508636475,0.0,0
1596160014.4320366,131.40240669250488,0.0,0
1596160014.4420366,133.2019329071045,0.0,0
1596160014.4520366,135.00231742858887,0.0,0
1596160014.4620366,136.80291652679443,0.0,0
1596160014.4720366,138.60158443450928,0.0,0
1596160014.4820366,140.40025234222412,0.0,0
1596160014.4920366,142.2018814086914,0.0,0
1596160014.5020366,144.00080680847168,0.0,0
1596160014.5120366,145.80003261566162,0.0,0
1596160014.5220366,147.6016616821289,0.0,0
1596160014.5320365,149.40256118774414,0.0,0
1596160014.5420365,151.2013578414917,0.0,0
1596160014.5520365,153.0007553100586,0.0,0
1596160014.5620365,154.8019552230835,0.0,0
1596160014.5720365,156.6020393371582,0.0,0
1596160014.5820365,158.4015655517578,0.0,0
1596160014.5920365,160.2018642425537,0.0,0
1596160014.6020365,162.00109004974365,0.0,0
1596160014.6120365,163.8028049468994,0.0,0
1596160014.6220365,165.6016445159912,0.0,0
1596160014.6320364,167.40241527557373,0.0,0
1596160014.6420364,169.20310020446777,0.0,0
1596160014.6520364,170.99987983703613,0.0,0
1596160014.6620364,172.80236721038818,0.0,0
1596160014.6720364,174.60073471069336,0.0,0
1596160014.6820364,176.40172004699707,0.0,0
1596160014.6920364,178.20279121398926,0.0,0
1596160014.7020364,180.00163078308105,0.0,0
1596160014.7120364,181.80184364318848,0.0,0
1596160014.7220364,183.60008239746094,0.0,0
1596160014.7320364,185.40115356445312,0.0,0
1596160014.7420363,187.20183849334717,0.0,0
1596160014.7520363,189.00024890899658,0.0,0
1596160014.7620363,190.8024787902832,0.0,0
1596160014.7720363,192.60234832763672,0.0,0
1596160014.7820363,194.4027328491211,0.0,0
1596160014.7920363,196.20105743408203,0.0,0
1596160014.8020363,198.00062656402588,0.0,0
1596160014.8120363,199.80289936065674,0.0,0
1596160014.8220363,201.60109519958496,0.0,0
1596160014.8320363,203.4019947052002,0.0,0
1596160014.8420362,205.20280838012695,0.0,0
1596160014.8520362,207.0005750656128,0.0,0
1596160014.8620362,208.8030195236206,0.0,0
1596160014.8720362,210.60121536254883,0.0,0
1596160014.8820362,212.40267276763916,0.0,0
1596160014.8920362,214.2006540298462,0.0,0
1596160014.9020362,216.00202560424805,0.0,0
1596160014.9120362,217.80039310455322,0.0,0
1596160014.9220362,219.6025800704956,0.0,0
1596160014.9320362,221.4010763168335,0.0,0
1596160014.9420362,223.2017183303833,0.0,0
1596160014.9520361,225.00240325927734,0.0,0
1596160014.9620361,226.79991245269775,0.0,0
1596160014.9720361,228.60021114349365,0.0,0
1596160014.982036,230.40115356445312,0.0,0
1596160014.992036,232.20170974731445,0.0,0
1596160015.002036,234.00192260742188,0.0,0
1596160015.012036,235.80016136169434,0.0,0
1596160015.022036,237.60260581970215,0.0,0
1596160015.032036,239.4028615951538,0.0,0
1596160015.042036,241.20071411132812,0.0,0
1596160015.052036,243.00045490264893,0.0,0
1596160015.062036,244.8030710220337,0.0,0
1596160015.072036,246.6025972366333,0.0,0
1596160015.082036,248.40014934539795,0.0,0
1596160015.092036,250.2020788192749,0.0,0
1596160015.102036,252.00199127197266,0.0,0
1596160015.112036,253.8003158569336,0.0,0
1596160015.122036,255.60211658477783,0.0,0
1596160015.132036,257.40275859832764,0.0,0
1596160015.142036,259.20305728912354,0.0,0
1596160015.152036,261.00305557250977,0.0,0
1596160015.162036,262.8023672103882,0.0,0
1596160015.172036,264.6013355255127,0.0,0
1596160015.182036,266.40223503112793,0.0,0
1596160015.192036,268.20223331451416,0.0,0
1596160015.202036,270.0024890899658,0.0,0
1596160015.212036,271.8002986907959,0.0,0
1596160015.222036,273.6020565032959,0.0,0
1596160015.2320359,275.4008102416992,0.0,0
1596160015.2420359,277.2014093399048,0.0,0
1596160015.2520359,279.0029525756836,0.0,0
1596160015.2620358,280.80187797546387,0.0,0
1596160015.2720358,282.60183334350586,0.0,0
1596160015.2820358,284.4028615951538,0.0,0
1596160015.2920358,286.20243072509766,0.0,0
1596160015.3020358,288.00079822540283,0.0,0
1596160015.3120358,289.8008394241333,0.0,0
1596160015.3220358,291.6028118133545,0.0,0
1596160015.3320358,293.40306758880615,0.0,0
1596160015.3420358,295.2025508880615,0.0,0
1596160015.3520358,297.0001029968262,0.0,0
1596160015.3620358,298.80035877227783,0.0,0
1596160015.3720357,300.60237407684326,0.0,0
1596160015.3820357,302.40301609039307,0.0,0
1596160015.3920357,304.2005252838135,0.0,0
1596160015.4020357,306.0012102127075,0.0,0
1596160015.4120357,307.8013801574707,0.0,0
1596160015.4220357,309.6014213562012,0.0,0
1596160015.4320357,311.40296459198,0.0,0
1596160015.4420357,313.20146083831787,0.0,0
1596160015.4520357,315.0026607513428,0.0,0
1596160015.4620357,316.8027877807617,0.0,0
1596160015.4720356,318.6022710800171,0.0,0
1596160015.4820356,320.40175437927246,0.0,0
1596160015.4920356,322.2027826309204,0.0,0
1596160015.5020356,324.0007209777832,0.0,0
1596160015.5120356,325.8003759384155,0.0,0
1596160015.5220356,327.60071754455566,0.0,0
1596160015.5320356,329.4011449813843,0.0,0
1596160015.5420356,331.20019912719727,0.0,0
1596160015.5520356,333.0018711090088,0.0,0
1596160015.5620356,334.80135440826416,0.0,0
1596160015.5720356,336.60027980804443,0.0,0
1596160015.5820355,338.4006643295288,0.0,0
1596160015.5920355,340.2016496658325,0.0,0
1596160015.6020355,342.00061798095703,0.0,0
1596160015.6120355,343.802547454834,0.0,0
1596160015.6220355,345.60203075408936,0.0,0
1596160015.6320355,347.4002695083618,0.0,0
1596160015.6420355,349.2002248764038,0.0,0
1596160015.6520355,351.0017681121826,0.0,0
1596160015.6620355,352.8001356124878,0.0,0
1596160015.6720355,354.60150718688965,0.0,0
1596160015.6820354,356.402792930603,0.0,0
1596160015.6920354,358.2003450393677,0.0,0
1596160015.7020516,360,0.0,1
1596160015.7020516,0,0,0
1596160015.7120516,1.8017578125,0,0
1596160015.7220516,3.601498603820801,0,0
1596160015.7320516,5.401711463928223,0,0
1596160015.7420516,7.203125953674316,0,0
1596160015.7520516,9.000463485717773,0,0
1596160015.7620516,10.80282211303711,0,0
1596160015.7720516,12.602605819702148,0,0
1596160015.7820516,14.402689933776855,0,0
1596160015.7920516,16.202688217163086,0,0
1596160015.8020515,18.001956939697266,0,0
1596160015.8120515,19.801225662231445,0,0
1596160015.8220515,21.603069305419922,0,0
1596160015.8320515,23.400063514709473,0,0
1596160015.8420515,25.20036220550537,0,0
1596160015.8520515,27.001304626464844,0,0
1596160015.8620515,28.8021183013916,0,0
1596160015.8720515,30.602331161499023,0,0
1596160015.8820515,32.40065574645996,0,0
1596160015.8920515,34.20310020446777,0,0
1596160015.9020514,36.00039482116699,0,0
1596160015.9120514,37.80313968658447,0,0
1596160015.9220514,39.601078033447266,0,0
1596160015.9320514,41.4005184173584,0,0
1596160015.9420514,43.20369243621826,0,0
1596160015.9520514,45.00244617462158,0,0
1596160015.9620514,46.79995536804199,0,0
1596160015.9720514,48.60033988952637,0,0
1596160015.9820514,50.402183532714844,0,0
1596160015.9920514,52.202181816101074,0,0
1596160016.0020514,54.00102138519287,0,0
1596160016.0120513,55.80277919769287,0,0
1596160016.0220513,57.600159645080566,0,0
1596160016.025616,58.24157238006592,0,0
1596160016.025616,58.24157238006592,0.0,0
1596160016.0320513,59.40200328826904,0.0,0
1596160016.0420513,61.20204448699951,0.0,0
1596160016.0520513,63.00204277038574,0.0,0
1596160016.0620513,64.8022985458374,0.0,0
1596160016.0720513,66.60328388214111,0.0,0
1596160016.0820513,68.40173721313477,0.0,0
1596160016.0920513,70.20143508911133,0.0,0
1596160016.1020513,72.00233459472656,0.0,0
1596160016.1120512,73.8003158569336,0.0,0
1596160016.1220512,75.60245990753174,0.0,0
1596160016.1320512,77.40194320678711,0.0,0
1596160016.1420512,79.20322895050049,0.0,0
1596160016.1520512,81.00043773651123,0.0,0
1596160016.1620512,82.80004978179932,0.0,0
1596160016.1720512,84.60150718688965,0.0,0
1596160016.1820512,86.40214920043945,0.0,0
1596160016.1920512,88.20214748382568,0.0,0
1596160016.2020512,90.00124454498291,0.0,0
1596160016.2120512,91.8006420135498,0.0,0
1596160016.2220511,93.60076904296875,0.0,0
1596160016.2320511,95.40287017822266,0.0,0
1596160016.2420511,97.20304012298584,0.0,0
1596160016.252051,99.00265216827393,0.0,0
1596160016.262051,100.80054759979248,0.0,0
1596160016.272051,102.60217666625977,0.0,0
1596160016.282051,104.40174579620361,0.0,0
1596160016.292051,106.20208740234375,0.0,0
1596160016.302051,108.00105571746826,0.0,0
1596160016.312051,109.80255603790283,0.0,0
1596160016.322051,111.60281181335449,0.0,0
1596160016.332051,113.40040683746338,0.0,0
1596160016.3407254,114.9612808227539,0.0,0
1596160016.3407254,114.9612808227539,0.0,0
1596160016.342051,115.20083427429199,0.0,0
1596160016.352051,117.00254917144775,0.0,0
1596160016.362051,118.8001012802124,0.0,0
1596160016.372051,120.60027122497559,0.0,0
1596160016.382051,122.40202903747559,0.0,0
1596160016.392051,124.20151233673096,0.0,0
1596160016.402051,126.0005235671997,0.0,0
1596160016.412051,127.80202388763428,0.0,0
1596160016.422051,129.6004343032837,0.0,0
1596160016.432051,131.4012908935547,0.0,0
1596160016.442051,133.20051670074463,0.0,0
1596160016.452051,135.00253200531006,0.0,0
1596160016.462051,136.80235862731934,0.0,0
1596160016.472051,138.60141277313232,0.0,0
1596160016.482051,140.40063858032227,0.0,0
1596160016.492051,142.2032117843628,0.0,0
1596160016.5020509,144.00012016296387,0.0,0
1596160016.5120509,145.800461769104,0.0,0
1596160016.5220509,147.6007604598999,0.0,0
1596160016.5320508,149.4005012512207,0.0,0
1596160016.5420508,151.20277404785156,0.0,0
1596160016.5520508,153.00118446350098,0.0,0
1596160016.5620508,154.80277061462402,0.0,0
1596160016.5720508,156.600022315979,0.0,0
1596160016.5820508,158.40242385864258,0.0,0
1596160016.5920508,160.20259380340576,0.0,0
1596160016.6020508,162.00031757354736,0.0,0
1596160016.6120508,163.8015604019165,0.0,0
1596160016.6220508,165.59997081756592,0.0,0
1596160016.6320508,167.40056991577148,0.0,0
1596160016.6420507,169.20001029968262,0.0,0
1596160016.6520507,171.00262641906738,0.0,0
1596160016.6620507,172.80258178710938,0.0,0
1596160016.6720507,174.60227966308594,0.0,0
1596160016.6820507,176.4003038406372,0.0,0
1596160016.6920507,178.2017183303833,0.0,0
1596160016.7020507,180.00085830688477,0.0,0
1596160016.7120507,181.8011999130249,0.0,0
1596160016.7220507,183.6014986038208,0.0,0
1596160016.7320507,185.40274143218994,0.0,0
1596160016.7420506,187.20046520233154,0.0,0
1596160016.7520506,189.00012016296387,0.0,0
1596160016.7620506,190.80174922943115,0.0,0
1596160016.7720506,192.60093212127686,0.0,0
1596160016.7820506,194.40170288085938,0.0,0
1596160016.7920506,196.20122909545898,0.0,0
1596160016.8020506,198.00105571746826,0.0,0
1596160016.8120506,199.80259895324707,0.0,0
1596160016.8220506,201.60066604614258,0.0,0
1596160016.8320506,203.40276718139648,0.0,0
1596160016.8420506,205.199933052063,0.0,0
1596160016.8520505,206.9998025894165,0.0,0
1596160016.8620505,208.80018711090088,0.0,0
1596160016.8720505,210.60267448425293,0.0,0
1596160016.8820505,212.400484085083,0.0,0
1596160016.8920505,214.19996738433838,0.0,0
1596160016.9020505,216.00013732910156,0.0,0
1596160016.9120505,217.80198097229004,0.0,0
1596160016.9220505,219.60013389587402,0.0,0
1596160016.9320505,221.4010763168335,0.0,0
1596160016.9420505,223.20068836212158,0.0,0
1596160016.9520504,225.00287532806396,0.0,0
1596160016.9620504,226.80257320404053,0.0,0
1596160016.9720504,228.6020565032959,0.0,0
1596160016.9820504,230.40196895599365,0.0,0
1596160016.9920504,232.20123767852783,0.0,0
1596160017.0020504,233.9998197555542,0.0,0
1596160017.0120504,235.80260753631592,0.0,0
1596160017.0220504,237.60046005249023,0.0,0
1596160017.0320504,239.40178871154785,0.0,0
1596160017.0420504,241.2000274658203,0.0,0
1596160017.0520504,243.00191402435303,0.0,0
1596160017.0620503,244.80088233947754,0.0,0
1596160017.0720503,246.60083770751953,0.0,0
1596160017.0820503,248.40027809143066,0.0,0
1596160017.0920503,250.20259380340576,0.0,0
1596160017.1020503,252.00156211853027,0.0,0
1596160017.1120503,253.80168914794922,0.0,0
1596160017.1220503,255.60121536254883,0.0,0
1596160017.1320503,257.40288734436035,0.0,0
1596160017.1420503,259.20194149017334,0.0,0
1596160017.1520503,261.0010814666748,0.0,0
1596160017.1620502,262.8027534484863,0.0,0
1596160017.1720502,264.6029233932495,0.0,0
1596160017.1820502,266.40047550201416,0.0,0
1596160017.1920502,268.2019329071045,0.0,0
1596160017.2020502,270.00085830688477,0.0,0
1596160017.2120502,271.8003845214844,0.0,0
1596160017.2220502,273.6014986038208,0.0,0
1596160017.2320502,275.40196895599365,0.0,0
1596160017.2420502,277.2016668319702,0.0,0
1596160017.2520502,279.0013647079468,0.0,0
1596160017.2620502,280.80106258392334,0.0,0
1596160017.2720501,282.5998592376709,0.0,0
1596160017.2820501,284.4018745422363,0.0,0
1596160017.2920501,286.2001132965088,0.0,0
1596160017.30205,288.0007553100586,0.0,0
1596160017.31205,289.802942276001,0.0,0
1596160017.32205,291.600022315979,0.0,0
1596160017.33205,293.40087890625,0.0,0
1596160017.34205,295.2006196975708,0.0,0
1596160017.35205,297.0013904571533,0.0,0
1596160017.36205,298.8003158569336,0.0,0
1596160017.37205,300.6015157699585,0.0,0
1596160017.38205,302.4020290374756,0.0,0
1596160017.39205,304.20151233673096,0.0,0
1596160017.40205,306.0000944137573,0.0,0
1596160017.41205,307.8018093109131,0.0,0
1596160017.42205,309.6023225784302,0.0,0
1596160017.43205,311.4015054702759,0.0,0
1596160017.44205,313.2018041610718,0.0,0
1596160017.45205,315.0002145767212,0.0,0
1596160017.46205,316.8012857437134,0.0,0
1596160017.47205,318.6027431488037,0.0,0
1596160017.48205,320.40093898773193,0.0,0
1596160017.49205,322.20183849334717,0.0,0
1596160017.50205,324.00153636932373,0.0,0
1596160017.51205,325.80196380615234,0.0,0
1596160017.52205,327.60183334350586,0.0,0
1596160017.53205,329.4010591506958,0.0,0
1596160017.54205,331.2022590637207,0.0,0
1596160017.5520499,333.00208568573,0.0,0
1596160017.5620499,334.80281352996826,0.0,0
1596160017.5720499,336.6019535064697,0.0,0
1596160017.5820498,338.4025526046753,0.0,0
1596160017.5920498,340.2018213272095,0.0,0
1596160017.6020498,342.0028066635132,0.0,0
1596160017.6120498,343.8006591796875,0.0,0
1596160017.6220498,345.6017732620239,0.0,0
1596160017.6320498,347.4029302597046,0.0,0
1596160017.6420498,349.2021131515503,0.0,0
1596160017.6520498,351.0005235671997,0.0,0
1596160017.6620498,352.8017234802246,0.0,0
1596160017.6720498,354.60060596466064,0.0,0
1596160017.6820498,356.40069007873535,0.0,0
1596160017.6920497,358.2007312774658,0.0,0
1596160017.7020497,359.99995708465576,0.0,0
1596160017.702073,360,0.0,1
1596160017.702073,0,0,0
1596160017.712073,1.8017148971557617,0,0
1596160017.722073,3.601198196411133,0,0
1596160017.732073,5.401110649108887,0,0
1596160017.742073,7.202310562133789,0,0
1596160017.752073,9.002180099487305,0,0
1596160017.762073,10.80282211303711,0,0
1596160017.772073,12.602133750915527,0,0
1596160017.782073,14.402904510498047,0,0
1596160017.792073,16.20182991027832,0,0
1596160017.802073,18.00182819366455,0,0
1596160017.812073,19.800195693969727,0,0
1596160017.822073,21.6025972366333,0,0
1596160017.832073,23.401823043823242,0,0
1596160017.842073,25.20267963409424,0,0
1596160017.852073,27.001776695251465,0,0
1596160017.862073,28.800487518310547,0,0
1596160017.872073,30.60164451599121,0,0
1596160017.882073,32.40262985229492,0,0
1596160017.892073,34.202542304992676,0,0
1596160017.902073,36.00211143493652,0,0
1596160017.912073,37.802839279174805,0,0
1596160017.922073,39.602108001708984,0,0
1596160017.9320729,41.40154838562012,0,0
1596160017.9420729,43.20141792297363,0,0
1596160017.9520729,45.00133037567139,0,0
1596160017.9620728,46.80300235748291,0,0
1596160017.9720728,48.60021114349365,0,0
1596160017.9820728,50.4023551940918,0,0
1596160017.9920728,52.20295429229736,0,0
1596160018.0020728,54.000420570373535,0,0
1596160018.0120728,55.80256462097168,0,0
1596160018.0220728,57.602477073669434,0,0
1596160018.0258172,58.27393054962158,0,0
1596160018.0258172,58.27393054962158,0.0,0
1596160018.0320728,59.401488304138184,0.0,0
1596160018.0420728,61.20316028594971,0.0,0
1596160018.0520728,63.000969886779785,0.0,0
1596160018.0620728,64.8002815246582,0.0,0
1596160018.0720727,66.60118103027344,0.0,0
1596160018.0820727,68.40105056762695,0.0,0
1596160018.0920727,70.20139217376709,0.0,0
1596160018.1020727,72.00289249420166,0.0,0
1596160018.1120727,73.79997253417969,0.0,0
1596160018.1220727,75.60318946838379,0.0,0
1596160018.1320727,77.40164279937744,0.0,0
1596160018.1420727,79.20202732086182,0.0,0
1596160018.1520727,81.00245475769043,0.0,0
1596160018.1620727,82.80206680297852,0.0,0
1596160018.1720726,84.60266590118408,0.0,0
1596160018.1820726,86.40081882476807,0.0,0
1596160018.1920726,88.20244789123535,0.0,0
1596160018.2020726,90.00120162963867,0.0,0
1596160018.2120726,91.80012702941895,0.0,0
1596160018.2220726,93.60257148742676,0.0,0
1596160018.2320726,95.4001235961914,0.0,0
1596160018.2420726,97.20080852508545,0.0,0
1596160018.2520726,99.0007209777832,0.0,0
1596160018.2620726,100.80187797546387,0.0,0
1596160018.2720726,102.60247707366943,0.0,0
1596160018.2820725,104.40268993377686,0.0,0
1596160018.2920725,106.20067119598389,0.0,0
1596160018.3020725,108.0027723312378,0.0,0
1596160018.3120725,109.80126857757568,0.0,0
1596160018.3220725,111.60216808319092,0.0,0
1596160018.3320725,113.40010643005371,0.0,0
1596160018.3409467,114.99724388122559,0.0,0
1596160018.3409467,114.99724388122559,0.0,0
1596160018.3420725,115.20216464996338,0.0,0
1596160018.3520725,117.00254917144775,0.0,0
1596160018.3620725,118.80297660827637,0.0,0
1596160018.3720725,120.60237407684326,0.0,0
1596160018.3820724,122.40155696868896,0.0,0
1596160018.3920724,124.20146942138672,0.0,0
1596160018.4020724,126.00078105926514,0.0,0
1596160018.4120724,127.80185222625732,0.0,0
1596160018.4220724,129.60082054138184,0.0,0
1596160018.4320724,131.40124797821045,0.0,0
1596160018.4420724,133.20107460021973,0.0,0
1596160018.4520724,134.99987125396729,0.0,0
1596160018.4620724,136.80274486541748,0.0,0
1596160018.4720724,138.6031723022461,0.0,0
1596160018.4820724,140.40299892425537,0.0,0
1596160018.4920723,142.20295429229736,0.0,0
1596160018.5020723,144.0007209777832,0.0,0
1596160018.5120723,145.80076217651367,0.0,0
1596160018.5220723,147.60067462921143,0.0,0
1596160018.5320723,149.39985752105713,0.0,0
1596160018.5420723,151.20152950286865,0.0,0
1596160018.5520723,153.00260066986084,0.0,0
1596160018.5620723,154.80096817016602,0.0,0
1596160018.5720723,156.59993648529053,0.0,0
1596160018.5820723,158.40263843536377,0.0,0
1596160018.5920722,160.20310878753662,0.0,0
1596160018.6020722,162.00010299682617,0.0,0
1596160018.6120722,163.80048751831055,0.0,0
1596160018.6220722,165.60254573822021,0.0,0
1596160018.6320722,167.3999261856079,0.0,0
1596160018.6420722,169.20185565948486,0.0,0
1596160018.6520722,171.0016393661499,0.0,0
1596160018.6620722,172.80009269714355,0.0,0
1596160018.6720722,174.6007776260376,0.0,0
1596160018.6820722,176.4027500152588,0.0,0
1596160018.6920722,178.20184707641602,0.0,0
1596160018.7020721,180.00072956085205,0.0,0
1596160018.7120721,181.80047035217285,0.0,0
1596160018.7220721,183.59999656677246,0.0,0
1596160018.732072,185.40141105651855,0.0,0
1596160018.742072,187.20179557800293,0.0,0
1596160018.752072,189.00020599365234,0.0,0
1596160018.762072,190.80016136169434,0.0,0
1596160018.772072,192.602219581604,0.0,0
1596160018.782072,194.40062999725342,0.0,0
1596160018.792072,196.2017011642456,0.0,0
1596160018.802072,197.99989700317383,0.0,0
1596160018.812072,199.80032444000244,0.0,0
1596160018.822072,201.6014814376831,0.0,0
1596160018.832072,203.401780128479,0.0,0
1596160018.842072,205.20216464996338,0.0,0
1596160018.852072,207.0010471343994,0.0,0
1596160018.862072,208.80018711090088,0.0,0
1596160018.872072,210.60267448425293,0.0,0
1596160018.882072,212.40232944488525,0.0,0
1596160018.892072,214.20207023620605,0.0,0
1596160018.902072,216.00133895874023,0.0,0
1596160018.912072,217.80223846435547,0.0,0
1596160018.922072,219.60120677947998,0.0,0
1596160018.932072,221.40090465545654,0.0,0
1596160018.942072,223.2006025314331,0.0,0
1596160018.952072,225.00094413757324,0.0,0
1596160018.962072,226.8005132675171,0.0,0
1596160018.972072,228.6022710800171,0.0,0
1596160018.9820719,230.40209770202637,0.0,0
1596160018.9920719,232.20140933990479,0.0,0
