Type = Mirollor Strogatz (-ish),Function = Mirollor Strogatz,Refract = 0,Epsilon = 0.3,B = 8,Start_phase = 125
Timestamp,Phase,Offset,Ping?
1596160104,125,0,0
1596160104.01,126.79944038391113,0.6944444444444444,0
1596160104.02,128.59827995300293,0.6944444444444444,0
1596160104.03,130.39935111999512,0.6944444444444444,0
1596160104.04,132.19664573669434,0.6944444444444444,0
1596160104.05,133.99943351745605,0.6944444444444444,0
1596160104.06,135.79960346221924,0.6944444444444444,0
1596160104.07,137.59625434875488,0.6944444444444444,0
1596160104.08,139.3979263305664,0.6944444444444444,0
1596160104.09,141.19637966156006,0.6944444444444444,0
1596160104.1,142.99946784973145,0.6944444444444444,0
1596160104.11,144.7981357574463,0.6944444444444444,0
1596160104.12,146.59706115722656,0.6944444444444444,0
1596160104.1299999,148.39929103851318,0.6944444444444444,0
1596160104.1399999,150.1979160308838,0.6944444444444444,0
1596160104.1499999,151.99615478515625,0.6944444444444444,0
1596160104.1599998,153.79619598388672,0.6944444444444444,0
1596160104.1699998,155.59876918792725,0.6944444444444444,0
1596160104.1799998,157.39838123321533,0.6944444444444444,0
1596160104.1899998,159.19795036315918,0.6944444444444444,0
1596160104.1999998,160.9988498687744,0.6944444444444444,0
1596160104.2099998,162.79687404632568,0.6944444444444444,0
1596160104.2199998,164.59815979003906,0.6944444444444444,0
1596160104.2299998,166.39691352844238,0.6944444444444444,0
1596160104.2399998,168.19910049438477,0.6944444444444444,0
1596160104.2499998,169.99656677246094,0.6944444444444444,0
1596160104.2599998,171.79622173309326,0.6944444444444444,0
1596160104.2699997,173.59815120697021,0.6944444444444444,0
1596160104.2799997,175.39669036865234,0.6944444444444444,0
1596160104.2899997,177.19793319702148,0.6944444444444444,0
1596160104.2999997,178.99917602539062,0.6944444444444444,0
1596160104.3099997,180.79625606536865,0.6944444444444444,0
1596160104.3199997,182.5987434387207,0.6944444444444444,0
1596160104.3299997,184.39917087554932,0.6944444444444444,0
1596160104.3399997,186.19942665100098,0.6944444444444444,0
1596160104.3499997,187.99624919891357,0.6944444444444444,0
1596160104.3599997,189.79723453521729,0.6944444444444444,0
1596160104.3699996,191.597318649292,0.6944444444444444,0
1596160104.3799996,193.3966302871704,0.6944444444444444,0
1596160104.3899996,195.19701480865479,0.6944444444444444,0
1596160104.3999996,196.99615478515625,0.6944444444444444,0
1596160104.4099996,198.79911422729492,0.6944444444444444,0
1596160104.4199996,200.59610843658447,0.6944444444444444,0
1596160104.4299996,202.39782333374023,0.6944444444444444,0
1596160104.4399996,204.19825077056885,0.6944444444444444,0
1596160104.4499996,205.99863529205322,0.6944444444444444,0
1596160104.4599996,207.79627323150635,0.6944444444444444,0
1596160104.4699996,209.59927558898926,0.6944444444444444,0
1596160104.4799995,211.39665603637695,0.6944444444444444,0
1596160104.4899995,213.1975555419922,0.6944444444444444,0
1596160104.4999995,214.99669551849365,0.6944444444444444,0
1596160104.5099995,216.79811000823975,0.6944444444444444,0
1596160104.5199995,218.5963487625122,0.6944444444444444,0
1596160104.5299995,220.39905071258545,0.6944444444444444,0
1596160104.5399995,222.19870567321777,0.6944444444444444,0
1596160104.5499995,223.99681568145752,0.6944444444444444,0
1596160104.5599995,225.7975435256958,0.6944444444444444,0
1596160104.5699995,227.5990867614746,0.6944444444444444,0
1596160104.5799994,229.39912796020508,0.6944444444444444,0
1596160104.5899994,231.1989974975586,0.6944444444444444,0
1596160104.5999994,232.99903869628906,0.6944444444444444,0
1596160104.6099994,234.79740619659424,0.6944444444444444,0
1596160104.6199994,236.59701824188232,0.6944444444444444,0
1596160104.6299994,238.3975315093994,0.6944444444444444,0
1596160104.6399994,240.19697189331055,0.6944444444444444,0
1596160104.6499994,241.99885845184326,0.6944444444444444,0
1596160104.6599994,243.79705429077148,0.6944444444444444,0
1596160104.6699994,245.59610843658447,0.6944444444444444,0
1596160104.6799994,247.39765167236328,0.6944444444444444,0
1596160104.6899993,249.19893741607666,0.6944444444444444,0
1596160104.6999993,250.99833488464355,0.6944444444444444,0
1596160104.7099993,252.79803276062012,0.6944444444444444,0
1596160104.7199993,254.59631443023682,0.6944444444444444,0
1596160104.7299993,256.39944553375244,0.6944444444444444,0
1596160104.7399993,258.1961393356323,0.6944444444444444,0
1596160104.7499993,259.9967384338379,0.6944444444444444,0
1596160104.7599993,261.7967367172241,0.6944444444444444,0
1596160104.7699993,263.5966920852661,0.6944444444444444,0
1596160104.7799993,265.3974199295044,0.6944444444444444,0
1596160104.7899992,267.1968603134155,0.6944444444444444,0
1596160104.7999992,268.9990043640137,0.6944444444444444,0
1596160104.8099992,270.79647064208984,0.6944444444444444,0
1596160104.8199992,272.59891510009766,0.6944444444444444,0
1596160104.8299992,274.398398399353,0.6944444444444444,0
1596160104.8399992,276.1983108520508,0.6944444444444444,0
1596160104.8499992,277.9977083206177,0.6944444444444444,0
1596160104.8599992,279.7975778579712,0.6944444444444444,0
1596160104.8699992,281.59749031066895,0.6944444444444444,0
1596160104.8799992,283.39611530303955,0.6944444444444444,0
1596160104.8899992,285.1990747451782,0.6944444444444444,0
1596160104.8999991,286.9972276687622,0.6944444444444444,0
1596160104.9099991,288.7972688674927,0.6944444444444444,0
1596160104.9199991,290.59932708740234,0.6944444444444444,0
1596160104.929999,292.3975658416748,0.6944444444444444,0
1596160104.939999,294.1967487335205,0.6944444444444444,0
1596160104.949999,295.99687576293945,0.6944444444444444,0
1596160104.959999,297.79932022094727,0.6944444444444444,0
1596160104.969999,299.5991039276123,0.6944444444444444,0
1596160104.979999,301.3988447189331,0.6944444444444444,0
1596160104.989999,303.1975984573364,0.6944444444444444,0
1596160104.999999,304.9993562698364,0.6944444444444444,0
1596160105.009999,306.79656505584717,0.6944444444444444,0
1596160105.019999,308.5963487625122,0.6944444444444444,0
1596160105.029999,310.3968620300293,0.6944444444444444,0
1596160105.039999,312.1962594985962,0.6944444444444444,0
1596160105.049999,313.9977169036865,0.6944444444444444,0
1596160105.059999,315.79702854156494,0.6944444444444444,0
1596160105.069999,317.59732723236084,0.6944444444444444,0
1596160105.079999,319.3972396850586,0.6944444444444444,0
1596160105.089999,321.1959934234619,0.6944444444444444,0
1596160105.099999,322.9975366592407,0.6944444444444444,0
1596160105.109999,324.7980070114136,0.6944444444444444,0
1596160105.119999,326.5960741043091,0.6944444444444444,0
1596160105.129999,328.3992910385132,0.6944444444444444,0
1596160105.139999,330.1984739303589,0.6944444444444444,0
1596160105.149999,331.99628353118896,0.6944444444444444,0
1596160105.159999,333.79701137542725,0.6944444444444444,0
1596160105.169999,335.5967950820923,0.6944444444444444,0
1596160105.1799989,337.3965787887573,0.6944444444444444,0
1596160105.1899989,339.19713497161865,0.6944444444444444,0
1596160105.1999989,340.99876403808594,0.6944444444444444,0
1596160105.2099988,342.7975606918335,0.6944444444444444,0
1596160105.2199988,344.59691524505615,0.6944444444444444,0
1596160105.2299988,346.3966989517212,0.6944444444444444,0
1596160105.2399988,348.197340965271,0.6944444444444444,0
1596160105.2499988,349.99794006347656,0.6944444444444444,0
1596160105.2599988,351.7968225479126,0.6944444444444444,0
1596160105.2699988,353.5962200164795,0.6944444444444444,0
1596160105.2799988,355.39905071258545,0.6944444444444444,0
1596160105.2899988,357.1971607208252,0.6944444444444444,0
1596160105.2999988,358.99630069732666,0.6944444444444444,0
1596160105.305587,360,0.6944444444444444,1
1596160105.305587,0,0,0
1596160105.315587,1.800384521484375,0,0
1596160105.3203335,2.6543569564819336,0,0
1596160105.3203335,30.470315502203757,0.1545331030317879,0
1596160105.322946,30.940581844366843,0.1545331030317879,0
1596160105.322946,342.27436158385325,1.884165212695601,0
1596160105.325587,342.75299641814274,1.884165212695601,0
1596160105.335587,344.54981896605534,1.884165212695601,0
1596160105.345587,346.3502893182282,1.884165212695601,0
1596160105.355587,348.15131756987614,1.884165212695601,0
1596160105.365587,349.9509296151642,1.884165212695601,0
1596160105.375587,351.75212952818913,1.884165212695601,0
1596160105.385587,353.55255696501774,1.884165212695601,0
1596160105.395587,355.35251233305974,1.884165212695601,0
1596160105.405587,357.14989278044743,1.884165212695601,0
1596160105.415587,358.95100686278386,1.884165212695601,0
1596160105.42144,360,1.884165212695601,1
1596160105.42144,0,0,0
1596160105.4314399,1.8033027648925781,0,0
1596160105.4355664,2.5427770614624023,0,0
1596160105.4355664,29.24035063886998,0.14831985320781987,0
1596160105.4414399,30.300145064834336,0.14831985320781987,0
1596160105.4506876,31.962170516494492,0.14831985320781987,0
1596160105.4506876,353.5355137051818,1.934838426478305,0
1596160105.4514399,353.67219907658074,1.934838426478305,0
1596160105.4614398,355.4740427197692,1.934838426478305,0
1596160105.4714398,357.271079844403,1.934838426478305,0
1596160105.4814398,359.07356721775506,1.934838426478305,0
1596160105.4866145,360,1.934838426478305,1
1596160105.4866145,0,0,0
1596160105.4966145,1.800084114074707,0,0
1596160105.500812,2.55556583404541,0,0
1596160105.500812,29.38132353474437,0.14903198722610533,0
1596160105.5066144,30.42734213520824,0.14903198722610533,0
1596160105.507195,30.530253130691637,0.14903198722610533,0
1596160105.507195,337.75123579897,1.8558152242720962,0
1596160105.5166144,339.44978220857695,1.8558152242720962,0
1596160105.5266144,341.24673350252226,1.8558152242720962,0
1596160105.5366144,343.0499933520706,1.8558152242720962,0
1596160105.5466144,344.8487041751297,1.8558152242720962,0
1596160105.5566144,346.6472433368118,1.8558152242720962,0
1596160105.5666144,348.4493015567215,1.8558152242720962,0
1596160105.5766144,350.24878485597685,1.8558152242720962,0
1596160105.5866144,352.04775317110136,1.8558152242720962,0
1596160105.5966144,353.8473223010452,1.8558152242720962,0
1596160105.6066144,355.6474064151199,1.8558152242720962,0
1596160105.6166143,357.44774802126005,1.8558152242720962,0
1596160105.6266143,359.24671633638457,1.8558152242720962,0
1596160105.6308057,360,1.8558152242720962,1
1596160105.6308057,0,0,0
1596160105.6408057,1.8004274368286133,0,0
1596160105.6448157,2.521791458129883,0,0
1596160105.6448157,29.00902263188143,0.1471512842986197,0
1596160105.6508057,30.088515200851155,0.1471512842986197,0
1596160105.6524417,30.381712832687093,0.1471512842986197,0
1596160105.6524417,336.1138498944327,1.845663156863873,0
1596160105.6608057,337.6226675671622,1.845663156863873,0
1596160105.6708057,339.4226658505484,1.845663156863873,0
1596160105.6808057,341.21987463655915,1.845663156863873,0
1596160105.6908057,343.02253367128816,1.845663156863873,0
1596160105.7008057,344.8210728329703,1.845663156863873,0
1596160105.7108057,346.6218435925528,1.845663156863873,0
1596160105.7208056,348.4213698071524,1.845663156863873,0
1596160105.7308056,350.2222263974234,1.845663156863873,0
1596160105.7408056,352.0221817654654,1.845663156863873,0
1596160105.7508056,353.82084967318025,1.845663156863873,0
1596160105.7608056,355.61934591951814,1.845663156863873,0
1596160105.7708056,357.42088915529695,1.845663156863873,0
1596160105.7808056,359.2203295392081,1.845663156863873,0
1596160105.785143,360,1.845663156863873,1
1596160105.785143,0,0,0
1596160105.795143,1.8021011352539062,0,0
1596160105.7988188,2.461667060852051,0,0
1596160105.7988188,28.34626079590813,0.14380329852808932,0
1596160105.8051429,29.484933624582446,0.14380329852808932,0
1596160105.8064435,29.718693504648364,0.14380329852808932,0
1596160105.8064435,328.8052708976874,1.8053953951560842,0
1596160105.8151429,330.3711659782538,1.8053953951560842,0
1596160105.8251429,332.174039589704,1.8053953951560842,0
1596160105.8351429,333.97326539689396,1.8053953951560842,0
1596160105.8451428,335.77219079667424,1.8053953951560842,0
1596160105.8551428,337.5745494239936,1.8053953951560842,0
1596160105.8651428,339.37192987138127,1.8053953951560842,0
1596160105.8751428,341.17167066270207,1.8053953951560842,0
1596160105.8851428,342.973771797956,1.8053953951560842,0
1596160105.8951428,344.7730834358344,1.8053953951560842,0
1596160105.9051428,346.5722663276801,1.8053953951560842,0
1596160105.9151428,348.37119172746037,1.8053953951560842,0
1596160105.9251428,350.1727778785834,1.8053953951560842,0
1596160105.9351428,351.9743211143622,1.8053953951560842,0
1596160105.9451427,353.7720448845038,1.8053953951560842,0
1596160105.9551427,355.57169984513615,1.8053953951560842,0
1596160105.9651427,357.3737580650458,1.8053953951560842,0
1596160105.9751427,359.172125565351,1.8053953951560842,0
1596160105.9797547,360,1.8053953951560842,1
1596160105.9797547,0,0,0
1596160105.9897547,1.8026161193847656,0,0
1596160105.9940546,2.573976516723633,0,0
1596160105.9940546,29.584267737194445,0.15005717344706007,0
1596160105.9997547,30.611961485668566,0.15005717344706007,0
1596160106.0066855,31.85783684425011,0.15005717344706007,0
1596160106.0066855,352.3854252335917,1.9307659978322913,0
1596160106.0097547,352.9380890366923,1.9307659978322913,0
1596160106.0197546,354.74122014020793,1.9307659978322913,0
1596160106.0297546,356.5398880479228,1.9307659978322913,0
1596160106.0397546,358.3405300614726,1.9307659978322913,0
1596160106.0490012,360,1.9307659978322913,1
1596160106.0490012,0,0,0
1596160106.0590012,1.8019723892211914,0,0
1596160106.0617998,2.303738594055176,0,0
1596160106.0617998,26.60538745088188,0.13500916031570392,0
1596160106.0690012,27.902246238418503,0.13500916031570392,0
1596160106.070686,28.2049281613311,0.13500916031570392,0
1596160106.070686,312.11876851939843,1.712308273416078,0
1596160106.0790012,313.6154840650527,1.712308273416078,0
1596160106.0890012,315.4160831632583,1.712308273416078,0
1596160106.0990012,317.2168110074966,1.712308273416078,0
1596160106.1090012,319.018826312062,1.712308273416078,0
1596160106.1190012,320.8183525266616,1.712308273416078,0
1596160106.1290011,322.61577588939355,1.712308273416078,0
1596160106.1390011,324.41607458018944,1.712308273416078,0
1596160106.1490011,326.2179182233779,1.712308273416078,0
1596160106.159001,328.0164144697158,1.712308273416078,0
1596160106.169001,329.816584414479,1.712308273416078,0
1596160106.179001,331.6162393751113,1.712308273416078,0
1596160106.189001,333.41645223521874,1.712308273416078,0
1596160106.199001,335.2188108625381,1.712308273416078,0
1596160106.209001,337.01807958507226,1.712308273416078,0
1596160106.219001,338.81872159862206,1.712308273416078,0
1596160106.229001,340.6181619825332,1.712308273416078,0
1596160106.239001,342.4176881971328,1.712308273416078,0
1596160106.249001,344.21627027415917,1.712308273416078,0
1596160106.259001,346.0161827268569,1.712308273416078,0
1596160106.269001,347.8179405393569,1.712308273416078,0
1596160106.279001,349.6182392301528,1.712308273416078,0
1596160106.289001,351.417507952687,1.712308273416078,0
1596160106.299001,353.2180212202041,1.712308273416078,0
1596160106.309001,355.0185344877212,1.712308273416078,0
1596160106.319001,356.8169449033706,1.712308273416078,0
1596160106.329001,358.6186168851821,1.712308273416078,0
1596160106.3367052,360,1.712308273416078,1
1596160106.3367052,0,0,0
1596160106.3467052,1.8031740188598633,0,0
1596160106.3507948,2.5361251831054688,0,0
1596160106.3507948,29.167025810478922,0.1479494479298525,0
1596160106.3567052,30.233171707390543,0.1479494479298525,0
1596160106.3667052,32.03269792199015,0.1479494479298525,0
1596160106.3767052,33.83239579796671,0.1479494479298525,0
1596160106.3867052,35.63097787499308,0.1479494479298525,0
1596160106.39092,36.38954949974894,0.1479494479298525,0
1596160106.39092,360.0,1.9457852840423584,0
1596160106.3909945,360,1.9457852840423584,1
1596160106.3909945,0,0,0
1596160106.4009945,1.8005990982055664,0,0
1596160106.4060528,2.7104902267456055,0,0
1596160106.4060528,31.089082441142438,0.15765884563553795,0
1596160106.4109945,31.980305394938824,0.15765884563553795,0
1596160106.4136832,32.46254511814439,0.15765884563553795,0
1596160106.4136832,359.05123119556185,1.972040434954524,0
1596160106.418968,360,1.972040434954524,1
1596160106.418968,0,0,0
1596160106.428968,1.8029165267944336,0,0
1596160106.438968,3.6008548736572266,0,0
1596160106.448968,5.403299331665039,0,0
1596160106.458968,7.201752662658691,0,0
1596160106.468968,9.00303840637207,0,0
1596160106.478968,10.802178382873535,0,0
1596160106.488968,12.60157585144043,0,0
1596160106.498968,14.402861595153809,0,0
1596160106.5089679,16.202988624572754,0,0
1596160106.5189679,18.00212860107422,0,0
1596160106.5289679,19.80186939239502,0,0
1596160106.5350463,20.894107818603516,0,0
1596160106.5350463,231.53030639432944,1.1702011031984774,0
1596160106.5389678,232.23918205045737,1.1702011031984774,0
1596160106.5426712,232.90278201841392,1.1702011031984774,0
1596160106.5426712,360.0,1.8762967586517334,0
1596160106.5427427,360,1.8762967586517334,1
1596160106.5427427,0,0,0
1596160106.5527427,1.8016290664672852,0,0
1596160106.5627427,3.600039482116699,0,0
1596160106.5727427,5.402054786682129,0,0
1596160106.5827427,7.201452255249023,0,0
1596160106.5927427,9.000420570373535,0,0
1596160106.6027427,10.80329418182373,0,0
1596160106.6127427,12.602391242980957,0,0
1596160106.6227427,14.401102066040039,0,0
1596160106.6327426,16.20187282562256,0,0
1596160106.6427426,18.000755310058594,0,0
1596160106.6527426,19.801783561706543,0,0
1596160106.6627426,21.60289764404297,0,0
1596160106.6727426,23.402810096740723,0,0
1596160106.6827426,25.20267963409424,0,0
1596160106.6927426,27.000231742858887,0,0
1596160106.7027426,28.80194664001465,0,0
1596160106.7127426,30.600314140319824,0,0
1596160106.7227426,32.40241527557373,0,0
1596160106.7327425,34.20172691345215,0,0
1596160106.7427425,36.00249767303467,0,0
1596160106.7527425,37.8004789352417,0,0
1596160106.7615538,39.385986328125,0,0
1596160106.7615538,360.0,1.78118896484375,0
1596160106.7616365,360,1.78118896484375,1
1596160106.7616365,0,0,0
1596160106.7679248,1.131892204284668,0,0
1596160106.7679248,13.687918005423482,0.06975569889521563,0
1596160106.7716365,14.357354460196431,0.06975569889521563,0
1596160106.7816365,16.157009420828754,0.06975569889521563,0
1596160106.7916365,17.958252249197894,0.06975569889521563,0
1596160106.8016365,19.75807887120717,0.06975569889521563,0
1596160106.8116364,21.5586350540685,0.06975569889521563,0
1596160106.8216364,23.35764628453725,0.06975569889521563,0
1596160106.8316364,25.1586745361852,0.06975569889521563,0
1596160106.8416364,26.957599935965472,0.06975569889521563,0
1596160106.8516364,28.756310759024554,0.06975569889521563,0
1596160106.8616364,30.558583555655414,0.06975569889521563,0
1596160106.8716364,32.359182653860984,0.06975569889521563,0
1596160106.8816364,34.15862303777212,0.06975569889521563,0
1596160106.8916364,35.95673304601186,0.06975569889521563,0
1596160106.9016364,37.75613051457876,0.06975569889521563,0
1596160106.9116364,39.55651503606313,0.06975569889521563,0
1596160106.9216363,41.356470404105124,0.06975569889521563,0
1596160106.9316363,43.155996618704734,0.06975569889521563,0
1596160106.9416363,44.9591706375646,0.06975569889521563,0
1596160106.9516363,46.758310614066055,0.06975569889521563,0
1596160106.9616363,48.558094320731094,0.06975569889521563,0
1596160106.9716363,50.3572772125768,0.06975569889521563,0
1596160106.9730387,50.60841780705922,0.06975569889521563,0
1596160106.9730387,360.0,1.788597822189331,0
1596160106.9731154,360,1.788597822189331,1
1596160106.9731154,0,0,0
1596160106.9819162,1.5841341018676758,0,0
1596160106.9819162,18.673060209197043,0.09493847837405203,0
1596160106.9831154,18.890769750517844,0.09493847837405203,0
1596160106.9931154,20.692184240263938,0.09493847837405203,0
1596160107.0031154,22.489779264372824,0.09493847837405203,0
1596160107.0131154,24.28964880172634,0.09493847837405203,0
1596160107.0231154,26.08994749252224,0.09493847837405203,0
1596160107.0331154,27.8896453684988,0.09493847837405203,0
1596160107.0431154,29.689815313261985,0.09493847837405203,0
1596160107.0531154,31.489599019927024,0.09493847837405203,0
1596160107.0631154,33.28964021865749,0.09493847837405203,0
1596160107.0731153,35.08985307876491,0.09493847837405203,0
1596160107.0831153,36.88895013992214,0.09493847837405203,0
1596160107.0931153,38.68972089950466,0.09493847837405203,0
1596160107.1031153,40.491521627348895,0.09493847837405203,0
1596160107.1131153,42.29083326522731,0.09493847837405203,0
1596160107.1231153,44.09147527877712,0.09493847837405203,0
1596160107.1331153,45.890786916655536,0.09493847837405203,0
1596160107.1431153,47.69172933761501,0.09493847837405203,0
1596160107.1531153,49.49194219772243,0.09493847837405203,0
1596160107.1631153,51.290610105437274,0.09493847837405203,0
1596160107.1731153,53.08923509780788,0.09493847837405203,0
1596160107.1820326,54.69401148025417,0.09493847837405203,0
1596160107.1820326,360.0,1.7910828590393069,0
1596160107.1821494,360,1.7910828590393069,1
1596160107.1821494,0,0,0
1596160107.1921494,1.802058219909668,0,0
1596160107.2021494,3.602871894836426,0,0
1596160107.2121553,5.401067733764648,0,0
1596160107.2121553,60.74779286680031,0.30748180629464256,0
1596160107.2121494,60.74779286680031,0.30748180629464256,0
1596160107.2221494,62.5488640337925,0.30748180629464256,0
1596160107.2321494,64.34821858701515,0.30748180629464256,0
1596160107.2421494,66.14864602384377,0.30748180629464256,0
1596160107.2521493,67.9489876299839,0.30748180629464256,0
1596160107.2621493,69.75001588163185,0.30748180629464256,0
1596160107.2721493,71.54842629728127,0.30748180629464256,0
1596160107.2821493,73.34760918912697,0.30748180629464256,0
1596160107.2921493,75.14893784818459,0.30748180629464256,0
1596160107.3021493,76.9493652850132,0.30748180629464256,0
1596160107.3121493,78.74756112394142,0.30748180629464256,0
1596160107.3221493,80.54923310575295,0.30748180629464256,0
1596160107.3321493,82.34730019864845,0.30748180629464256,0
1596160107.3385391,83.4968735247593,0.30748180629464256,0
1596160107.3385391,360.0,1.8436102867126465,0
1596160107.3386142,360,1.8436102867126465,1
1596160107.3386142,0,0,0
1596160107.3486142,1.8028736114501953,0,0
1596160107.3586142,3.6004257202148438,0,0
1596160107.3686142,5.400595664978027,0,0
1596160107.3786142,7.203383445739746,0,0
1596160107.3886142,9.002008438110352,0,0
1596160107.3986142,10.801534652709961,0,0
1596160107.4086142,12.603120803833008,0,0
1596160107.4186141,14.400801658630371,0,0
1596160107.4286141,16.20084285736084,0,0
1596160107.4386141,18.003287315368652,0,0
1596160107.4486141,19.80234146118164,0,0
1596160107.458614,21.602468490600586,0,0
1596160107.4636571,22.50772476196289,0,0
1596160107.4636571,249.3174905717718,1.2600542544989384,0
1596160107.468614,250.21094512346858,1.2600542544989384,0
1596160107.4700236,250.46345900896662,1.2600542544989384,0
1596160107.4700236,360.0,1.8685905933380127,0
1596160107.4700947,360,1.8685905933380127,1
1596160107.4700947,0,0,0
1596160107.4800947,1.8017578125,0,0
1596160107.4900947,3.602914810180664,0,0
1596160107.5000947,5.402355194091797,0,0
1596160107.5100946,7.200465202331543,0,0
1596160107.5200946,9.001922607421875,0,0
1596160107.5300946,10.801491737365723,0,0
1596160107.5400946,12.60282039642334,0,0
1596160107.5500946,14.400801658630371,0,0
1596160107.5600946,16.2028169631958,0,0
1596160107.5700946,18.00260066986084,0,0
1596160107.5800946,19.801912307739258,0,0
1596160107.580147,19.809422492980957,0,0
1596160107.580147,219.5736287324985,1.1098011457750974,0
1596160107.5877755,220.94674808674654,1.1098011457750974,0
1596160107.5877755,360.0,1.8823192119598389,0
1596160107.5878472,360,1.8823192119598389,1
1596160107.5878472,0,0,0
1596160107.5978472,1.8027019500732422,0,0
1596160107.6029103,2.711348533630371,0,0
1596160107.6029103,31.09854370932191,0.15770663986495298,0
1596160107.6078472,31.988822525545054,0.15770663986495298,0
1596160107.6178472,33.79023701529115,0.15770663986495298,0
1596160107.6192806,34.045197075410776,0.15770663986495298,0
1596160107.6192806,360.0,1.968566656112671,0
1596160107.6193533,360,1.968566656112671,1
1596160107.6193533,0,0,0
1596160107.6293533,1.8024015426635742,0,0
1596160107.6331484,2.4831247329711914,0,0
1596160107.6331484,28.582792500395385,0.14499815426346774,0
1596160107.6393533,29.702968815703002,0.14499815426346774,0
1596160107.6493533,31.50026343240222,0.14499815426346774,0
1596160107.6593533,33.30129168405017,0.14499815426346774,0
1596160107.6693532,35.10034582986316,0.14499815426346774,0
1596160107.6793532,36.9021465577074,0.14499815426346774,0
1596160107.6893532,38.70205901040515,0.14499815426346774,0
1596160107.6993532,40.50128481759509,0.14499815426346774,0
1596160107.7093532,42.300210217375366,0.14499815426346774,0
1596160107.7193532,44.102955082792846,0.14499815426346774,0
1596160107.7293532,45.902223805327026,0.14499815426346774,0
1596160107.7393532,47.70217917336902,0.14499815426346774,0
1596160107.7493532,49.50016043557605,0.14499815426346774,0
1596160107.7593532,51.30041621102771,0.14499815426346774,0
1596160107.7693532,53.10135863198718,0.14499815426346774,0
1596160107.7793531,54.90191481484851,0.14499815426346774,0
1596160107.7893531,56.702771405119506,0.14499815426346774,0
1596160107.7993531,58.49985144509753,0.14499815426346774,0
1596160107.809353,60.30092261208972,0.14499815426346774,0
1596160107.819353,62.10096381082019,0.14499815426346774,0
1596160107.8208015,62.36034415139636,0.14499815426346774,0
1596160107.8208015,360.0,1.7985517978668213,0
1596160107.8209667,360,1.7985517978668213,1
1596160107.8209667,0,0,0
1596160107.82965,1.5629768371582031,0,0
1596160107.82965,18.43983994857259,0.09376035061896881,0
1596160107.8309667,18.676861394800618,0.09376035061896881,0
1596160107.8409667,20.476988424219563,0.09376035061896881,0
1596160107.8509667,22.27780209914632,0.09376035061896881,0
1596160107.8609667,24.076899160303547,0.09376035061896881,0
1596160107.8709667,25.878699888147786,0.09376035061896881,0
1596160107.8809667,27.67814027205892,0.09376035061896881,0
1596160107.8909667,29.47689401046224,0.09376035061896881,0
1596160107.9009666,31.27710687056966,0.09376035061896881,0
1596160107.9109666,33.07706223861165,0.09376035061896881,0
1596160107.9209666,34.87912045852132,0.09376035061896881,0
1596160107.9309666,36.67808877364583,0.09376035061896881,0
1596160107.9409666,38.47748624221273,0.09376035061896881,0
1596160107.9509666,40.277012456812336,0.09376035061896881,0
1596160107.9609666,42.078169454493,0.09376035061896881,0
1596160107.9709666,43.87894021407552,0.09376035061896881,0
1596160107.9809666,45.679582227625325,0.09376035061896881,0
1596160107.9909666,47.47945176497884,0.09376035061896881,0
1596160108.0009665,49.27773343459554,0.09376035061896881,0
1596160108.0109665,51.078332532801106,0.09376035061896881,0
1596160108.0209665,52.87867413894124,0.09376035061896881,0
1596160108.0309665,54.679874051966145,0.09376035061896881,0
1596160108.0409665,56.47858487502523,0.09376035061896881,0
1596160108.0509665,58.276909459986165,0.09376035061896881,0
1596160108.0609665,60.07707940474935,0.09376035061896881,0
1596160108.0709665,61.87862264052816,0.09376035061896881,0
1596160108.0809665,63.677204717554524,0.09376035061896881,0
1596160108.0909665,65.47728883162922,0.09376035061896881,0
1596160108.1009665,67.27938996688313,0.09376035061896881,0
1596160108.1109664,69.07913075820393,0.09376035061896881,0
1596160108.1209664,70.87921487227864,0.09376035061896881,0
1596160108.1309664,72.6774536265511,0.09376035061896881,0
1596160108.1360254,73.58743058577961,0.09376035061896881,0
1596160108.1360254,360.0,1.684941291809082,0
1596160108.1361284,360,1.684941291809082,1
1596160108.1361284,0,0,0
1596160108.1461284,1.8004274368286133,0,0
1596160108.146153,1.8044185638427734,0,0
1596160108.146153,21.101294687463266,0.10720486735344718,0
1596160108.1561284,22.89854638881825,0.10720486735344718,0
1596160108.1661284,24.700003793908582,0.10720486735344718,0
1596160108.1761284,26.49832837886952,0.10720486735344718,0
1596160108.1861284,28.300000360681043,0.10720486735344718,0
1596160108.1961284,30.09836786098622,0.10720486735344718,0
1596160108.2061284,31.899911096765027,0.10720486735344718,0
1596160108.2161283,33.700123956872446,0.10720486735344718,0
1596160108.2261283,35.49703233547352,0.10720486735344718,0
1596160108.2361283,37.299777200891,0.10720486735344718,0
1596160108.2461283,39.097930124474985,0.10720486735344718,0
1596160108.2561283,40.89848630733631,0.10720486735344718,0
1596160108.2661283,42.69715421505116,0.10720486735344718,0
1596160108.2761283,44.49852578945301,0.10720486735344718,0
1596160108.2861283,46.298996141625864,0.10720486735344718,0
1596160108.2961283,48.09727781124256,0.10720486735344718,0
1596160108.3061283,49.89719026394032,0.10720486735344718,0
1596160108.3161283,51.697231462670786,0.10720486735344718,0
1596160108.3261282,53.4985601217284,0.10720486735344718,0
1596160108.3361282,55.29984586544178,0.10720486735344718,0
1596160108.3461282,57.099028757287485,0.10720486735344718,0
1596160108.3561282,58.89842622585438,0.10720486735344718,0
1596160108.3661282,60.69893949337147,0.10720486735344718,0
1596160108.3761282,62.499066522790415,0.10720486735344718,0
1596160108.382504,63.64447706051014,0.10720486735344718,0
1596160108.382504,360.0,1.753624439239502,0
1596160108.3825822,360,1.753624439239502,1
1596160108.3825822,0,0,0
1596160108.3888812,1.1338233947753906,0,0
1596160108.3888812,13.709205858827334,0.06986323591139969,0
1596160108.3925822,14.37872814428876,0.06986323591139969,0
1596160108.4025822,16.17700981390546,0.06986323591139969,0
1596160108.4125822,17.978381388307316,0.06986323591139969,0
1596160108.4225821,19.7785513330705,0.06986323591139969,0
1596160108.4325821,21.57704757940839,0.06986323591139969,0
1596160108.4425821,23.378247492433292,0.06986323591139969,0
1596160108.4525821,25.177644961000187,0.06986323591139969,0
1596160108.462582,26.976141207338078,0.06986323591139969,0
1596160108.472582,28.77686905157636,0.06986323591139969,0
1596160108.482582,30.577768557191593,0.06986323591139969,0
1596160108.492582,32.37690853369306,0.06986323591139969,0
1596160108.502582,34.17729305517744,0.06986323591139969,0
1596160108.512582,35.975360148072944,0.06986323591139969,0
1596160108.522582,37.77789043676923,0.06986323591139969,0
1596160108.532582,39.576644175172554,0.06986323591139969,0
1596160108.542582,41.376899950624214,0.06986323591139969,0
1596160108.552582,43.175868265748726,0.06986323591139969,0
1596160108.562582,44.97573780310224,0.06986323591139969,0
1596160108.5702636,46.35804104101728,0.06986323591139969,0
1596160108.5702636,360.0,1.8123185634613037,0
1596160108.5703456,360,1.8123185634613037,1
1596160108.5703456,0,0,0
1596160108.5778844,1.3569831848144531,0,0
1596160108.5778844,16.169135585494868,0.08228973555933564,0
1596160108.5803456,16.61498309678637,0.08228973555933564,0
1596160108.5903456,18.413093105026118,0.08228973555933564,0
1596160108.6003456,20.212147250839106,0.08228973555933564,0
1596160108.6103456,22.013475909896723,0.08228973555933564,0
1596160108.6203456,23.81360293931567,0.08228973555933564,0
1596160108.6303456,25.613214984603754,0.08228973555933564,0
1596160108.6403456,27.413899913497797,0.08228973555933564,0
1596160108.6503456,29.215228572555414,0.08228973555933564,0
1596160108.6603456,31.01381064958178,0.08228973555933564,0
1596160108.6703455,32.81346561021411,0.08228973555933564,0
1596160108.6803455,34.61466552323901,0.08228973555933564,0
1596160108.6903455,36.41440631455981,0.08228973555933564,0
1596160108.7003455,38.213331714340086,0.08228973555933564,0
1596160108.7103455,40.01298667497241,0.08228973555933564,0
1596160108.714264,40.7174420506438,0.08228973555933564,0
1596160108.714264,360.0,1.8560817241668701,0
1596160108.7143457,360,1.8560817241668701,1
1596160108.7143457,0,0,0
1596160108.720623,1.129918098449707,0,0
1596160108.720623,13.666157088610653,0.06964577216756081,0
1596160108.7243457,14.33765347990704,0.06964577216756081,0
1596160108.7343457,16.13941129240704,0.06964577216756081,0
1596160108.7443457,17.937006316515927,0.06964577216756081,0
1596160108.7543457,19.739322028491024,0.06964577216756081,0
1596160108.7643456,21.53743203673077,0.06964577216756081,0
1596160108.7743456,23.336443267199517,0.06964577216756081,0
1596160108.7843456,25.139188132616997,0.06964577216756081,0
1596160108.7920058,26.515054068896294,0.06964577216756081,0
1596160108.7920058,293.4909883374132,1.5528454069926547,0
1596160108.7943456,293.9142623776354,1.5528454069926547,0
1596160108.799628,294.8629918927111,1.5528454069926547,0
1596160108.799628,360.0,1.914717674255371,0
1596160108.7997034,360,1.914717674255371,1
1596160108.7997034,0,0,0
1596160108.8097034,1.8032169342041016,0,0
1596160108.813505,2.484283447265625,0,0
1596160108.813505,28.595565212437716,0.14506267647317828,0
1596160108.8197033,29.71406782932004,0.14506267647317828,0
1596160108.8297033,31.514452350804415,0.14506267647317828,0
1596160108.8397033,33.31453646487912,0.14506267647317828,0
1596160108.8497033,35.11273230380734,0.14506267647317828,0
1596160108.8597033,36.91200102634152,0.14506267647317828,0
1596160108.8697033,38.71332968539914,0.14506267647317828,0
1596160108.8797033,40.51401461429318,0.14506267647317828,0
1596160108.8897033,42.311952961155974,0.14506267647317828,0
1596160108.8997033,44.113925350377166,0.14506267647317828,0
1596160108.9097033,45.911434543797576,0.14506267647317828,0
1596160108.9197032,47.71134699649533,0.14506267647317828,0
1596160108.9297032,49.51190317935666,0.14506267647317828,0
1596160108.9397032,51.31366099185666,0.14506267647317828,0
1596160108.9497032,53.112243068883025,0.14506267647317828,0
1596160108.9597032,54.91237009830197,0.14506267647317828,0
1596160108.9697032,56.71395624942502,0.14506267647317828,0
1596160108.9797032,58.513010395238005,0.14506267647317828,0
1596160108.9836266,59.21746577090939,0.14506267647317828,0
1596160108.9836266,360.0,1.8160767555236816,0
1596160108.9837008,360,1.8160767555236816,1
1596160108.9837008,0,0,0
1596160108.9937007,1.8000411987304688,0,0
1596160108.9975035,2.4844980239868164,0,0
1596160108.9975035,28.59793052948257,0.14507462503053198,0
1596160109.0037007,29.71656189239761,0.14507462503053198,0
1596160109.0137007,31.51608810699722,0.14507462503053198,0
1596160109.0237007,33.315056422121735,0.14507462503053198,0
1596160109.0337007,35.11574135101578,0.14507462503053198,0
1596160109.0437007,36.91346512115738,0.14507462503053198,0
1596160109.0537007,38.71599540985367,0.14507462503053198,0
1596160109.0637007,40.51530704773209,0.14507462503053198,0
1596160109.0737007,42.31393204010269,0.14507462503053198,0
1596160109.0837007,44.11599026001236,0.14507462503053198,0
1596160109.0937006,45.91418609894058,0.14507462503053198,0
1596160109.1037006,47.714613535769196,0.14507462503053198,0
1596160109.1137006,49.516671755678864,0.14507462503053198,0
1596160109.1237006,51.31349430359146,0.14507462503053198,0
1596160109.1337006,53.11422214782974,0.14507462503053198,0
1596160109.1437006,54.9150358227565,0.14507462503053198,0
1596160109.1537006,56.71584949768326,0.14507462503053198,0
1596160109.1637006,58.51486072815201,0.14507462503053198,0
1596160109.1737006,60.31576023376724,0.14507462503053198,0
1596160109.1837006,62.11404190338394,0.14507462503053198,0
1596160109.1937006,63.91464100158951,0.14507462503053198,0
1596160109.2037005,65.71365223205825,0.14507462503053198,0
1596160109.2137005,67.5146804837062,0.14507462503053198,0
1596160109.2237005,69.31562290466567,0.14507462503053198,0
1596160109.2337005,71.11519203460952,0.14507462503053198,0
1596160109.2437005,72.91368828094741,0.14507462503053198,0
1596160109.251365,74.29298744476577,0.14507462503053198,0
1596160109.251365,360.0,1.7323358058929443,0
1596160109.2514403,360,1.7323358058929443,1
1596160109.2514403,0,0,0
1596160109.2577362,1.133265495300293,0,0
1596160109.2577362,13.703056034510672,0.06983216966227988,0
1596160109.2614403,14.370561298792898,0.06983216966227988,0
1596160109.2714403,16.171160396998467,0.06983216966227988,0
1596160109.2814403,17.972446140711845,0.06983216966227988,0
1596160109.2914402,19.77081364101702,0.06983216966227988,0
1596160109.3014402,21.571541485255302,0.06983216966227988,0
1596160109.3114402,23.372784313624443,0.06983216966227988,0
1596160109.3214402,25.170679745142998,0.06983216966227988,0
1596160109.3314402,26.971321758692802,0.06983216966227988,0
1596160109.3414402,28.771320042079033,0.06983216966227988,0
1596160109.3514402,30.571833309596123,0.06983216966227988,0
1596160109.3614402,32.37273281521136,0.06983216966227988,0
1596160109.3714402,34.17225902981097,0.06983216966227988,0
1596160109.3814402,35.970540699427666,0.06983216966227988,0
1596160109.3914402,37.772899326747,0.06983216966227988,0
1596160109.4014401,39.57092350429827,0.06983216966227988,0
1596160109.4114401,41.37049263424212,0.06983216966227988,0
1596160109.4214401,43.17276543087298,0.06983216966227988,0
1596160109.43144,44.97267788357073,0.06983216966227988,0
1596160109.44144,46.77065914577776,0.06983216966227988,0
1596160109.4478695,47.92705601162249,0.06983216966227988,0
1596160109.4478695,360.0,1.8035707473754883,0
1596160109.4479475,360,1.8035707473754883,1
1596160109.4479475,0,0,0
1596160109.4579475,1.8007707595825195,0,0
1596160109.4667325,3.3812999725341797,0,0
1596160109.4667325,38.483536586823234,0.1950124256349392,0
1596160109.4679475,38.70562349325634,0.1950124256349392,0
1596160109.4779475,40.502789363922844,0.1950124256349392,0
1596160109.4879475,42.302744731964836,0.1950124256349392,0
1596160109.4979475,44.102528438629875,0.1950124256349392,0
1596160109.5079474,45.90385709768749,0.1950124256349392,0
1596160109.5179474,47.70273958212353,0.1950124256349392,0
1596160109.5279474,49.50393949514843,0.1950124256349392,0
1596160109.5379474,51.304281101288566,0.1950124256349392,0
1596160109.5479474,53.10221944815136,0.1950124256349392,0
1596160109.5579474,54.90264688497997,0.1950124256349392,0
1596160109.5679474,56.704361782135734,0.1950124256349392,0
1596160109.5779474,58.50543294912792,0.1950124256349392,0
1596160109.5879474,60.30242715841747,0.1950124256349392,0
1596160109.5979474,62.10448537832714,0.1950124256349392,0
1596160109.6079473,63.90349660879589,0.1950124256349392,0
1596160109.6179473,65.70431028372265,0.1950124256349392,0
1596160109.6279473,67.50250612265087,0.1950124256349392,0
1596160109.6379473,69.30550848013378,0.1950124256349392,0
1596160109.6479473,71.10533510214306,0.1950124256349392,0
1596160109.6579473,72.9040030098579,0.1950124256349392,0
1596160109.6679473,74.70533166891552,0.1950124256349392,0
1596160109.6779473,76.50305543905712,0.1950124256349392,0
1596160109.6879473,78.30275331503368,0.1950124256349392,0
1596160109.6979473,80.10481153494335,0.1950124256349392,0
1596160109.7079473,81.90390859610058,0.1950124256349392,0
1596160109.7179472,83.70352064138866,0.1950124256349392,0
1596160109.7279472,85.50253187185741,0.1950124256349392,0
1596160109.7379472,87.30283056265331,0.1950124256349392,0
1596160109.7479472,89.10437379843212,0.1950124256349392,0
1596160109.7579472,90.90222631460645,0.1950124256349392,0
1596160109.7679472,92.70445619589307,0.1950124256349392,0
1596160109.7779472,94.50462614065626,0.1950124256349392,0
1596160109.7879472,96.30423818594434,0.1950124256349392,0
1596160109.7979472,98.10337816244581,0.1950124256349392,0
1596160109.8079472,99.9029902077339,0.1950124256349392,0
1596160109.8179471,101.70380388266065,0.1950124256349392,0
1596160109.8279471,103.50384508139112,0.1950124256349392,0
1596160109.8379471,105.3051308251045,0.1950124256349392,0
1596160109.8479471,107.10388456350782,0.1950124256349392,0
1596160109.857947,108.90293870932081,0.1950124256349392,0
1596160109.867947,110.70473943716505,0.1950124256349392,0
1596160109.877947,112.50456605917432,0.1950124256349392,0
1596160109.887947,114.30289064413526,0.1950124256349392,0
1596160109.897947,116.10460554129102,0.1950124256349392,0
1596160109.907947,117.90520463949659,0.1950124256349392,0
1596160109.917947,119.70391546255567,0.1950124256349392,0
1596160109.927947,121.50232587820508,0.1950124256349392,0
1596160109.937947,123.30271039968946,0.1950124256349392,0
1596160109.947947,125.10335241323926,0.1950124256349392,0
1596160109.957947,126.90339361196973,0.1950124256349392,0
1596160109.967947,128.7021902657173,0.1950124256349392,0
1596160109.977947,130.50446306234815,0.1950124256349392,0
1596160109.987947,132.3045900917671,0.1950124256349392,0
1596160109.997947,134.103086338105,0.1950124256349392,0
1596160110.007947,135.90308462149122,0.1950124256349392,0
1596160110.017947,137.70338331228712,0.1950124256349392,0
1596160110.027947,139.50316701895215,0.1950124256349392,0
1596160110.037947,141.3039806938789,0.1950124256349392,0
1596160110.047947,143.10457979208448,0.1950124256349392,0
1596160110.057947,144.90264688498,0.1950124256349392,0
1596160110.067947,146.70358930593946,0.1950124256349392,0
1596160110.077947,148.50307260519483,0.1950124256349392,0
1596160110.087947,150.30474458700635,0.1950124256349392,0
1596160110.097947,152.10238252645948,0.1950124256349392,0
1596160110.1079469,153.90388284689405,0.1950124256349392,0
1596160110.1179469,155.70216451651075,0.1950124256349392,0
1596160110.1279469,157.50366483694532,0.1950124256349392,0
1596160110.1379468,159.3043926811836,0.1950124256349392,0
1596160110.1479468,161.10456262594678,0.1950124256349392,0
1596160110.1579468,162.90284429556348,0.1950124256349392,0
1596160110.1679468,164.702713832917,0.1950124256349392,0
1596160110.1779468,166.5042570686958,0.1950124256349392,0
1596160110.1879468,168.30245290762403,0.1950124256349392,0
1596160110.1979468,170.10515485769727,0.1950124256349392,0
1596160110.2079468,171.90463815695264,0.1950124256349392,0
1596160110.2179468,173.70334898001173,0.1950124256349392,0
1596160110.2279468,175.5044201470039,0.1950124256349392,0
1596160110.2379467,177.30489049917676,0.1950124256349392,0
1596160110.2479467,179.10437379843214,0.1950124256349392,0
1596160110.2579467,180.90244089132764,0.1950124256349392,0
1596160110.2679467,182.7041557884834,0.1950124256349392,0
1596160110.2779467,184.5035532570503,0.1950124256349392,0
1596160110.2879467,186.302736148896,0.1950124256349392,0
1596160110.2979467,188.1030348396919,0.1950124256349392,0
1596160110.3079467,189.90522180563428,0.1950124256349392,0
1596160110.3179467,191.7038467980049,0.1950124256349392,0
1596160110.3279467,193.50423131948926,0.1950124256349392,0
1596160110.3379467,195.30298505789258,0.1950124256349392,0
1596160110.3479466,197.10289751059034,0.1950124256349392,0
1596160110.3579466,198.90444074636915,0.1950124256349392,0
1596160110.3679466,200.703108654084,0.1950124256349392,0
1596160110.3779466,202.50516687399366,0.1950124256349392,0
1596160110.3879466,204.3038347817085,0.1950124256349392,0
1596160110.3979466,206.10430513388135,0.1950124256349392,0
1596160110.4079466,207.90490423208692,0.1950124256349392,0
1596160110.4179466,209.70344339376905,0.1950124256349392,0
1596160110.4279466,211.50288377768018,0.1950124256349392,0
1596160110.4379466,213.30245290762403,0.1950124256349392,0
1596160110.4479465,215.10343824392774,0.1950124256349392,0
1596160110.4579465,216.90541063314893,0.1950124256349392,0
1596160110.4679465,218.70334898001173,0.1950124256349392,0
1596160110.4779465,220.5026177025459,0.1950124256349392,0
1596160110.4879465,222.3027018166206,0.1950124256349392,0
1596160110.4906304,222.78515611654737,0.1950124256349392,0
1596160110.4906304,360.0,0.9573171138763428,0
1596160110.4907734,360,0.9573171138763428,1
1596160110.4907734,0,0,0
1596160110.5007734,1.8027877807617188,0,0
1596160110.5082145,3.1393861770629883,0,0
1596160110.5082145,35.81687815043382,0.1815416220742824,0
1596160110.5107734,36.279505561322495,0.1815416220742824,0
1596160110.5207734,38.07980425211839,0.1815416220742824,0
1596160110.5307734,39.87980253550462,0.1815416220742824,0
1596160110.5407734,41.6787279352849,0.1815416220742824,0
1596160110.5507734,43.47924120280199,0.1815416220742824,0
1596160110.5607734,45.2805698618596,0.1815416220742824,0
1596160110.5707734,47.080611060590066,0.1815416220742824,0
1596160110.5807734,48.87833483073167,0.1815416220742824,0
1596160110.5907733,50.68043596598557,0.1815416220742824,0
1596160110.6007733,52.47747309061936,0.1815416220742824,0
1596160110.6107733,54.278158019513405,0.1815416220742824,0
1596160110.6207733,56.0781133875554,0.1815416220742824,0
1596160110.6307733,57.88025743815354,0.1815416220742824,0
1596160110.6407733,59.68081362101487,0.1815416220742824,0
1596160110.6507733,61.47956735941819,0.1815416220742824,0
1596160110.6607733,63.280252288312234,0.1815416220742824,0
1596160110.6707733,65.07810480448654,0.1815416220742824,0
1596160110.6807733,66.8780172571843,0.1815416220742824,0
1596160110.6907732,68.67780096384934,0.1815416220742824,0
1596160110.7007732,70.47981626841477,0.1815416220742824,0
1596160110.7107732,72.27882749888352,0.1815416220742824,0
1596160110.7207732,74.07822496745041,0.1815416220742824,0
1596160110.7307732,75.87749368998459,0.1815416220742824,0
1596160110.7407732,77.68079645487717,0.1815416220742824,0
1596160110.7507732,79.4787777170842,0.1815416220742824,0
1596160110.7607732,81.27959139201096,0.1815416220742824,0
1596160110.7707732,83.07984716746262,0.1815416220742824,0
1596160110.7807732,84.87933046671799,0.1815416220742824,0
1596160110.7907732,86.67847044321945,0.1815416220742824,0
1596160110.8007731,88.47761041972092,0.1815416220742824,0
1596160110.8107731,90.27971155497482,0.1815416220742824,0
1596160110.8207731,92.07850820872238,0.1815416220742824,0
1596160110.830773,93.878935645551,0.1815416220742824,0
1596160110.840773,95.68035013529709,0.1815416220742824,0
1596160110.850773,97.4789751276677,0.1815416220742824,0
1596160110.860773,99.27742845866135,0.1815416220742824,0
1596160110.870773,101.07867128703049,0.1815416220742824,0
1596160110.880773,102.87978536936691,0.1815416220742824,0
1596160110.890773,104.68004114481857,0.1815416220742824,0
1596160110.900773,106.47763616892746,0.1815416220742824,0
1596160110.910773,108.28003771159104,0.1815416220742824,0
1596160110.920773,110.07789022776535,0.1815416220742824,0
1596160110.930773,111.87827474924973,0.1815416220742824,0
1596160110.940773,113.67943174693039,0.1815416220742824,0
1596160110.950773,115.47977335307053,0.1815416220742824,0
1596160110.960773,117.27826959940842,0.1815416220742824,0
1596160110.970773,119.08002741190842,0.1815416220742824,0
1596160110.980773,120.87766535136154,0.1815416220742824,0
1596160110.990773,122.67989523264816,0.1815416220742824,0
1596160111.000773,124.4791210398381,0.1815416220742824,0
1596160111.010773,126.27830393168381,0.1815416220742824,0
1596160111.020773,128.07838804575852,0.1815416220742824,0
1596160111.030773,129.8796737894719,0.1815416220742824,0
1596160111.040773,131.67911417338303,0.1815416220742824,0
1596160111.050773,133.4788120493596,0.1815416220742824,0
1596160111.060773,135.27816660258225,0.1815416220742824,0
1596160111.070773,137.07812197062424,0.1815416220742824,0
1596160111.0807729,138.87743360850266,0.1815416220742824,0
1596160111.0907729,140.67794687601975,0.1815416220742824,0
1596160111.1007729,142.47850305888107,0.1815416220742824,0
1596160111.1107728,144.27777178141525,0.1815416220742824,0
1596160111.1207728,146.08034498545578,0.1815416220742824,0
1596160111.1307728,147.8802145228093,0.1815416220742824,0
1596160111.1407728,149.68068487498215,0.1815416220742824,0
1596160111.1507728,151.48068315836838,0.1815416220742824,0
1596160111.1607728,153.2774198755925,0.1815416220742824,0
1596160111.1707728,155.07913477274826,0.1815416220742824,0
1596160111.1807728,156.8791330561345,0.1815416220742824,0
1596160111.1907728,158.67930300089768,0.1815416220742824,0
1596160111.2007728,160.47921545359543,0.1815416220742824,0
1596160111.2107728,162.2790420756047,0.1815416220742824,0
1596160111.2207727,164.07891161295822,0.1815416220742824,0
1596160111.2307727,165.87916738840988,0.1815416220742824,0
1596160111.2407727,167.67839319559982,0.1815416220742824,0
1596160111.2507727,169.47864897105148,0.1815416220742824,0
1596160111.2607727,171.27778894755295,0.1815416220742824,0
1596160111.2707727,173.07778723093918,0.1815416220742824,0
1596160111.2807727,174.879330466718,0.1815416220742824,0
1596160111.2907727,176.67748339030197,0.1815416220742824,0
1596160111.3007727,178.4773529276555,0.1815416220742824,0
1596160111.3107727,180.28052694651538,0.1815416220742824,0
1596160111.3207726,182.07992441508227,0.1815416220742824,0
1596160111.3307726,183.87794859263354,0.1815416220742824,0
1596160111.3407726,185.6780756220525,0.1815416220742824,0
1596160111.3507726,187.47854597422534,0.1815416220742824,0
1596160111.3607726,189.2802608713811,0.1815416220742824,0
1596160111.3707726,191.0797870859807,0.1815416220742824,0
1596160111.3807726,192.8803003534978,0.1815416220742824,0
1596160111.3907726,194.68021280619556,0.1815416220742824,0
1596160111.4007726,196.47896654459888,0.1815416220742824,0
1596160111.4107726,198.28003771159106,0.1815416220742824,0
1596160111.4207726,200.0805938944524,0.1815416220742824,0
1596160111.4307725,201.8797767862981,0.1815416220742824,0
1596160111.4407725,203.67891676279956,0.1815416220742824,0
1596160111.4507725,205.47985918375903,0.1815416220742824,0
1596160111.4607725,207.28032953593188,0.1815416220742824,0
1596160111.4707725,209.077967475385,0.1815416220742824,0
1596160111.4807725,210.88058359476977,0.1815416220742824,0
1596160111.4907725,212.67959482523852,0.1815416220742824,0
1596160111.5007725,214.47869188639575,0.1815416220742824,0
1596160111.5107725,216.27864725443774,0.1815416220742824,0
1596160111.5207725,218.0777872309392,0.1815416220742824,0
1596160111.5307724,219.87744219157153,0.1815416220742824,0
1596160111.5407724,221.6776979670232,0.1815416220742824,0
1596160111.5507724,223.47906954142505,0.1815416220742824,0
1596160111.5607724,225.279196570844,0.1815416220742824,0
1596160111.5645864,225.9638250574773,0.1815416220742824,0
1596160111.5645864,360.0,0.9261870384216307,0
1596160111.5646777,360,0.9261870384216307,1
1596160111.5646777,0,0,0
1596160111.5746777,1.801457405090332,0,0
1596160111.5846777,3.600125312805176,0,0
1596160111.5946777,5.40128231048584,0,0
1596160111.5947068,5.405230522155762,0,0
1596160111.5947068,60.79368001747082,0.3077136083073059,0
1596160111.60357,62.389057939528925,0.3077136083073059,0
1596160111.60357,360.0,1.9611077308654785,0
1596160111.6036422,360,1.9611077308654785,1
1596160111.6036422,0,0,0
1596160111.6136422,1.8005561828613281,0,0
1596160111.6187046,2.7112197875976562,0,0
1596160111.6187046,31.097124519094987,0.15769947073054072,0
1596160111.6236422,31.98817581151442,0.15769947073054072,0
1596160111.6300824,33.14513057683424,0.15769947073054072,0
1596160111.6300824,360.0,1.973559856414795,0
1596160111.6301541,360,1.973559856414795,1
1596160111.6301541,0,0,0
1596160111.6401541,1.802530288696289,0,0
1596160111.6439545,2.4840688705444336,0,0
1596160111.6439545,28.593199895392818,0.14505072791582435,0
1596160111.650154,29.71054379798071,0.14505072791582435,0
1596160111.660154,31.51230161048071,0.14505072791582435,0
1596160111.670154,33.31075494147436,0.14505072791582435,0
1596160111.680154,35.11023824072973,0.14505072791582435,0
1596160111.690154,36.9106227622141,0.14505072791582435,0
1596160111.700154,38.7123805747141,0.14505072791582435,0
1596160111.710154,40.509117291938225,0.14505072791582435,0
1596160111.720154,42.3095018134226,0.14505072791582435,0
1596160111.730154,44.11220376349584,0.14505072791582435,0
1596160111.740154,45.91104333258764,0.14505072791582435,0
1596160111.750154,47.710397885810295,0.14505072791582435,0
1596160111.760154,49.51061074591772,0.14505072791582435,0
1596160111.770154,51.3093215689768,0.14505072791582435,0
1596160111.780154,53.109920667182365,0.14505072791582435,0
1596160111.790154,54.91099183417455,0.14505072791582435,0
1596160111.800154,56.70914475775854,0.14505072791582435,0
1596160111.800327,56.74025838233129,0.14505072791582435,0
1596160111.800327,360.0,1.829827070236206,0
1596160111.8004007,360,1.829827070236206,1
1596160111.8004007,0,0,0
1596160111.8104007,1.802358627319336,0,0
1596160111.8142016,2.48415470123291,0,0
1596160111.8142016,28.594146022210783,0.14505550733876596,0
1596160111.8204007,29.711232432733244,0.14505550733876596,0
1596160111.8304007,31.5126040071351,0.14505550733876596,0
1596160111.8404007,33.31011320055551,0.14505550733876596,0
1596160111.8504007,35.11122728289194,0.14505550733876596,0
1596160111.8604007,36.91062475145883,0.14505550733876596,0
1596160111.8704007,38.71276880205698,0.14505550733876596,0
1596160111.8804007,40.510878810296724,0.14505550733876596,0
1596160111.8904006,42.31053377092905,0.14505550733876596,0
1596160111.9004006,44.11177659929819,0.14505550733876596,0
1596160111.9104006,45.91156030596322,0.14505550733876596,0
1596160111.9204006,47.71233106554574,0.14505550733876596,0
1596160111.9304006,49.51262975634164,0.14505550733876596,0
1596160111.9404006,51.311512240777674,0.14505550733876596,0
1596160111.9504006,53.11284089983529,0.14505550733876596,0
1596160111.9604006,54.9103500932557,0.14505550733876596,0
1596160111.9704006,56.71283746660775,0.14505550733876596,0
1596160111.9804006,58.51146245897836,0.14505550733876596,0
1596160111.9805632,58.539228686700525,0.14505550733876596,0
1596160111.9805632,360.0,1.81983757019043,0
1596160111.9806404,360,1.81983757019043,1
1596160111.9806404,0,0,0
1596160111.9906404,1.8018865585327148,0,0
1596160111.9956932,2.709503173828125,0,0
1596160111.9956932,31.07820198273602,0.15760388227171052,0
1596160112.0006404,31.9710986349577,0.15760388227171052,0
1596160112.0106404,33.77161190247479,0.15760388227171052,0
1596160112.0206404,35.57079479432049,0.15760388227171052,0
1596160112.0306404,37.37010643219891,0.15760388227171052,0
1596160112.0406404,39.16886017060223,0.15760388227171052,0
1596160112.0506403,40.96993133759442,0.15760388227171052,0
1596160112.0606403,42.76868507599774,0.15760388227171052,0
1596160112.0706403,44.57142994141522,0.15760388227171052,0
1596160112.0806403,46.370784494637874,0.15760388227171052,0
1596160112.0906403,48.169795725106624,0.15760388227171052,0
1596160112.097068,49.32567760682049,0.15760388227171052,0
1596160112.097068,360.0,1.8835723400115967,0
1596160112.0971458,360,1.8835723400115967,1
1596160112.0971458,0,0,0
1596160112.1071458,1.8013715744018555,0,0
1596160112.110947,2.4841976165771484,0,0
1596160112.110947,28.594619085619758,0.14505789705023672,0
1596160112.1171458,29.712005903551887,0.14505789705023672,0
1596160112.118567,29.966236402819465,0.14505789705023672,0
1596160112.118567,331.5339799260023,1.820434249956808,0
1596160112.1271458,333.0784602497938,1.820434249956808,0
1596160112.1371458,334.8784156178358,1.820434249956808,0
1596160112.1471457,336.6809888218763,1.820434249956808,0
1596160112.1571457,338.4808154438856,1.820434249956808,0
1596160112.1671457,340.27914002884654,1.820434249956808,0
1596160112.1771457,342.07888082016734,1.820434249956808,0
1596160112.1871457,343.88085320938853,1.820434249956808,0
1596160112.1971457,345.6808085774305,1.820434249956808,0
1596160112.2071457,347.4811072682264,1.820434249956808,0
1596160112.2171457,349.2787022923353,1.820434249956808,0
1596160112.2271457,351.07951596726207,1.820434249956808,0
1596160112.2371457,352.8799863194349,1.820434249956808,0
1596160112.2471457,354.6812720631483,1.820434249956808,0
1596160112.2571456,356.4805837010267,1.820434249956808,0
1596160112.2671456,358.2781787251356,1.820434249956808,0
1596160112.2767282,360,1.820434249956808,1
1596160112.2767282,0,0,0
1596160112.2867281,1.8020153045654297,0,0
1596160112.2911925,2.603588104248047,0,0
1596160112.2911925,29.910681489386874,0.15170607436188238,0
1596160112.2967281,30.907733682074863,0.15170607436188238,0
1596160112.2988057,31.28105426160367,0.15170607436188238,0
1596160112.2988057,346.0274490917981,1.9002971567518514,0
1596160112.3067281,347.4539980496228,1.9002971567518514,0
1596160112.316728,349.25571294677854,1.9002971567518514,0
1596160112.326728,351.05378003967405,1.9002971567518514,0
1596160112.336728,352.8538212384045,1.9002971567518514,0
1596160112.346728,354.6562227810681,1.9002971567518514,0
1596160112.356728,356.4566502178967,1.9002971567518514,0
1596160112.366728,358.2568201626599,1.9002971567518514,0
1596160112.376438,360,1.9002971567518514,1
1596160112.376438,0,0,0
1596160112.386438,1.8024444580078125,0,0
1596160112.3901904,2.475442886352539,0,0
1596160112.3901904,28.49811415018895,0.1445703959102023,0
1596160112.396438,29.625114005230454,0.1445703959102023,0
1596160112.3978117,29.86994604410985,0.1445703959102023,0
1596160112.3978117,330.47255431819104,1.8145848863217646,0
1596160112.4064379,332.02544604945325,1.8145848863217646,0
1596160112.4164379,333.8281479995265,1.8145848863217646,0
1596160112.4264379,335.6269875686183,1.8145848863217646,0
1596160112.4364378,337.4272862594142,1.8145848863217646,0
1596160112.4464378,339.2252675216212,1.8145848863217646,0
1596160112.4564378,341.0256520431056,1.8145848863217646,0
1596160112.4664378,342.82835399317884,1.8145848863217646,0
1596160112.4764378,344.6281376998439,1.8145848863217646,0
1596160112.4864378,346.42774974513196,1.8145848863217646,0
1596160112.4964378,348.2255164306178,1.8145848863217646,0
1596160112.5064378,350.0273600738063,1.8145848863217646,0
1596160112.5164378,351.8254271667018,1.8145848863217646,0
1596160112.5264378,353.6280862014308,1.8145848863217646,0
1596160112.5364377,355.42589580226087,1.8145848863217646,0
1596160112.5464377,357.2267953078761,1.8145848863217646,0
1596160112.5564377,359.02748023677015,1.8145848863217646,0
1596160112.5618718,360,1.8145848863217646,1
1596160112.5618718,0,0,0
1596160112.5718718,1.801285743713379,0,0
1596160112.5754356,2.4414968490600586,0,0
1596160112.5754356,28.12392099369011,0.14268013413683361,0
1596160112.5818717,29.28572519290886,0.14268013413683361,0
1596160112.583063,29.496825771216965,0.14268013413683361,0
1596160112.583063,326.3595837388997,1.7919176784017377,0
1596160112.5918717,327.94762313709305,1.7919176784017377,0
1596160112.6018717,329.7467631135945,1.7919176784017377,0
1596160112.6118717,331.5471905504231,1.7919176784017377,0
1596160112.6218717,333.3462017808919,1.7919176784017377,0
1596160112.6318717,335.1481312547688,1.7919176784017377,0
1596160112.6418717,336.9465845857625,1.7919176784017377,0
1596160112.6518717,338.74705493793533,1.7919176784017377,0
1596160112.6618717,340.548211935616,1.7919176784017377,0
1596160112.6718717,342.34542072162674,1.7919176784017377,0
1596160112.6818717,344.14739311084793,1.7919176784017377,0
1596160112.6918716,345.9455460344319,1.7919176784017377,0
1596160112.7018716,347.7456301485066,1.7919176784017377,0
1596160112.7118716,349.5457142625813,1.7919176784017377,0
1596160112.7218716,351.34738624439285,1.7919176784017377,0
1596160112.7318716,353.1468695436482,1.7919176784017377,0
1596160112.7418716,354.94832694873855,1.7919176784017377,0
1596160112.7518716,356.7452353273396,1.7919176784017377,0
1596160112.7618716,358.54669273242996,1.7919176784017377,0
1596160112.7699702,360,1.7919176784017377,1
1596160112.7699702,0,0,0
1596160112.7799702,1.8024015426635742,0,0
1596160112.7831728,2.3764801025390625,0,0
1596160112.7831728,27.40722992909369,0.1390597212586368,0
1596160112.7899702,28.633578806046813,0.1390597212586368,0
1596160112.7999701,30.432075052384704,0.1390597212586368,0
1596160112.8099701,32.23271706593451,0.1390597212586368,0
1596160112.8183045,33.730934648637145,0.1390597212586368,0
1596160112.8183045,360.0,1.9516656398773193,0
1596160112.8183782,360,1.9516656398773193,1
1596160112.8183782,0,0,0
1596160112.8283782,1.8002557754516602,0,0
1596160112.834684,2.935023307800293,0,0
1596160112.834684,33.56415019689714,0.17016181605053804,0
1596160112.8383782,34.23045383154069,0.17016181605053804,0
1596160112.8435514,35.16030059515153,0.17016181605053804,0
1596160112.8435514,360.0,1.9748268127441406,0
1596160112.8436232,360,1.9748268127441406,1
1596160112.8436232,0,0,0
1596160112.8536232,1.801457405090332,0,0
1596160112.8574283,2.484927177429199,0,0
1596160112.8574283,28.602661163572318,0.14509852214523955,0
1596160112.8636231,29.719275505308158,0.14509852214523955,0
1596160112.8736231,31.519617111448294,0.14509852214523955,0
1596160112.8836231,33.31952956414605,0.14509852214523955,0
1596160112.8838065,33.35072901940728,0.14509852214523955,0
1596160112.8838065,360.0,1.9598166942596436,0
1596160112.8838813,360,1.9598166942596436,1
1596160112.8838813,0,0,0
1596160112.8938813,1.800985336303711,0,0
1596160112.9001803,2.933821678161621,0,0
1596160112.9001803,33.55090442144586,0.17009490412935688,0
1596160112.9038813,34.21802344762994,0.17009490412935688,0
1596160112.9138813,36.019609598752986,0.17009490412935688,0
1596160112.9238813,37.81754794561578,0.17009490412935688,0
1596160112.9338813,39.61952033483697,0.17009490412935688,0
1596160112.9438813,41.417930750486384,0.17009490412935688,0
1596160112.9538813,43.21951690160943,0.17009490412935688,0
1596160112.9638813,45.01900020086481,0.17009490412935688,0
1596160112.9738812,46.82028594457819,0.17009490412935688,0
1596160112.9838812,48.618610529539126,0.17009490412935688,0
1596160112.9938812,50.41848006689264,0.17009490412935688,0
1596160113.0038812,52.21869292700006,0.17009490412935688,0
1596160113.0138812,54.01972117864801,0.17009490412935688,0
1596160113.0238812,55.81748786413385,0.17009490412935688,0
1596160113.0338812,57.61937442266657,0.17009490412935688,0
1596160113.0365524,58.0978805109234,0.17009490412935688,0
1596160113.0365524,360.0,1.8473289012908936,0
1596160113.036626,360,1.8473289012908936,1
1596160113.036626,0,0,0
1596160113.046626,1.8002128601074219,0,0
1596160113.0529215,2.933177947998047,0,0
1596160113.0529215,33.54380847031122,0.1700590584572954,0
1596160113.056626,34.21075583511835,0.1700590584572954,0
1596160113.0618012,35.14214755112177,0.1700590584572954,0
1596160113.0618012,360.0,1.9748249053955078,0
1596160113.061873,360,1.9748249053955078,1
1596160113.061873,0,0,0
1596160113.071873,1.8033885955810547,0,0
1596160113.0756726,2.4839401245117188,0,0
1596160113.0756726,28.59178070516591,0.14504355878141217,0
1596160113.081873,29.708566708278703,0.14504355878141217,0
1596160113.091873,31.509208721828507,0.14504355878141217,0
1596160113.101873,33.308305782985734,0.14504355878141217,0
1596160113.103297,33.56416706533437,0.14504355878141217,0
1596160113.103297,360.0,1.958575963973999,0
1596160113.1033833,360,1.958575963973999,1
1596160113.1033833,0,0,0
1596160113.1133833,1.8002128601074219,0,0
1596160113.1184142,2.705554962158203,0,0
1596160113.1184142,31.034680149110343,0.1573840288164008,0
1596160113.1233833,31.930580875428703,0.1573840288164008,0
1596160113.124806,32.185197612794425,0.1573840288164008,0
1596160113.124806,355.9939807253584,1.9563217127750896,0
1596160113.1333833,357.53816064174026,1.9563217127750896,0
1596160113.1433833,359.3405192690596,1.9563217127750896,0
1596160113.14707,360,1.9563217127750896,1
1596160113.14707,0,0,0
1596160113.15707,1.8020153045654297,0,0
1596160113.16707,3.602914810180664,0,0
1596160113.17707,5.400810241699219,0,0
1596160113.18707,7.201881408691406,0,0
1596160113.19707,9.00303840637207,0,0
1596160113.2070699,10.800633430480957,0,0
1596160113.2170699,12.600460052490234,0,0
1596160113.2224278,13.564424514770508,0,0
1596160113.2224278,150.73391452193457,0.7620527222620225,0
1596160113.2270699,151.5714932954331,0.7620527222620225,0
1596160113.2300367,152.10351481795507,0.7620527222620225,0
1596160113.2300367,360.0,1.9170331954956055,0
1596160113.23011,360,1.9170331954956055,1
1596160113.23011,0,0,0
1596160113.24011,1.8004703521728516,0,0
1596160113.25011,3.601369857788086,0,0
1596160113.26011,5.403170585632324,0,0
1596160113.27011,7.202825546264648,0,0
1596160113.28011,9.002652168273926,0,0
1596160113.2901099,10.801491737365723,0,0
1596160113.3001099,12.60204792022705,0,0
1596160113.3101099,14.400415420532227,0,0
1596160113.3201098,16.201958656311035,0,0
1596160113.3301098,18.00161361694336,0,0
1596160113.3401098,19.802298545837402,0,0
1596160113.3414183,20.035500526428223,0,0
1596160113.3414183,222.0657267709762,1.1223901458030443,0
1596160113.3477943,223.21341182194055,1.1223901458030443,0
1596160113.3477943,360.0,1.8823156356811523,0
1596160113.347866,360,1.8823156356811523,1
1596160113.347866,0,0,0
1596160113.357866,1.8005132675170898,0,0
1596160113.367866,3.601670265197754,0,0
1596160113.377866,5.402612686157227,0,0
1596160113.387866,7.201108932495117,0,0
1596160113.3904195,7.659616470336914,0,0
1596160113.3904195,85.64417395431157,0.43324754157763695,0
1596160113.397866,86.98738131362553,0.43324754157763695,0
1596160113.3980367,87.01527628738042,0.43324754157763695,0
1596160113.3980367,360.0,1.949829339981079,0
1596160113.3981087,360,1.949829339981079,1
1596160113.3981087,0,0,0
1596160113.4081087,1.8010282516479492,0,0
1596160113.4181087,3.601541519165039,0,0
1596160113.4281087,5.400295257568359,0,0
1596160113.4381087,7.200593948364258,0,0
1596160113.4481087,9.000248908996582,0,0
1596160113.4494083,9.233922958374023,0,0
1596160113.4494083,102.99803204913314,0.520911717170884,0
1596160113.4557993,104.14842076678451,0.520911717170884,0
1596160113.4557993,360.0,1.9423093795776367,0
1596160113.4558716,360,1.9423093795776367,1
1596160113.4558716,0,0,0
1596160113.4658716,1.8014144897460938,0,0
1596160113.4758716,3.6007261276245117,0,0
1596160113.4858716,5.400938987731934,0,0
1596160113.4958715,7.202053070068359,0,0
1596160113.5058715,9.002695083618164,0,0
1596160113.5158715,10.80080509185791,0,0
1596160113.5258715,12.600545883178711,0,0
1596160113.5358715,14.400672912597656,0,0
1596160113.5458715,16.20110034942627,0,0
1596160113.5558715,18.00238609313965,0,0
1596160113.5658715,19.800968170166016,0,0
1596160113.5758715,21.60165309906006,0,0
1596160113.5771596,21.8318510055542,0,0
1596160113.5771596,241.86721494383204,1.222418688545988,0
1596160113.583531,243.01404168791163,1.222418688545988,0
1596160113.583531,360.0,1.8723406791687012,0
1596160113.583603,360,1.8723406791687012,1
1596160113.583603,0,0,0
1596160113.593603,1.8018007278442383,0,0
1596160113.603603,3.601670265197754,0,0
1596160113.6136029,5.401797294616699,0,0
1596160113.6236029,7.203426361083984,0,0
1596160113.6336029,9.001836776733398,0,0
1596160113.6436028,10.800504684448242,0,0
1596160113.6536028,12.60256290435791,0,0
1596160113.6636028,14.401617050170898,0,0
1596160113.6736028,16.201529502868652,0,0
1596160113.6836028,18.001399040222168,0,0
1596160113.6936028,19.803242683410645,0,0
1596160113.7036028,21.60186767578125,0,0
1596160113.7136028,23.400235176086426,0,0
1596160113.7236028,25.202336311340332,0,0
1596160113.7336028,27.000575065612793,0,0
1596160113.7436028,28.800230026245117,0,0
1596160113.7536027,30.6024169921875,0,0
1596160113.7599206,31.737184524536133,0,0
1596160113.7599206,351.055453432651,1.7739903828228605,0
1596160113.7636027,351.71948255404993,1.7739903828228605,0
1596160113.7675278,352.42475332126185,1.7739903828228605,0
1596160113.7675278,360.0,1.816075086593628,0
1596160113.7675998,360,1.816075086593628,1
1596160113.7675998,0,0,0
1596160113.7775998,1.8001699447631836,0,0
1596160113.7875998,3.601713180541992,0,0
1596160113.7975998,5.400681495666504,0,0
1596160113.8075998,7.201623916625977,0,0
1596160113.8175998,9.002437591552734,0,0
1596160113.8275998,10.8015775680542,0,0
1596160113.8375998,12.602434158325195,0,0
1596160113.8475997,14.401016235351562,0,0
1596160113.8575997,16.201186180114746,0,0
1596160113.8675997,18.00114154815674,0,0
1596160113.8775997,19.80234146118164,0,0
1596160113.8875997,21.600751876831055,0,0
1596160113.893913,22.736377716064453,0,0
1596160113.893913,251.837972414788,1.2727866372151309,0
1596160113.8975997,252.5026452663505,1.2727866372151309,0
1596160113.900276,252.98329712181925,1.2727866372151309,0
1596160113.900276,360.0,1.867323875427246,0
1596160113.9003472,360,1.867323875427246,1
1596160113.9003472,0,0,0
1596160113.9103472,1.8005561828613281,0,0
1596160113.9203472,3.600597381591797,0,0
1596160113.9303472,5.400981903076172,0,0
1596160113.9403472,7.200078964233398,0,0
1596160113.9503472,9.000678062438965,0,0
1596160113.9603472,10.800461769104004,0,0
1596160113.9703472,12.601532936096191,0,0
1596160113.9803472,14.400544166564941,0,0
1596160113.9841568,15.08573055267334,0,0
1596160113.9841568,167.50353930667254,0.8467656041888844,0
1596160113.9903471,168.62053988650652,0.8467656041888844,0
1596160113.9905365,168.65186808780047,0.8467656041888844,0
1596160113.9905365,360.0,1.9098107814788818,0
1596160113.990608,360,1.9098107814788818,1
1596160113.990608,0,0,0
1596160114.000608,1.8030023574829102,0,0
1596160114.010608,3.600468635559082,0,0
1596160114.020608,5.403084754943848,0,0
1596160114.030608,7.200808525085449,0,0
1596160114.040608,9.001665115356445,0,0
1596160114.050608,10.80132007598877,0,0
1596160114.060608,12.602519989013672,0,0
1596160114.070608,14.401788711547852,0,0
1596160114.080608,16.2007999420166,0,0
1596160114.090608,18.000712394714355,0,0
1596160114.1006079,19.802513122558594,0,0
1596160114.1056564,20.70871353149414,0,0
1596160114.1056564,229.4866724675596,1.1598775496448082,0
1596160114.1106079,230.38042742666605,1.1598775496448082,0
1596160114.113272,230.85747439321878,1.1598775496448082,0
1596160114.113272,360.0,1.877336025238037,0
1596160114.1133568,360,1.877336025238037,1
1596160114.1133568,0,0,0
1596160114.1233568,1.800084114074707,0,0
1596160114.1333568,3.6009836196899414,0,0
1596160114.1433568,5.40252685546875,0,0
1596160114.1533568,7.202696800231934,0,0
1596160114.1571603,7.884621620178223,0,0
1596160114.1571603,88.12444540756502,0.44577679881881555,0
1596160114.1633568,89.24264761703768,0.44577679881881555,0
1596160114.1647785,89.49571940201082,0.44577679881881555,0
1596160114.1647785,360.0,1.9485783576965332,0
1596160114.1648505,360,1.9485783576965332,1
1596160114.1648505,0,0,0
1596160114.1748505,1.8015861511230469,0,0
1596160114.1848505,3.601841926574707,0,0
1596160114.1948504,5.4029130935668945,0,0
1596160114.2048504,7.203125953674316,0,0
1596160114.2148504,9.00179386138916,0,0
1596160114.2248504,10.801019668579102,0,0
1596160114.2348504,12.601962089538574,0,0
1596160114.2448504,14.401788711547852,0,0
1596160114.2548504,16.2013578414917,0,0
1596160114.2648504,18.00131320953369,0,0
1596160114.2748504,19.80161190032959,0,0
1596160114.2848504,21.600794792175293,0,0
1596160114.2948503,23.401436805725098,0,0
1596160114.3048503,25.20315170288086,0,0
1596160114.3148503,27.002077102661133,0,0
1596160114.3198974,27.908449172973633,0,0
1596160114.3198974,308.85062833757974,1.5607898842478116,0
1596160114.3248503,309.7431816670475,1.5607898842478116,0
1596160114.326268,309.9973263356266,1.5607898842478116,0
1596160114.326268,360.0,1.8385825157165527,0
1596160114.3263397,360,1.8385825157165527,1
1596160114.3263397,0,0,0
1596160114.3363397,1.8015861511230469,0,0
1596160114.3463397,3.6017990112304688,0,0
1596160114.3563397,5.401883125305176,0,0
1596160114.3626451,6.534976959228516,0,0
1596160114.3626451,73.24707425872519,0.3706227627749816,0
1596160114.3663397,73.9132062319918,0.3706227627749816,0
1596160114.3702676,74.61912072936728,0.3706227627749816,0
1596160114.3702676,360.0,1.9560720920562744,0
1596160114.3703392,360,1.9560720920562744,1
1596160114.3703392,0,0,0
1596160114.3803391,1.801285743713379,0,0
1596160114.3903391,3.599996566772461,0,0
1596160114.4003391,5.403428077697754,0,0
1596160114.410339,7.202954292297363,0,0
1596160114.420339,9.00179386138916,0,0
1596160114.430339,10.801835060119629,0,0
1596160114.440339,12.601532936096191,0,0
1596160114.450339,14.400200843811035,0,0
1596160114.460339,16.20230197906494,0,0
1596160114.470339,18.002986907958984,0,0
1596160114.4703972,18.010454177856445,0,0
1596160114.4703972,199.74328369169538,1.0096268306324385,0
1596160114.4780173,201.1149010088951,1.0096268306324385,0
1596160114.4780173,360.0,1.8923218250274658,0
1596160114.47809,360,1.8923218250274658,1
1596160114.47809,0,0,0
1596160114.48809,1.8032169342041016,0,0
1596160114.49809,3.603343963623047,0,0
1596160114.50809,5.401711463928223,0,0
1596160114.51809,7.203211784362793,0,0
1596160114.52809,9.001965522766113,0,0
1596160114.53809,10.802607536315918,0,0
1596160114.54809,12.602777481079102,0,0
1596160114.55809,14.40208911895752,0,0
1596160114.56809,16.20213031768799,0,0
1596160114.57809,18.001699447631836,0,0
1596160114.58809,19.80289936065674,0,0
1596160114.59809,21.600236892700195,0,0
1596160114.60809,23.402724266052246,0,0
1596160114.61809,25.203280448913574,0,0
1596160114.62809,27.00117588043213,0,0
1596160114.63809,28.80087375640869,0,0
1596160114.64809,30.601344108581543,0,0
1596160114.6556394,31.958885192871094,0,0
1596160114.6556394,353.49929900341334,1.7863356322807904,0
1596160114.6580899,353.94145579510035,1.7863356322807904,0
1596160114.6620147,354.646855308345,1.7863356322807904,0
1596160114.6620147,360.0,1.816075325012207,0
1596160114.6620865,360,1.816075325012207,1
1596160114.6620865,0,0,0
1596160114.6720865,1.800384521484375,0,0
1596160114.6820865,3.6016273498535156,0,0
1596160114.6920865,5.402827262878418,0,0
1596160114.7020864,7.200336456298828,0,0
1596160114.7120864,9.002695083618164,0,0
1596160114.7220864,10.80029010772705,0,0
1596160114.7320864,12.601146697998047,0,0
1596160114.7420864,14.402132034301758,0,0
1596160114.7520864,16.202945709228516,0,0
1596160114.7620864,18.001012802124023,0,0
1596160114.7720864,19.80135440826416,0,0
1596160114.7820864,21.60135269165039,0,0
1596160114.7920864,23.400192260742188,0,0
1596160114.8020864,25.20092010498047,0,0
1596160114.8120863,27.001733779907227,0,0
1596160114.8220863,28.80340576171875,0,0
1596160114.8320863,30.603017807006836,0,0
1596160114.8420863,32.40065574645996,0,0
1596160114.8520863,34.200439453125,0,0
1596160114.8620863,36.00142478942871,0,0
1596160114.8720863,37.80326843261719,0,0
1596160114.8820863,39.60202217102051,0,0
1596160114.8920863,41.40292167663574,0,0
1596160114.9020863,43.20231914520264,0,0
1596160114.9120862,45.00171661376953,0,0
1596160114.9208977,46.58602237701416,0,0
1596160114.9208977,360.0,1.7411887645721436,0
1596160114.9209747,360,1.7411887645721436,1
1596160114.9209747,0,0,0
1596160114.9309747,1.8029594421386719,0,0
1596160114.9409747,3.600125312805176,0,0
1596160114.9509747,5.403256416320801,0,0
1596160114.9609747,7.202353477478027,0,0
1596160114.9709747,9.001407623291016,0,0
1596160114.9809747,10.802435874938965,0,0
1596160114.9909747,12.600545883178711,0,0
1596160115.0009747,14.400544166564941,0,0
1596160115.0109746,16.20255947113037,0,0
1596160115.0209746,18.00208568572998,0,0
1596160115.0309746,19.801654815673828,0,0
1596160115.0409746,21.600193977355957,0,0
1596160115.0509746,23.40212345123291,0,0
1596160115.0609746,25.202937126159668,0,0
1596160115.0709746,27.000274658203125,0,0
1596160115.0809746,28.800358772277832,0,0
1596160115.0909746,30.603232383728027,0,0
1596160115.1009746,32.400784492492676,0,0
1596160115.1047661,33.082451820373535,0,0
1596160115.1047661,360.0,1.8162086009979248,0
1596160115.1048443,360,1.8162086009979248,1
1596160115.1048443,0,0,0
1596160115.1136408,1.5833616256713867,0,0
1596160115.1136408,18.66454506783549,0.09489546356757836,0
1596160115.1148443,18.88302708535258,0.09489546356757836,0
1596160115.1248443,20.68229580788676,0.09489546356757836,0
1596160115.1348443,22.482251175928752,0.09489546356757836,0
1596160115.1448443,24.282206543970744,0.09489546356757836,0
1596160115.1548443,26.081475266504924,0.09489546356757836,0
1596160115.1648443,27.8813018885142,0.09489546356757836,0
1596160115.1748443,29.683488854456584,0.09489546356757836,0
1596160115.1848443,31.483530053187053,0.09489546356757836,0
1596160115.1948442,33.283485421229045,0.09489546356757836,0
1596160115.2048442,35.08155251412455,0.09489546356757836,0
1596160115.2148442,36.88309574990336,0.09489546356757836,0
1596160115.2248442,38.68257904915873,0.09489546356757836,0
1596160115.2348442,40.48339272408549,0.09489546356757836,0
1596160115.2448442,42.28399182229106,0.09489546356757836,0
1596160115.2548442,44.08313179879252,0.09489546356757836,0
1596160115.2648442,45.881713875818896,0.09489546356757836,0
1596160115.2748442,47.6823558893687,0.09489546356757836,0
1596160115.2848442,49.48213959603374,0.09489546356757836,0
1596160115.2948442,51.282009133387255,0.09489546356757836,0
1596160115.3048441,53.082264908838916,0.09489546356757836,0
1596160115.310024,54.01352787880962,0.09489546356757836,0
1596160115.310024,360.0,1.7948203086853027,0
1596160115.3101647,360,1.7948203086853027,1
1596160115.3101647,0,0,0
1596160115.3163776,1.118330955505371,0,0
1596160115.3163776,13.538429968187527,0.06900055007045643,0
1596160115.3201647,14.220440618822293,0.06900055007045643,0
1596160115.3301647,16.022498838731963,0.06900055007045643,0
1596160115.3401647,17.821467153856474,0.06900055007045643,0
1596160115.3427598,18.28722738487454,0.06900055007045643,0
1596160115.3427598,202.79420357009167,1.094039306654996,0
1596160115.3501647,204.13011532088512,1.094039306654996,0
1596160115.350375,204.16491966506237,1.094039306654996,0
1596160115.350375,360.0,1.959789752960205,0
1596160115.3504467,360,1.959789752960205,1
1596160115.3504467,0,0,0
1596160115.3604467,1.8023157119750977,0,0
1596160115.3704467,3.600897789001465,0,0
1596160115.3717575,3.8359451293945312,0,0
1596160115.3717575,43.49517034149936,0.22032902895613796,0
1596160115.3781302,44.64225457764438,0.22032902895613796,0
1596160115.3781302,360.0,1.9723165035247803,0
1596160115.3782022,360,1.9723165035247803,1
1596160115.3782022,0,0,0
1596160115.3882022,1.8009424209594727,0,0
1596160115.3982022,3.600940704345703,0,0
1596160115.4082022,5.4029130935668945,0,0
1596160115.4182022,7.20029354095459,0,0
1596160115.4282022,9.001750946044922,0,0
1596160115.4382021,10.801920890808105,0,0
1596160115.4482021,12.601447105407715,0,0
1596160115.4582021,14.402990341186523,0,0
1596160115.468202,16.20110034942627,0,0
1596160115.478202,18.001999855041504,0,0
1596160115.488202,19.802212715148926,0,0
1596160115.498202,21.602683067321777,0,0
1596160115.5057528,22.959108352661133,0,0
1596160115.5057528,254.29317150736566,1.2851892397483584,0
1596160115.508202,254.7362724366259,1.2851892397483584,0
1596160115.5121224,255.43969784403558,1.2851892397483584,0
1596160115.5121224,360.0,1.8660798072814941,0
1596160115.5121953,360,1.8660798072814941,1
1596160115.5121953,0,0,0
1596160115.5221953,1.801457405090332,0,0
1596160115.5321953,3.601412773132324,0,0
1596160115.5421953,5.40252685546875,0,0
1596160115.5521953,7.2032976150512695,0,0
1596160115.5621953,9.001364707946777,0,0
1596160115.5721953,10.800676345825195,0,0
1596160115.5821953,12.600889205932617,0,0
1596160115.5921953,14.402217864990234,0,0
1596160115.6021953,16.203031539916992,0,0
1596160115.6047568,16.661067008972168,0,0
1596160115.6047568,184.86875092330948,0.9344871328574296,0
1596160115.6111226,186.0145906144716,0.9344871328574296,0
1596160115.6111226,360.0,1.9010727405548096,0
1596160115.6111941,360,1.9010727405548096,1
1596160115.6111941,0,0,0
1596160115.6211941,1.8021440505981445,0,0
1596160115.631194,3.6011552810668945,0,0
1596160115.641194,5.400896072387695,0,0
1596160115.651194,7.203254699707031,0,0
1596160115.661194,9.003252983093262,0,0
1596160115.671194,10.800719261169434,0,0
1596160115.6775074,11.93638801574707,0,0
1596160115.6775074,132.78778103907698,0.6713966279073884,0
1596160115.681194,133.45395592768782,0.6713966279073884,0
1596160115.6863847,134.38569096644514,0.6713966279073884,0
1596160115.6863847,360.0,1.924809455871582,0
1596160115.6864562,360,1.924809455871582,1
1596160115.6864562,0,0,0
1596160115.6964562,1.8010282516479492,0,0
1596160115.7064562,3.601498603820801,0,0
1596160115.7139907,4.956207275390625,0,0
1596160115.7139907,55.844017569370386,0.28271005718877645,0
1596160115.7164562,56.28943592721951,0.28271005718877645,0
1596160115.7216296,57.21902519876492,0.28271005718877645,0
1596160115.7216296,360.0,1.9648265838623047,0
1596160115.721701,360,1.9648265838623047,1
1596160115.721701,0,0,0
1596160115.731701,1.800384521484375,0,0
1596160115.738002,2.9342079162597656,0,0
1596160115.738002,33.555161992126614,0.1701164115325936,0
1596160115.741701,34.22335390191665,0.1701164115325936,0
1596160115.7517009,36.02172140222183,0.1701164115325936,0
1596160115.7617009,37.82103304010025,0.1701164115325936,0
1596160115.7717009,39.62214712243667,0.1701164115325936,0
1596160115.7817008,41.42167333703628,0.1701164115325936,0
1596160115.7917008,43.22175745111099,0.1701164115325936,0
1596160115.8017008,45.02141241174331,0.1701164115325936,0
1596160115.8117008,46.822354832702786,0.1701164115325936,0
1596160115.8217008,48.62342599969497,0.1701164115325936,0
1596160115.8317008,50.42333845239273,0.1701164115325936,0
1596160115.8417008,52.22119096856704,0.1701164115325936,0
1596160115.8517008,54.02157549005142,0.1701164115325936,0
1596160115.8617008,55.82247499566665,0.1701164115325936,0
1596160115.8717008,57.62208704095474,0.1701164115325936,0
1596160115.8817008,59.422686139160305,0.1701164115325936,0
1596160115.890617,61.02583173852554,0.1701164115325936,0
1596160115.890617,360.0,1.8310840129852295,0
1596160115.8906913,360,1.8310840129852295,1
1596160115.8906913,0,0,0
1596160115.9006913,1.800084114074707,0,0
1596160115.904505,2.4864721298217773,0,0
1596160115.904505,28.619691446295388,0.14518455175818673,0
1596160115.9106913,29.73428876685203,0.14518455175818673,0
1596160115.9206913,31.534458711615212,0.14518455175818673,0
1596160115.9306912,33.334242418280255,0.14518455175818673,0
1596160115.9406912,35.13604314612449,0.14518455175818673,0
1596160115.9506912,36.9346681384951,0.14518455175818673,0
1596160115.9606912,38.73410852240623,0.14518455175818673,0
1596160115.9706912,40.5335918216616,0.14518455175818673,0
1596160115.9806912,42.33637960242332,0.14518455175818673,0
1596160115.9906912,44.13569124030174,0.14518455175818673,0
1596160116.0006912,45.93418748663963,0.14518455175818673,0
1596160116.0106912,47.73543031500877,0.14518455175818673,0
1596160116.0206912,49.534527376166,0.14518455175818673,0
1596160116.0306911,51.33568437384666,0.14518455175818673,0
1596160116.0406911,53.13594014929832,0.14518455175818673,0
1596160116.0506911,54.934350564947735,0.14518455175818673,0
1596160116.060691,56.7334905414492,0.14518455175818673,0
1596160116.070691,58.53456170844139,0.14518455175818673,0
1596160116.080691,60.336405351629864,0.14518455175818673,0
1596160116.090691,62.135159090033184,0.14518455175818673,0
1596160116.100691,63.9350286273867,0.14518455175818673,0
1596160116.110691,65.73494108008445,0.14518455175818673,0
1596160116.113376,66.21645124243797,0.14518455175818673,0
1596160116.113376,360.0,1.777315378189087,0
1596160116.1134534,360,1.777315378189087,1
1596160116.1134534,0,0,0
1596160116.1234534,1.8029165267944336,0,0
1596160116.1334534,3.600940704345703,0,0
1596160116.1434534,5.40102481842041,0,0
1596160116.1534534,7.203254699707031,0,0
1596160116.1634533,9.001450538635254,0,0
1596160116.1734533,10.801877975463867,0,0
1596160116.1834533,12.601618766784668,0,0
1596160116.1934533,14.40157413482666,0,0
1596160116.2034533,16.203203201293945,0,0
1596160116.2134533,18.002257347106934,0,0
1596160116.2234533,19.802298545837402,0,0
1596160116.2334533,21.601996421813965,0,0
1596160116.2434533,23.401951789855957,0,0
1596160116.2484882,24.30626392364502,0,0
1596160116.2484882,269.1431049784851,1.3602046725268895,0
1596160116.2534533,270.0378040751648,1.3602046725268895,0
1596160116.254861,270.29023212997436,1.3602046725268895,0
1596160116.254861,360.0,1.8585922718048096,0
1596160116.2549338,360,1.8585922718048096,1
1596160116.2549338,0,0,0
1596160116.2649338,1.8013715744018555,0,0
1596160116.2749338,3.6027002334594727,0,0
1596160116.2849338,5.401754379272461,0,0
1596160116.2949338,7.202825546264648,0,0
1596160116.3049338,9.003081321716309,0,0
1596160116.3149338,10.8030366897583,0,0
1596160116.3249338,12.603378295898438,0,0
1596160116.3349338,14.400887489318848,0,0
1596160116.3437319,15.983648300170898,0,0
1596160116.3437319,177.40144501264643,0.8967655372915307,0
1596160116.3449337,177.61846790845942,0.8967655372915307,0
1596160116.3501203,178.55136166151118,0.8967655372915307,0
1596160116.3501203,360.0,1.904813528060913,0
1596160116.3501918,360,1.904813528060913,1
1596160116.3501918,0,0,0
1596160116.3601918,1.803131103515625,0,0
1596160116.3701918,3.603086471557617,0,0
1596160116.3801918,5.400938987731934,0,0
1596160116.3901918,7.200207710266113,0,0
1596160116.4001918,9.001493453979492,0,0
1596160116.4101918,10.802264213562012,0,0
1596160116.4201918,12.601232528686523,0,0
1596160116.4301918,14.40208911895752,0,0
1596160116.4401917,16.201915740966797,0,0
1596160116.4501917,18.000283241271973,0,0
1596160116.4601917,19.80032444000244,0,0
1596160116.4701917,21.602253913879395,0,0
1596160116.4801917,23.401951789855957,0,0
1596160116.488989,24.983510971069336,0,0
1596160116.488989,276.6085186355122,1.397916709246905,0
1596160116.4901917,276.82781604456983,1.397916709246905,0
1596160116.4966173,277.981595074416,1.397916709246905,0
1596160116.4966173,360.0,1.853574514389038,0
1596160116.49669,360,1.853574514389038,1
1596160116.49669,0,0,0
1596160116.50669,1.8017148971557617,0,0
1596160116.5117378,2.708601951599121,0,0
1596160116.5117378,31.068267651147547,0.15755369833082458,0
1596160116.51669,31.960992641992274,0.15755369833082458,0
1596160116.5193624,32.44070035988778,0.15755369833082458,0
1596160116.5193624,358.81043257230715,1.9707188772887099,0
1596160116.5259733,360,1.9707188772887099,1
1596160116.5259733,0,0,0
1596160116.5359733,1.801285743713379,0,0
1596160116.5394835,2.4318408966064453,0,0
1596160116.5394835,28.017481726670816,0.14214244905591317,0
1596160116.5458534,29.164050978684976,0.14214244905591317,0
1596160116.5458534,322.69134850578797,1.7728496575398187,0
1596160116.5459733,322.71529526787293,1.7728496575398187,0
1596160116.5559733,324.5132336147357,1.7728496575398187,0
1596160116.5659733,326.3162788875629,1.7728496575398187,0
1596160116.5759733,328.1134447582294,1.7728496575398187,0
1596160116.5859733,329.91571755486024,1.7728496575398187,0
1596160116.5959733,331.7133125789691,1.7728496575398187,0
1596160116.6059732,333.51429791527283,1.7728496575398187,0
1596160116.6159732,335.3159269817401,1.7728496575398187,0
1596160116.6259732,337.11425156670106,1.7728496575398187,0
1596160116.6359732,338.91317696648133,1.7728496575398187,0
1596160116.6459732,340.71630806999696,1.7728496575398187,0
1596160116.6559732,342.51613469200623,1.7728496575398187,0
1596160116.6659732,344.31566090660584,1.7728496575398187,0
1596160116.6759732,346.1143288143207,1.7728496575398187,0
1596160116.6859732,347.9135117061664,1.7728496575398187,0
1596160116.6959732,349.7135099895526,1.7728496575398187,0
1596160116.7059731,351.5160402782489,1.7728496575398187,0
1596160116.7159731,353.3137211330463,1.7728496575398187,0
1596160116.7259731,355.11423440056336,1.7728496575398187,0
1596160116.7359731,356.9159063823749,1.7728496575398187,0
1596160116.745973,358.71616215782655,1.7728496575398187,0
1596160116.753139,360,1.7728496575398187,1
1596160116.753139,0,0,0
1596160116.763139,1.8004703521728516,0,0
1596160116.7684798,2.7613449096679688,0,0
1596160116.7684798,31.64966258077724,0.16049065372838484,0
1596160116.769849,31.896125402737688,0.16049065372838484,0
1596160116.769849,352.8074867671611,1.9433315501974038,0
1596160116.773139,353.39980434833785,1.9433315501974038,0
1596160116.783139,355.20169090687057,1.9433315501974038,0
1596160116.793139,357.0026762431743,1.9433315501974038,0
1596160116.803139,358.8028032725932,1.9433315501974038,0
1596160116.8098097,360,1.9433315501974038,1
1596160116.8098097,0,0,0
1596160116.8198097,1.801457405090332,0,0
1596160116.8298097,3.6009836196899414,0,0
1596160116.8398097,5.40278434753418,0,0
1596160116.8498096,7.201666831970215,0,0
1596160116.8598096,9.001150131225586,0,0
1596160116.8698096,10.800890922546387,0,0
1596160116.8798096,12.600674629211426,0,0
1596160116.8898096,14.400200843811035,0,0
1596160116.8998096,16.20208740234375,0,0
1596160116.9098096,18.0025577545166,0,0
1596160116.9198096,19.800195693969727,0,0
1596160116.9298096,21.60238265991211,0,0
1596160116.9398096,23.400535583496094,0,0
1596160116.9498096,25.199975967407227,0,0
1596160116.9598095,27.002763748168945,0,0
1596160116.9698095,28.800830841064453,0,0
1596160116.9798095,30.600528717041016,0,0
1596160116.9898095,32.40164279937744,0,0
1596160116.9998095,34.20151233673096,0,0
1596160117.0098095,36.00125312805176,0,0
1596160117.0112345,36.256470680236816,0,0
1596160117.0112345,360.0,1.7985751628875732,0
1596160117.0113149,360,1.7985751628875732,1
1596160117.0113149,0,0,0
1596160117.0201063,1.5824604034423828,0,0
1596160117.0201063,18.654610736247026,0.09484527962669245,0
1596160117.0213149,18.8729640077314,0.09484527962669245,0
1596160117.0313148,20.675580127116167,0.09484527962669245,0
1596160117.0413148,22.474119288798295,0.09484527962669245,0
1596160117.0513148,24.275061709757768,0.09484527962669245,0
1596160117.0613148,26.07252798783394,0.09484527962669245,0
1596160117.0713148,27.872354609843217,0.09484527962669245,0
1596160117.0813148,29.67325411545845,0.09484527962669245,0
1596160117.0913148,31.475226504679643,0.09484527962669245,0
1596160117.1013148,33.27389441239448,0.09484527962669245,0
1596160117.1113148,35.072390658732374,0.09484527962669245,0
1596160117.1213148,36.874105555888136,0.09484527962669245,0
1596160117.1313148,38.67273054825874,0.09484527962669245,0
1596160117.1413147,40.47431669938179,0.09484527962669245,0
1596160117.1513147,42.273885829325636,0.09484527962669245,0
1596160117.1613147,44.074184520121534,0.09484527962669245,0
1596160117.1713147,45.87353907334419,0.09484527962669245,0
1596160117.1813147,47.67255030381294,0.09484527962669245,0
1596160117.1913147,49.474222285624464,0.09484527962669245,0
1596160117.2013147,51.273190600748975,0.09484527962669245,0
1596160117.2113147,53.07336054551216,0.09484527962669245,0
1596160117.2213147,54.87232886063667,0.09484527962669245,0
1596160117.2302241,56.47581778275581,0.09484527962669245,0
1596160117.2302241,360.0,1.7810907363891604,0
1596160117.2303019,360,1.7810907363891604,1
1596160117.2303019,0,0,0
1596160117.2403018,1.8019723892211914,0,0
1596160117.2503018,3.6013269424438477,0,0
1596160117.2603018,5.400724411010742,0,0
1596160117.2703018,7.200894355773926,0,0
1596160117.2703485,7.208404541015625,0,0
1596160117.2703485,80.67038527235354,0.4081221151740995,0
1596160117.2767117,81.81575289472903,0.4081221151740995,0
1596160117.2767117,360.0,1.9535901546478271,0
1596160117.2767854,360,1.9535901546478271,1
1596160117.2767854,0,0,0
1596160117.2867854,1.8029594421386719,0,0
1596160117.2918506,2.7117347717285156,0,0
1596160117.2918506,31.102801280002687,0.15772814726818984,0
1596160117.2967854,31.993251757602785,0.15772814726818984,0
1596160117.3067853,33.79307837961206,0.15772814726818984,0
1596160117.3167853,35.59436412332544,0.15772814726818984,0
1596160117.3267853,37.391272501926515,0.15772814726818984,0
1596160117.3367853,39.19272990701685,0.15772814726818984,0
1596160117.3467853,40.99298568246851,0.15772814726818984,0
1596160117.3567853,42.79221148965845,0.15772814726818984,0
1596160117.3667853,44.592038111667726,0.15772814726818984,0
1596160117.3767853,46.39439673898706,0.15772814726818984,0
1596160117.3867853,48.19190593240747,0.15772814726818984,0
1596160117.3967853,49.99340625284204,0.15772814726818984,0
1596160117.4067852,51.7922029065896,0.15772814726818984,0
1596160117.4167852,53.59215827463159,0.15772814726818984,0
1596160117.4267852,55.39275737283716,0.15772814726818984,0
1596160117.4367852,57.1919831800271,0.15772814726818984,0
1596160117.4467852,58.992281870823,0.15772814726818984,0
1596160117.4567852,60.793138461093996,0.15772814726818984,0
1596160117.4569705,60.824380831699465,0.15772814726818984,0
1596160117.4569705,360.0,1.819814920425415,0
1596160117.4570453,360,1.819814920425415,1
1596160117.4570453,0,0,0
1596160117.4670453,1.800384521484375,0,0
1596160117.472094,2.708773612976074,0,0
1596160117.472094,31.070159904783445,0.1575632571767076,0
1596160117.4770453,31.963356964414793,0.1575632571767076,0
1596160117.4870453,33.76215361816235,0.1575632571767076,0
1596160117.4970453,35.5637397692854,0.1575632571767076,0
1596160117.5070453,37.36386679870434,0.1575632571767076,0
1596160117.5170453,39.16425132018872,0.1575632571767076,0
1596160117.5270452,40.96420668823071,0.1575632571767076,0
1596160117.5370452,42.76300334197827,0.1575632571767076,0
1596160117.5470452,44.56343077880688,0.1575632571767076,0
1596160117.5570452,46.36227034789868,0.1575632571767076,0
1596160117.5670452,48.16282653076001,0.1575632571767076,0
1596160117.5770452,49.962653152769285,0.1575632571767076,0
1596160117.5809636,50.66667937499829,0.1575632571767076,0
1596160117.5809636,360.0,1.8760817050933838,0
1596160117.5810368,360,1.8760817050933838,1
1596160117.5810368,0,0,0
1596160117.5910368,1.8024444580078125,0,0
1596160117.5960917,2.7098894119262695,0,0
1596160117.5960917,31.08245955341676,0.15762538967494719,0
1596160117.6010368,31.972695454295668,0.15762538967494719,0
1596160117.6110368,33.77586947315553,0.15762538967494719,0
1596160117.6210368,35.57470904224733,0.15762538967494719,0
1596160117.6310368,37.37444983356813,0.15762538967494719,0
1596160117.6410367,39.17419062488893,0.15762538967494719,0
1596160117.6510367,40.97345934742311,0.15762538967494719,0
1596160117.6610367,42.77302847736696,0.15762538967494719,0
1596160117.6710367,44.573799236949476,0.15762538967494719,0
1596160117.6810367,46.373239620860616,0.15762538967494719,0
1596160117.6910367,48.172808750804464,0.15762538967494719,0
1596160117.7010367,49.975296124156515,0.15762538967494719,0
1596160117.7110367,51.775508984263936,0.15762538967494719,0
1596160117.7210367,53.57288943165163,0.15762538967494719,0
1596160117.7310367,55.37323103779177,0.15762538967494719,0
1596160117.7410367,57.17477427357058,0.15762538967494719,0
1596160117.7510366,58.972841366466085,0.15762538967494719,0
1596160117.7610366,60.77314005726198,0.15762538967494719,0
1596160117.7710366,62.57481203907351,0.15762538967494719,0
1596160117.7810366,64.37575446003298,0.15762538967494719,0
1596160117.7910366,66.17399321430544,0.15762538967494719,0
1596160117.796213,67.10426913135866,0.15762538967494719,0
1596160117.796213,360.0,1.7848238945007322,0
1596160117.7962878,360,1.7848238945007322,1
1596160117.7962878,0,0,0
1596160117.8038368,1.3588285446166992,0,0
1596160117.8038368,16.189477312080772,0.08239249315257818,0
1596160117.8062878,16.63223491858712,0.08239249315257818,0
1596160117.8162878,18.431932794563682,0.08239249315257818,0
1596160117.8202152,19.13758979987374,0.08239249315257818,0
1596160117.8202152,212.16789845809637,1.1547830968093706,0
1596160117.8262877,213.2620680747956,1.1547830968093706,0
1596160117.8265796,213.31348065719305,1.1547830968093706,0
1596160117.8265796,360.0,1.9697082042694092,0
1596160117.8266509,360,1.9697082042694092,1
1596160117.8266509,0,0,0
1596160117.8366508,1.8011999130249023,0,0
1596160117.8466508,3.602614402770996,0,0
1596160117.8566508,5.402569770812988,0,0
1596160117.8666508,7.202610969543457,0,0
1596160117.8766508,9.002909660339355,0,0
1596160117.8866508,10.802178382873535,0,0
1596160117.8966508,12.600288391113281,0,0
1596160117.9066508,14.402904510498047,0,0
1596160117.9166508,16.202001571655273,0,0
1596160117.9266508,18.000712394714355,0,0
1596160117.9366508,19.801311492919922,0,0
1596160117.9466507,21.602811813354492,0,0
1596160117.9566507,23.402295112609863,0,0
1596160117.9666507,25.20040512084961,0,0
1596160117.9766507,27.000317573547363,0,0
1596160117.9866507,28.803319931030273,0,0
1596160117.9966507,30.600357055664062,0,0
1596160118.0066507,32.40220069885254,0,0
1596160118.011698,33.30848693847656,0,0
1596160118.011698,360.0,1.8149528503417969,0
1596160118.0117726,360,1.8149528503417969,1
1596160118.0117726,0,0,0
1596160118.0180821,1.135711669921875,0,0
1596160118.0180821,13.730020648822206,0.06996838321611296,0
1596160118.0217726,14.39709675966205,0.06996838321611296,0
1596160118.0317726,16.197524196490665,0.06996838321611296,0
1596160118.0417726,17.994818813189884,0.06996838321611296,0
1596160118.0517726,19.795289165362735,0.06996838321611296,0
1596160118.0617726,21.597347385272403,0.06996838321611296,0
1596160118.0717726,23.39665902315082,0.06996838321611296,0
1596160118.0817726,25.195112354144474,0.06996838321611296,0
1596160118.0917726,26.996355182513614,0.06996838321611296,0
1596160118.1017725,28.79626763521137,0.06996838321611296,0
1596160118.1117725,30.5962659185976,0.06996838321611296,0
1596160118.1217725,32.39686501680316,0.06996838321611296,0
1596160118.1317725,34.19613373933734,0.06996838321611296,0
1596160118.1417725,35.99741948305072,0.06996838321611296,0
1596160118.1517725,37.795529491290466,0.06996838321611296,0
1596160118.1617725,39.59475529848041,0.06996838321611296,0
1596160118.1717725,41.395311481341736,0.06996838321611296,0
1596160118.1817725,43.19668305574359,0.06996838321611296,0
1596160118.1917725,44.99629510103168,0.06996838321611296,0
1596160118.2017725,46.79440510927143,0.06996838321611296,0
1596160118.2117724,48.59745038209858,0.06996838321611296,0
1596160118.2217724,50.39560330568256,0.06996838321611296,0
1596160118.2317724,52.19547284303608,0.06996838321611296,0
1596160118.2417724,53.99628651796284,0.06996838321611296,0
1596160118.2517724,55.79564107118549,0.06996838321611296,0
1596160118.2617724,57.595338947162055,0.06996838321611296,0
1596160118.2717724,59.394607669696235,0.06996838321611296,0
1596160118.2817724,61.195335513934516,0.06996838321611296,0
1596160118.289461,62.57819665132465,0.06996838321611296,0
1596160118.289461,360.0,1.7223117351531982,0
1596160118.2895393,360,1.7223117351531982,1
1596160118.2895393,0,0,0
1596160118.2970817,1.3576269149780273,0,0
1596160118.2970817,16.17623153662948,0.08232558123139697,0
1596160118.2995393,16.62195030188827,0.08232558123139697,0
1596160118.3095393,18.420360717537683,0.08232558123139697,0
1596160118.3195393,20.220530662300867,0.08232558123139697,0
1596160118.3295393,22.019155654671472,0.08232558123139697,0
1596160118.3395393,23.82095638251571,0.08232558123139697,0
1596160118.3447082,24.749000701668542,0.08232558123139697,0
1596160118.3447082,274.02347057283566,1.4671837471823252,0
1596160118.3495393,274.89439456880734,1.4671837471823252,0
1596160118.3498328,274.9458929818933,1.4671837471823252,0
