Type = Mirollor Strogatz (-ish),Function = Mirollor Strogatz,Refract = 0,Epsilon = 0.3,B = 8,Start_phase = 91
Timestamp,Phase,Offset,Ping?
1596160237,91,0,0
1596160237.01,92.79699420928955,0.5055555555555555,0
1596160237.02,94.59729290008545,0.5055555555555555,0
1596160237.03,96.39561748504639,0.5055555555555555,0
1596160237.04,98.195143699646,0.5055555555555555,0
1596160237.05,99.9972448348999,0.5055555555555555,0
1596160237.06,101.79599857330322,0.5055555555555555,0
1596160237.07,103.5958251953125,0.5055555555555555,0
1596160237.08,105.39573764801025,0.5055555555555555,0
1596160237.09,107.19590759277344,0.5055555555555555,0
1596160237.1,108.99461841583252,0.5055555555555555,0
1596160237.11,110.79427337646484,0.5055555555555555,0
1596160237.12,112.59457206726074,0.5055555555555555,0
1596160237.1299999,114.39718818664551,0.5055555555555555,0
1596160237.1399999,116.19521236419678,0.5055555555555555,0
1596160237.1499999,117.99473857879639,0.5055555555555555,0
1596160237.1599998,119.79701137542725,0.5055555555555555,0
1596160237.1699998,121.59623718261719,0.5055555555555555,0
1596160237.1799998,123.3952054977417,0.5055555555555555,0
1596160237.1899998,125.19657707214355,0.5055555555555555,0
1596160237.1999998,126.99575996398926,0.5055555555555555,0
1596160237.2099998,128.79434204101562,0.5055555555555555,0
1596160237.2199998,130.59481239318848,0.5055555555555555,0
1596160237.2299998,132.39652729034424,0.5055555555555555,0
1596160237.2399998,134.1965684890747,0.5055555555555555,0
1596160237.2499998,135.99480724334717,0.5055555555555555,0
1596160237.2599998,137.7945909500122,0.5055555555555555,0
1596160237.2699997,139.59703540802002,0.5055555555555555,0
1596160237.2799997,141.3954029083252,0.5055555555555555,0
1596160237.2899997,143.19441413879395,0.5055555555555555,0
1596160237.2999997,144.99552822113037,0.5055555555555555,0
1596160237.3099997,146.7947540283203,0.5055555555555555,0
1596160237.3199997,148.59719848632812,0.5055555555555555,0
1596160237.3299997,150.3954372406006,0.5055555555555555,0
1596160237.3399997,152.19577884674072,0.5055555555555555,0
1596160237.3499997,153.99642086029053,0.5055555555555555,0
1596160237.3599997,155.79440212249756,0.5055555555555555,0
1596160237.3699996,157.59650325775146,0.5055555555555555,0
1596160237.3799996,159.39564323425293,0.5055555555555555,0
1596160237.3899996,161.19649982452393,0.5055555555555555,0
1596160237.3999996,162.99439525604248,0.5055555555555555,0
1596160237.4099996,164.79512310028076,0.5055555555555555,0
1596160237.4199996,166.5956792831421,0.5055555555555555,0
1596160237.4299996,168.39572048187256,0.5055555555555555,0
1596160237.4399996,170.19576168060303,0.5055555555555555,0
1596160237.4499996,171.99550247192383,0.5055555555555555,0
1596160237.4599996,173.7942132949829,0.5055555555555555,0
1596160237.4699996,175.5952844619751,0.5055555555555555,0
1596160237.4799995,177.39601230621338,0.5055555555555555,0
1596160237.4899995,179.19412231445312,0.5055555555555555,0
1596160237.4999995,180.99592304229736,0.5055555555555555,0
1596160237.5099995,182.79587841033936,0.5055555555555555,0
1596160237.5199995,184.5971212387085,0.5055555555555555,0
1596160237.5299995,186.39681911468506,0.5055555555555555,0
1596160237.5399995,188.19557285308838,0.5055555555555555,0
1596160237.5499995,189.99441242218018,0.5055555555555555,0
1596160237.5599995,191.79509735107422,0.5055555555555555,0
1596160237.5699995,193.59642601013184,0.5055555555555555,0
1596160237.5799994,195.39427852630615,0.5055555555555555,0
1596160237.5899994,197.1944055557251,0.5055555555555555,0
1596160237.5999994,198.9953908920288,0.5055555555555555,0
1596160237.6099994,200.7950029373169,0.5055555555555555,0
1596160237.6199994,202.59525871276855,0.5055555555555555,0
1596160237.6299994,204.39478492736816,0.5055555555555555,0
1596160237.6399994,206.1974868774414,0.5055555555555555,0
1596160237.6499994,207.99448108673096,0.5055555555555555,0
1596160237.6599994,209.7964105606079,0.5055555555555555,0
1596160237.6699994,211.59662342071533,0.5055555555555555,0
1596160237.6799994,213.3970079421997,0.5055555555555555,0
1596160237.6899993,215.19734954833984,0.5055555555555555,0
1596160237.6999993,216.9945583343506,0.5055555555555555,0
1596160237.7099993,218.79502868652344,0.5055555555555555,0
1596160237.7199993,220.59691524505615,0.5055555555555555,0
1596160237.7299993,222.39476776123047,0.5055555555555555,0
1596160237.7399993,224.1960964202881,0.5055555555555555,0
1596160237.7499993,225.99446392059326,0.5055555555555555,0
1596160237.7599993,227.79596424102783,0.5055555555555555,0
1596160237.7699993,229.59660625457764,0.5055555555555555,0
1596160237.7799993,231.39557456970215,0.5055555555555555,0
1596160237.7899992,233.19686031341553,0.5055555555555555,0
1596160237.7999992,234.99651527404785,0.5055555555555555,0
1596160237.8099992,236.79458236694336,0.5055555555555555,0
1596160237.8199992,238.59724140167236,0.5055555555555555,0
1596160237.8299992,240.39655303955078,0.5055555555555555,0
1596160237.8399992,242.19539260864258,0.5055555555555555,0
1596160237.8499992,243.99620628356934,0.5055555555555555,0
1596160237.8599992,245.79470252990723,0.5055555555555555,0
1596160237.8699992,247.59555912017822,0.5055555555555555,0
1596160237.8799992,249.39727401733398,0.5055555555555555,0
1596160237.8899992,251.1973581314087,0.5055555555555555,0
1596160237.8999991,252.9972276687622,0.5055555555555555,0
1596160237.9099991,254.79473686218262,0.5055555555555555,0
1596160237.9199991,256.59675216674805,0.5055555555555555,0
1596160237.929999,258.39559173583984,0.5055555555555555,0
1596160237.939999,260.19666290283203,0.5055555555555555,0
1596160237.949999,261.9944725036621,0.5055555555555555,0
1596160237.959999,263.79528617858887,0.5055555555555555,0
1596160237.969999,265.5968723297119,0.5055555555555555,0
1596160237.979999,267.39408111572266,0.5055555555555555,0
1596160237.989999,269.1941223144531,0.5055555555555555,0
1596160237.999999,270.99557971954346,0.5055555555555555,0
1596160238.009999,272.79600715637207,0.5055555555555555,0
1596160238.019999,274.59596252441406,0.5055555555555555,0
1596160238.029999,276.3949737548828,0.5055555555555555,0
1596160238.039999,278.1941566467285,0.5055555555555555,0
1596160238.049999,279.99492740631104,0.5055555555555555,0
1596160238.059999,281.7967281341553,0.5055555555555555,0
1596160238.069999,283.59724140167236,0.5055555555555555,0
1596160238.079999,285.3952226638794,0.5055555555555555,0
1596160238.089999,287.19736671447754,0.5055555555555555,0
1596160238.099999,288.9952621459961,0.5055555555555555,0
1596160238.109999,290.7959899902344,0.5055555555555555,0
1596160238.119999,292.5963315963745,0.5055555555555555,0
1596160238.129999,294.39688777923584,0.5055555555555555,0
1596160238.139999,296.1962423324585,0.5055555555555555,0
1596160238.149999,297.99512481689453,0.5055555555555555,0
1596160238.159999,299.7950372695923,0.5055555555555555,0
1596160238.169999,301.5943489074707,0.5055555555555555,0
1596160238.1799989,303.395076751709,0.5055555555555555,0
1596160238.1899989,305.1945171356201,0.5055555555555555,0
1596160238.1999989,306.9969186782837,0.5055555555555555,0
1596160238.2099988,308.79592990875244,0.5055555555555555,0
1596160238.2199988,310.59579944610596,0.5055555555555555,0
1596160238.2299988,312.39631271362305,0.5055555555555555,0
1596160238.2399988,314.19639682769775,0.5055555555555555,0
1596160238.2499988,315.99712467193604,0.5055555555555555,0
1596160238.2599988,317.796178817749,0.5055555555555555,0
1596160238.2699988,319.59583377838135,0.5055555555555555,0
1596160238.2799988,321.39600372314453,0.5055555555555555,0
1596160238.2899988,323.19621658325195,0.5055555555555555,0
1596160238.2999988,324.99651527404785,0.5055555555555555,0
1596160238.3099988,326.796856880188,0.5055555555555555,0
1596160238.3199987,328.5945806503296,0.5055555555555555,0
1596160238.3299987,330.39706802368164,0.5055555555555555,0
1596160238.3399987,332.1969804763794,0.5055555555555555,0
1596160238.3499987,333.9971504211426,0.5055555555555555,0
1596160238.3504372,334.07289600372314,0.5055555555555555,0
1596160238.3504372,360.0,0.6495950222015381,0
1596160238.3505924,360,0.6495950222015381,1
1596160238.3505924,0,0,0
1596160238.3605924,1.8012428283691406,0,0
1596160238.3705924,3.6007261276245117,0,0
1596160238.3805923,5.401411056518555,0,0
1596160238.3905923,7.200465202331543,0,0
1596160238.4005923,9.000635147094727,0,0
1596160238.4105923,10.802006721496582,0,0
1596160238.4205923,12.600717544555664,0,0
1596160238.4305923,14.401617050170898,0,0
1596160238.433051,14.842572212219238,0,0
1596160238.433051,164.8231620314229,0.8332254989955759,0
1596160238.4405923,166.1822051527608,0.8332254989955759,0
1596160238.4505923,167.9819459440816,0.8332254989955759,0
1596160238.4605923,169.78254504228715,0.8332254989955759,0
1596160238.4705923,171.58074088121538,0.8332254989955759,0
1596160238.471927,171.82080931688432,0.8332254989955759,0
1596160238.471927,360.0,1.8786654472351074,0
1596160238.4720082,360,1.8786654472351074,1
1596160238.4720082,0,0,0
1596160238.4820082,1.8015003204345703,0,0
1596160238.4858038,2.483210563659668,0,0
1596160238.4858038,28.583738627213325,0.1450029336864092,0
1596160238.4920082,29.70271331288227,0.1450029336864092,0
1596160238.5020082,31.502282442826118,0.1450029336864092,0
1596160238.5120082,33.30107909657368,0.1450029336864092,0
1596160238.5220082,35.10305148579487,0.1450029336864092,0
1596160238.5320082,36.90283519245991,0.1450029336864092,0
1596160238.5420082,38.700773539322704,0.1450029336864092,0
1596160238.5520082,40.50188762165913,0.1450029336864092,0
1596160238.5620081,42.30334502674946,0.1450029336864092,0
1596160238.5720081,44.100768389481395,0.1450029336864092,0
1596160238.5820081,45.90295535542378,0.1450029336864092,0
1596160238.592008,47.701279940384715,0.1450029336864092,0
1596160238.602008,49.501020731705516,0.1450029336864092,0
1596160238.612008,51.30192023732075,0.1450029336864092,0
1596160238.622008,53.10260516621479,0.1450029336864092,0
1596160238.632008,54.9006722591103,0.1450029336864092,0
1596160238.642008,56.70273047901997,0.1450029336864092,0
1596160238.652008,58.502127947586864,0.1450029336864092,0
1596160238.662008,60.30298453785786,0.1450029336864092,0
1596160238.672008,62.102639498490184,0.1450029336864092,0
1596160238.682008,63.90126449086079,0.1450029336864092,0
1596160238.692008,65.70336562611469,0.1450029336864092,0
1596160238.702008,67.50332099415668,0.1450029336864092,0
1596160238.712008,69.30340510823139,0.1450029336864092,0
1596160238.722008,71.10095721699604,0.1450029336864092,0
1596160238.732008,72.90220004536518,0.1450029336864092,0
1596160238.742008,74.70198375203022,0.1450029336864092,0
1596160238.752008,76.50253993489154,0.1450029336864092,0
1596160238.762008,78.30322486378559,0.1450029336864092,0
1596160238.772008,80.1027510783852,0.1450029336864092,0
1596160238.782008,81.90309268452533,0.1450029336864092,0
1596160238.7834172,82.15414744831928,0.1450029336864092,0
1596160238.7834172,360.0,1.6885910034179688,0
1596160238.7835011,360,1.6885910034179688,1
1596160238.7835011,0,0,0
1596160238.791045,1.357884407043457,0,0
1596160238.791045,16.179069917083336,0.08233991950022154,0
1596160238.7935011,16.622042100310875,0.08233991950022154,0
1596160238.8035011,18.422555367827965,0.08233991950022154,0
1596160238.8135011,20.22439901101644,0.08233991950022154,0
1596160238.823501,22.021521966338707,0.08233991950022154,0
1596160238.833501,23.82392350900228,0.08233991950022154,0
1596160238.843501,25.6212181257015,0.08233991950022154,0
1596160238.853501,27.423018853545738,0.08233991950022154,0
1596160238.863501,29.22121469247396,0.08233991950022154,0
1596160238.873501,31.022543351531578,0.08233991950022154,0
1596160238.883501,32.82185498940999,0.08233991950022154,0
1596160238.8924234,34.42718927133138,0.08233991950022154,0
1596160238.8924234,360.0,1.8910777568817139,0
1596160238.8925028,360,1.8910777568817139,1
1596160238.8925028,0,0,0
1596160238.9025028,1.800384521484375,0,0
1596160238.9025476,1.8080663681030273,0,0
1596160238.9025476,21.1415050772261,0.10740799282846152,0
1596160238.9125028,22.93360693727249,0.10740799282846152,0
1596160238.9225028,24.736051395280303,0.10740799282846152,0
1596160238.9325027,26.534976795060576,0.10740799282846152,0
1596160238.9425027,28.336262538773955,0.10740799282846152,0
1596160238.9525027,30.13566000734085,0.10740799282846152,0
1596160238.9625027,31.935100391251982,0.10740799282846152,0
1596160238.9725027,33.73630030427688,0.10740799282846152,0
1596160238.9825027,35.53586943422073,0.10740799282846152,0
1596160238.9925027,37.33633978639358,0.10740799282846152,0
1596160239.0025027,39.13608057771438,0.10740799282846152,0
1596160239.0125027,40.93431933198684,0.10740799282846152,0
1596160239.0225027,42.73637755189651,0.10740799282846152,0
1596160239.0325027,44.53384382997268,0.10740799282846152,0
1596160239.0425026,46.334271266801295,0.10740799282846152,0
1596160239.0525026,48.13508494172805,0.10740799282846152,0
1596160239.0625026,49.93499739442581,0.10740799282846152,0
1596160239.0725026,51.734523609025416,0.10740799282846152,0
1596160239.0825026,53.534564807755885,0.10740799282846152,0
1596160239.0925026,55.33396227632278,0.10740799282846152,0
1596160239.1025026,57.13391764436477,0.10740799282846152,0
1596160239.1125026,58.93546088014358,0.10740799282846152,0
1596160239.1225026,60.73653204713577,0.10740799282846152,0
1596160239.1325026,62.53674490724319,0.10740799282846152,0
1596160239.1425025,64.33373911653274,0.10740799282846152,0
1596160239.1525025,66.13459570680374,0.10740799282846152,0
1596160239.1614249,67.73941500459426,0.10740799282846152,0
1596160239.1614249,360.0,1.7310779094696045,0
1596160239.161507,360,1.7310779094696045,1
1596160239.161507,0,0,0
1596160239.171507,1.8027448654174805,0,0
1596160239.1815069,3.6020994186401367,0,0
1596160239.1915069,5.403342247009277,0,0
1596160239.194051,5.857944488525391,0,0
1596160239.194051,65.78402591874308,0.3329226746123205,0
1596160239.2015069,67.12817741563029,0.3329226746123205,0
1596160239.201675,67.1563298814506,0.3329226746123205,0
1596160239.201675,360.0,1.959831953048706,0
1596160239.2017531,360,1.959831953048706,1
1596160239.2017531,0,0,0
1596160239.2117531,1.802229881286621,0,0
1596160239.2168002,2.7084732055664062,0,0
1596160239.2168002,31.066848460920603,0.1575465291964122,0
1596160239.2217531,31.960260097273142,0.1575465291964122,0
1596160239.231753,33.76176041770771,0.1575465291964122,0
1596160239.2319095,33.7865225713332,0.1575465291964122,0
1596160239.2319095,360.0,1.9698436260223389,0
1596160239.231988,360,1.9698436260223389,1
1596160239.231988,0,0,0
1596160239.241988,1.8025732040405273,0,0
1596160239.2470415,2.70963191986084,0,0
1596160239.2470415,31.079621172962934,0.15761105140612275,0
1596160239.251988,31.970414973316938,0.15761105140612275,0
1596160239.261988,33.77243027788237,0.15761105140612275,0
1596160239.271988,35.57302937608794,0.15761105140612275,0
1596160239.281988,37.37165436845854,0.15761105140612275,0
1596160239.291988,39.172081805287156,0.15761105140612275,0
1596160239.301988,40.971135951100145,0.15761105140612275,0
1596160239.3119879,42.7704905043228,0.15761105140612275,0
1596160239.3219879,44.571432925282274,0.15761105140612275,0
1596160239.3319879,46.370916224537645,0.15761105140612275,0
1596160239.3419878,48.17087159257964,0.15761105140612275,0
1596160239.3459144,48.87674317461089,0.15761105140612275,0
1596160239.3459144,360.0,1.8860735893249512,0
1596160239.345998,360,1.8860735893249512,1
1596160239.345998,0,0,0
1596160239.355998,1.8011999130249023,0,0
1596160239.359791,2.482738494873047,0,0
1596160239.359791,28.578534929714625,0.14497664686023098,0
1596160239.365998,29.697681276760523,0.14497664686023098,0
1596160239.367406,29.94920810934109,0.14497664686023098,0
1596160239.367406,331.34627404352887,1.819404790939052,0
1596160239.375998,332.8931147112535,1.819404790939052,0
1596160239.385998,334.69594540735943,1.819404790939052,0
1596160239.395998,336.4954287066148,1.819404790939052,0
1596160239.405998,338.2961565508531,1.819404790939052,0
1596160239.415998,340.09430947443707,1.819404790939052,0
1596160239.425998,341.89546647211773,1.819404790939052,0
1596160239.435998,343.6953789248155,1.819404790939052,0
1596160239.445998,345.49396100184185,1.819404790939052,0
1596160239.455998,347.2949892534898,1.819404790939052,0
1596160239.465998,349.09503045222027,1.819404790939052,0
1596160239.475998,350.8961445345567,1.819404790939052,0
1596160239.485998,352.695971156566,1.819404790939052,0
1596160239.495998,354.4954973711656,1.819404790939052,0
1596160239.505998,356.2961393847154,1.819404790939052,0
1596160239.515998,358.0942923082994,1.819404790939052,0
1596160239.5259979,359.8958784594224,1.819404790939052,0
1596160239.5266116,360,1.819404790939052,1
1596160239.5266116,0,0,0
1596160239.5366116,1.800985336303711,0,0
1596160239.5412803,2.640366554260254,0,0
1596160239.5412803,30.316096830878053,0.1537540570923211,0
1596160239.5466115,31.277014303717408,0.1537540570923211,0
1596160239.5489168,31.6906753068302,0.1537540570923211,0
1596160239.5489168,350.54277412255294,1.9251546060685585,0
1596160239.5566115,351.92829601128585,1.9251546060685585,0
1596160239.5666115,353.72816554863937,1.9251546060685585,0
1596160239.5766115,355.5288075621892,1.9251546060685585,0
1596160239.5866115,357.32794753869064,1.9251546060685585,0
1596160239.5966115,359.12970535119064,1.9251546060685585,0
1596160239.601476,360,1.9251546060685585,1
1596160239.601476,0,0,0
1596160239.611476,1.8031740188598633,0,0
1596160239.6152945,2.487330436706543,0,0
1596160239.6152945,28.629152714474902,0.14523234598760199,0
1596160239.621476,29.742419659360156,0.14523234598760199,0
1596160239.6216547,29.77400535271953,0.14523234598760199,0
1596160239.6216547,329.4149831549147,1.8099044448886863,0
1596160239.631476,331.1859277502516,1.8099044448886863,0
1596160239.641476,332.98347985901626,1.8099044448886863,0
1596160239.651476,334.7837356344679,1.8099044448886863,0
1596160239.661476,336.5845493093947,1.8099044448886863,0
1596160239.671476,338.38313138642104,1.8099044448886863,0
1596160239.6814759,340.1840308920363,1.8099044448886863,0
1596160239.6914759,341.9840291754225,1.8099044448886863,0
1596160239.7014759,343.78368413605483,1.8099044448886863,0
1596160239.7114758,345.58578527130874,1.8099044448886863,0
1596160239.7214758,347.38462484040053,1.8099044448886863,0
1596160239.7314758,349.18561017670424,1.8099044448886863,0
1596160239.7414758,350.98324811615737,1.8099044448886863,0
1596160239.7514758,352.7844909445265,1.8099044448886863,0
1596160239.7614758,354.5857766882399,1.8099044448886863,0
1596160239.7714758,356.38298547425063,1.8099044448886863,0
1596160239.7814758,358.1858161703566,1.8099044448886863,0
1596160239.7914758,359.98594319977553,1.8099044448886863,0
1596160239.7915733,360,1.8099044448886863,1
1596160239.7915733,0,0,0
1596160239.8015733,1.803431510925293,0,0
1596160239.8055415,2.5142812728881836,0,0
1596160239.8055415,28.926236535310885,0.14673308479123723,0
1596160239.8094203,29.624426270723482,0.14673308479123723,0
1596160239.8094203,327.76614655121784,1.803075975238428,0
1596160239.8115733,328.1564186917208,1.803075975238428,0
1596160239.8215733,329.95645989045124,1.803075975238428,0
1596160239.8315732,331.7551707135103,1.803075975238428,0
1596160239.8415732,333.556327711191,1.803075975238428,0
1596160239.8515732,335.3537081585787,1.803075975238428,0
1596160239.8615732,337.15632427796345,1.803075975238428,0
1596160239.8715732,338.95640839203816,1.803075975238428,0
1596160239.8815732,340.7540463314913,1.803075975238428,0
1596160239.8915732,342.55395878418904,1.803075975238428,0
1596160239.9015732,344.35618866547566,1.803075975238428,0
1596160239.9115732,346.15447033509236,1.803075975238428,0
1596160239.9215732,347.9562710629366,1.803075975238428,0
1596160239.9315732,349.75541103943806,1.803075975238428,0
1596160239.9415731,351.55493725403767,1.803075975238428,0
1596160239.9515731,353.355493436899,1.803075975238428,0
1596160239.9615731,355.1566933499239,1.803075975238428,0
1596160239.971573,356.95368755921345,1.803075975238428,0
1596160239.981573,358.75690449341755,1.803075975238428,0
1596160239.9885082,360,1.803075975238428,1
1596160239.9885082,0,0,0
1596160239.9985082,1.8015003204345703,0,0
1596160240.0020397,2.4356603622436523,0,0
1596160240.0020397,28.059584370069576,0.1423551333768107,0
1596160240.0059125,28.756701221876217,0.1423551333768107,0
1596160240.0059125,318.2010602878738,1.7503793504101308,0
1596160240.0085082,318.6708545612503,1.7503793504101308,0
1596160240.0185082,320.47145365945585,1.7503793504101308,0
1596160240.0285082,322.2691345142532,1.7503793504101308,0
1596160240.0385082,324.06969069711454,1.7503793504101308,0
1596160240.0485082,325.8708476947952,1.7503793504101308,0
1596160240.0585082,327.6692151951004,1.7503793504101308,0
1596160240.0685081,329.4697713779617,1.7503793504101308,0
1596160240.0785081,331.2686109470535,1.7503793504101308,0
1596160240.0885081,333.0705833362747,1.7503793504101308,0
1596160240.0985081,334.86980914346464,1.7503793504101308,0
1596160240.108508,336.6690349506546,1.7503793504101308,0
1596160240.118508,338.4688186573196,1.7503793504101308,0
1596160240.128508,340.2705335544754,1.7503793504101308,0
1596160240.138508,342.06924437753446,1.7503793504101308,0
1596160240.148508,343.86829852334745,1.7503793504101308,0
1596160240.158508,345.66992758981473,1.7503793504101308,0
1596160240.168508,347.47056960336454,1.7503793504101308,0
1596160240.178508,349.2712545322586,1.7503793504101308,0
1596160240.188508,351.0694503711868,1.7503793504101308,0
1596160240.198508,352.86859034768827,1.7503793504101308,0
1596160240.208508,354.66910361520536,1.7503793504101308,0
1596160240.218508,356.4697027134109,1.7503793504101308,0
1596160240.228508,358.26841353647,1.7503793504101308,0
1596160240.2381368,360,1.7503793504101308,1
1596160240.2381368,0,0,0
1596160240.2481368,1.8015432357788086,0,0
1596160240.2522833,2.546381950378418,0,0
1596160240.2522833,29.28008796522384,0.14852058897136344,0
1596160240.2536542,29.526851194593956,0.14852058897136344,0
1596160240.2536542,326.69055927668796,1.7994300783163302,0
1596160240.2581367,327.5003289071201,1.7994300783163302,0
1596160240.2681367,329.2993830529331,1.7994300783163302,0
1596160240.2781367,331.099681743729,1.7994300783163302,0
1596160240.2881367,332.90075291072117,1.7994300783163302,0
1596160240.2981367,334.69877708827244,1.7994300783163302,0
1596160240.3081367,336.4981316414951,1.7994300783163302,0
1596160240.3181367,338.29748619471775,1.7994300783163302,0
1596160240.3281367,340.10001648341404,1.7994300783163302,0
1596160240.3381367,341.8996285287021,1.7994300783163302,0
1596160240.3481367,343.69894016658054,1.7994300783163302,0
1596160240.3581367,345.4996250954746,1.7994300783163302,0
1596160240.3681366,347.30043877040134,1.7994300783163302,0
1596160240.3781366,349.0990208474277,1.7994300783163302,0
1596160240.3881366,350.89979160701023,1.7994300783163302,0
1596160240.3981366,352.7003907052158,1.7994300783163302,0
1596160240.4081366,354.49841488276707,1.7994300783163302,0
1596160240.4181366,356.2999581185459,1.7994300783163302,0
1596160240.4281366,358.0989264336704,1.7994300783163302,0
1596160240.4381366,359.9006842461704,1.7994300783163302,0
1596160240.4387114,360,1.7994300783163302,1
1596160240.4387114,0,0,0
1596160240.4487114,1.8029165267944336,0,0
1596160240.4525392,2.489004135131836,0,0
1596160240.4525392,28.647602187424884,0.14532554473496137,0
1596160240.4587114,29.75902377250789,0.14532554473496137,0
1596160240.4687114,31.560738669663653,0.14532554473496137,0
1596160240.4714057,32.04357920768855,0.14532554473496137,0
1596160240.4714057,354.4328960671312,1.9363773050651982,0
1596160240.4787114,355.7503542199022,1.9363773050651982,0
1596160240.4887114,357.55039541863266,1.9363773050651982,0
1596160240.4987113,359.34923498772446,1.9363773050651982,0
1596160240.5023496,360,1.9363773050651982,1
1596160240.5023496,0,0,0
1596160240.5123496,1.802229881286621,0,0
1596160240.5177767,2.7768802642822266,0,0
1596160240.5177767,31.82091153482602,0.16135572928079886,0
1596160240.5223496,32.64557278970884,0.16135572928079886,0
1596160240.5241525,32.96855367044614,0.16135572928079886,0
1596160240.5241525,360.0,1.9781970977783203,0
1596160240.5242305,360,1.9781970977783203,1
1596160240.5242305,0,0,0
1596160240.5342305,1.8030452728271484,0,0
1596160240.5442305,3.6031293869018555,0,0
1596160240.5442698,3.6070775985717773,0,0
1596160240.5442698,40.972323181438206,0.20758469768259127,0
1596160240.5542305,42.76601290922141,0.20758469768259127,0
1596160240.5642304,44.565410377788304,0.20758469768259127,0
1596160240.5742304,46.367726089763394,0.20758469768259127,0
1596160240.5842304,48.1683681033132,0.20758469768259127,0
1596160240.5942304,49.966220619487515,0.20758469768259127,0
1596160240.6042304,51.76591849546408,0.20758469768259127,0
1596160240.6142304,53.56540179471945,0.20758469768259127,0
1596160240.6242304,55.36621546964621,0.20758469768259127,0
1596160240.6342304,57.167243721294156,0.20758469768259127,0
1596160240.6442304,58.96634078245138,0.20758469768259127,0
1596160240.6542304,60.76788401823019,0.20758469768259127,0
1596160240.6544015,60.796036484050504,0.20758469768259127,0
1596160240.6544015,360.0,1.8698289394378662,0
1596160240.6544824,360,1.8698289394378662,1
1596160240.6544824,0,0,0
1596160240.6644824,1.8015861511230469,0,0
1596160240.6695397,2.7103185653686523,0,0
1596160240.6695397,31.087190187506508,0.15764928678965476,0
1596160240.6744823,31.979829347662758,0.15764928678965476,0
1596160240.6844823,33.77931264691813,0.15764928678965476,0
1596160240.6944823,35.57995466046793,0.15764928678965476,0
1596160240.7044823,37.37724927716715,0.15764928678965476,0
1596160240.7144823,39.1797366505192,0.15764928678965476,0
1596160240.7244823,40.97952035718424,0.15764928678965476,0
1596160240.7344823,42.778488672308754,0.15764928678965476,0
1596160240.7444823,44.576942003302406,0.15764928678965476,0
1596160240.7544823,46.37771276288492,0.15764928678965476,0
1596160240.762155,47.75795606427652,0.15764928678965476,0
1596160240.762155,360.0,1.8923273086547852,0
1596160240.7622356,360,1.8923273086547852,1
1596160240.7622356,0,0,0
1596160240.7722356,1.8010282516479492,0,0
1596160240.7760336,2.483639717102051,0,0
1596160240.7760336,28.5884692613031,0.14502683080111695,0
1596160240.7822356,29.707615608349,0.14502683080111695,0
1596160240.7922356,31.507957214489135,0.14502683080111695,0
1596160240.8022356,33.30666803754822,0.14502683080111695,0
1596160240.8122356,35.10791086591736,0.14502683080111695,0
1596160240.8222356,36.90765165723816,0.14502683080111695,0
1596160240.8322356,38.705332512035525,0.14502683080111695,0
1596160240.8422356,40.50747656263367,0.14502683080111695,0
1596160240.8522356,42.304857010021365,0.14502683080111695,0
1596160240.8622355,44.10695814527527,0.14502683080111695,0
1596160240.8722355,45.90631269849793,0.14502683080111695,0
1596160240.8822355,47.70759844221131,0.14502683080111695,0
1596160240.8886628,48.861720794811404,0.14502683080111695,0
1596160240.8886628,360.0,1.873572826385498,0
1596160240.8887432,360,1.873572826385498,1
1596160240.8887432,0,0,0
1596160240.8987432,1.8002557754516602,0,0
1596160240.902519,2.4796485900878906,0,0
1596160240.902519,28.544474364268456,0.14480458763433648,0
1596160240.9087431,29.665423155772363,0.14480458763433648,0
1596160240.9187431,31.46726679896084,0.14480458763433648,0
1596160240.9287431,33.26683592890469,0.14480458763433648,0
1596160240.938743,35.06584715937344,0.14480458763433648,0
1596160240.948743,36.867991209971585,0.14480458763433648,0
1596160240.958743,38.667217017161526,0.14480458763433648,0
1596160240.968743,40.465498686778226,0.14480458763433648,0
1596160240.978743,42.26485324000088,0.14480458763433648,0
1596160240.988743,44.067812682139554,0.14480458763433648,0
1596160240.998743,45.86519312952724,0.14480458763433648,0
1596160241.008743,47.666607619273336,0.14480458763433648,0
1596160241.018743,49.46669173334804,0.14480458763433648,0
1596160241.028743,51.26578879450527,0.14480458763433648,0
1596160241.038743,53.065400839793355,0.14480458763433648,0
1596160241.048743,54.86677241419521,0.14480458763433648,0
1596160241.058743,56.66801524256435,0.14480458763433648,0
1596160241.068743,58.466168166148336,0.14480458763433648,0
1596160241.078743,60.26801180933681,0.14480458763433648,0
1596160241.088743,62.065950156199605,0.14480458763433648,0
1596160241.098743,63.86564803217617,0.14480458763433648,0
1596160241.108743,65.66513133143154,0.14480458763433648,0
1596160241.1151588,66.81963992212978,0.14480458763433648,0
1596160241.1151588,360.0,1.7735843658447266,0
1596160241.11524,360,1.7735843658447266,1
1596160241.11524,0,0,0
1596160241.12524,1.8033027648925781,0,0
1596160241.13524,3.6011552810668945,0,0
1596160241.14524,5.402612686157227,0,0
1596160241.15524,7.200808525085449,0,0
1596160241.16524,9.001407623291016,0,0
1596160241.17524,10.801706314086914,0,0
1596160241.18524,12.600545883178711,0,0
1596160241.19524,14.401445388793945,0,0
1596160241.20524,16.201272010803223,0,0
1596160241.2102718,17.105712890625,0,0
1596160241.2102718,189.77016090369435,0.9592469334059408,0
1596160241.21524,190.66541789984913,0.9592469334059408,0
1596160241.2166407,190.91655849433155,0.9592469334059408,0
1596160241.2166407,360.0,1.89859938621521,0
1596160241.21672,360,1.89859938621521,1
1596160241.21672,0,0,0
1596160241.22672,1.8015003204345703,0,0
1596160241.23672,3.6017990112304688,0,0
1596160241.24672,5.402097702026367,0,0
1596160241.25672,7.202439308166504,0,0
1596160241.26672,9.000935554504395,0,0
1596160241.27672,10.802478790283203,0,0
1596160241.28672,12.601318359375,0,0
1596160241.29672,14.401144981384277,0,0
1596160241.30672,16.20260238647461,0,0
1596160241.31672,18.000712394714355,0,0
1596160241.32672,19.80032444000244,0,0
1596160241.33672,21.601696014404297,0,0
1596160241.34672,23.403282165527344,0,0
1596160241.35672,25.203280448913574,0,0
1596160241.36672,27.003021240234375,0,0
1596160241.366779,27.01061725616455,0,0
1596160241.366779,298.95366875842365,1.5107947305681062,0
1596160241.3743942,300.32438485339435,1.5107947305681062,0
1596160241.3743942,360.0,1.8423259258270264,0
1596160241.3744714,360,1.8423259258270264,1
1596160241.3744714,0,0,0
1596160241.3844714,1.8007707595825195,0,0
1596160241.3944714,3.6023569107055664,0,0
1596160241.4044714,5.402226448059082,0,0
1596160241.4144714,7.201066017150879,0,0
1596160241.4244714,9.001836776733398,0,0
1596160241.4344714,10.801920890808105,0,0
1596160241.4444714,12.602863311767578,0,0
1596160241.4544713,14.400801658630371,0,0
1596160241.4644713,16.199984550476074,0,0
1596160241.4744713,18.001227378845215,0,0
1596160241.4844713,19.801912307739258,0,0
1596160241.4944713,21.60311222076416,0,0
1596160241.5044713,23.40263843536377,0,0
1596160241.5144713,25.203323364257812,0,0
1596160241.5244713,27.00186252593994,0,0
1596160241.5344713,28.80216121673584,0,0
1596160241.5444713,30.60044288635254,0,0
1596160241.5544713,32.40314483642578,0,0
1596160241.5570238,32.85942077636719,0,0
1596160241.5570238,360.0,1.8174476623535156,0
1596160241.5571074,360,1.8174476623535156,1
1596160241.5571074,0,0,0
1596160241.5671074,1.8032169342041016,0,0
1596160241.5671477,1.8072509765625,0,0
1596160241.5671477,21.13251687245558,0.1073625883105171,0
1596160241.5747797,22.506279956867196,0.1073625883105171,0
1596160241.5747797,249.30156423036624,1.3673363898299562,0
1596160241.5771074,249.72355081026126,1.3673363898299562,0
1596160241.5871074,251.52191831056643,1.3673363898299562,0
1596160241.5971074,253.32225991670657,1.3673363898299562,0
1596160241.6071074,255.1221294540601,1.3673363898299562,0
1596160241.6171074,256.9227714676099,1.3673363898299562,0
1596160241.6271074,258.7235422271924,1.3673363898299562,0
1596160241.6371074,260.52130891267825,1.3673363898299562,0
1596160241.6471074,262.32139302675296,1.3673363898299562,0
1596160241.6571074,264.1213913101392,1.3673363898299562,0
1596160241.6671073,265.92220498506595,1.3673363898299562,0
1596160241.6771073,267.72228909914065,1.3673363898299562,0
1596160241.6871073,269.5228881973462,1.3673363898299562,0
1596160241.6971073,271.3229723114209,1.3673363898299562,0
1596160241.7071073,273.1222410339551,1.3673363898299562,0
1596160241.7171073,274.92271138612796,1.3673363898299562,0
1596160241.7271073,276.7234821457105,1.3673363898299562,0
1596160241.7371073,278.5226650375562,1.3673363898299562,0
1596160241.7471073,280.32326413576175,1.3673363898299562,0
1596160241.7571073,282.1209020752149,1.3673363898299562,0
1596160241.7671072,283.92261697237063,1.3673363898299562,0
1596160241.7771072,285.7216711181836,1.3673363898299562,0
1596160241.7871072,287.5224847931104,1.3673363898299562,0
1596160241.7971072,289.3230409759717,1.3673363898299562,0
1596160241.8071072,291.121065153523,1.3673363898299562,0
1596160241.8171072,292.9232950348096,1.3673363898299562,0
1596160241.8271072,294.72277833406497,1.3673363898299562,0
1596160241.8371072,296.52226163332034,1.3673363898299562,0
1596160241.8471072,298.3215303558545,1.3673363898299562,0
1596160241.8571072,300.1228160995679,1.3673363898299562,0
1596160241.8671072,301.9213123459058,1.3673363898299562,0
1596160241.8771071,303.7238426346021,1.3673363898299562,0
1596160241.8871071,305.5213947433667,1.3673363898299562,0
1596160241.8971071,307.323023809834,1.3673363898299562,0
1596160241.907107,309.1213913101392,1.3673363898299562,0
1596160241.917107,310.92053128664065,1.3673363898299562,0
1596160241.927107,312.7212162155347,1.3673363898299562,0
1596160241.937107,314.52160073701907,1.3673363898299562,0
1596160241.947107,316.32155610506106,1.3673363898299562,0
1596160241.957107,318.1218118805127,1.3673363898299562,0
1596160241.967107,319.92335511629153,1.3673363898299562,0
1596160241.977107,321.72266675416995,1.3673363898299562,0
1596160241.987107,323.5230083603101,1.3673363898299562,0
1596160241.997107,325.3209467071729,1.3673363898299562,0
1596160242.007107,327.1208162445264,1.3673363898299562,0
1596160242.017107,328.92171575014163,1.3673363898299562,0
1596160242.027107,330.72325898592044,1.3673363898299562,0
1596160242.037107,332.5237722534375,1.3673363898299562,0
1596160242.047107,334.32050897066165,1.3673363898299562,0
1596160242.057107,336.1205501693921,1.3673363898299562,0
1596160242.067107,337.9226083893018,1.3673363898299562,0
1596160242.077107,339.72299291078616,1.3673363898299562,0
1596160242.087107,341.5233345169263,1.3673363898299562,0
1596160242.097107,343.3224315780835,1.3673363898299562,0
1596160242.107107,345.12054158632327,1.3673363898299562,0
1596160242.117107,346.9234581131177,1.3673363898299562,0
1596160242.127107,348.72289849702884,1.3673363898299562,0
1596160242.137107,350.5213518280225,1.3673363898299562,0
1596160242.147107,352.3229808944898,1.3673363898299562,0
1596160242.1571069,354.12079049531985,1.3673363898299562,0
1596160242.1671069,355.92074586336184,1.3673363898299562,0
1596160242.1771069,357.723791136189,1.3673363898299562,0
1596160242.1871068,359.5212144989209,1.3673363898299562,0
1596160242.1897736,360,1.3673363898299562,1
1596160242.1897736,0,0,0
1596160242.1997736,1.801285743713379,0,0
1596160242.203638,2.4956130981445312,0,0
1596160242.203638,28.72045395240697,0.145693560301458,0
1596160242.2097735,29.826253627394763,0.145693560301458,0
1596160242.2197735,31.62483570442113,0.145693560301458,0
1596160242.2297735,33.42758056983861,0.145693560301458,0
1596160242.231261,33.69258282051,0.145693560301458,0
1596160242.231261,360.0,1.958512544631958,0
1596160242.2313397,360,1.958512544631958,1
1596160242.2313397,0,0,0
1596160242.2413397,1.8004274368286133,0,0
1596160242.2451382,2.4837255477905273,0,0
1596160242.2451382,28.58941538812101,0.14503161022405825,0
1596160242.2513397,29.70783217431486,0.14503161022405825,0
1596160242.2527676,29.96270640374601,0.14503161022405825,0
1596160242.2527676,331.4950681235923,1.8202113975565377,0
1596160242.2613397,333.03856139446634,1.8202113975565377,0
1596160242.2713397,334.83920340801615,1.8202113975565377,0
1596160242.2813396,336.6392016914024,1.8202113975565377,0
1596160242.2913396,338.4390712287559,1.8202113975565377,0
1596160242.3013396,340.24091487194437,1.8202113975565377,0
1596160242.3113396,342.0410419013633,1.8202113975565377,0
1596160242.3213396,343.840224793209,1.8202113975565377,0
1596160242.3313396,345.63923602367777,1.8202113975565377,0
1596160242.3413396,347.4402642753257,1.8202113975565377,0
1596160242.3513396,349.2402196433677,1.8202113975565377,0
1596160242.3613396,351.0406041648521,1.8202113975565377,0
1596160242.3713396,352.83995871807474,1.8202113975565377,0
1596160242.3813396,354.6405578162803,1.8202113975565377,0
1596160242.3913395,356.44034152294535,1.8202113975565377,0
1596160242.4013395,358.24008231426615,1.8202113975565377,0
1596160242.4111342,360,1.8202113975565377,1
1596160242.4111342,0,0,0
1596160242.4211342,1.8015861511230469,0,0
1596160242.4253862,2.5653505325317383,0,0
1596160242.4253862,29.489181991990595,0.1495768414414381,0
1596160242.4311342,30.524085518296747,0.1495768414414381,0
1596160242.433021,30.863460060533075,0.1495768414414381,0
1596160242.433021,341.42423455786366,1.8749144775377191,0
1596160242.4411342,342.88610284399647,1.8749144775377191,0
1596160242.4511342,344.68537156653065,1.8749144775377191,0
1596160242.4611342,346.4861852414574,1.8749144775377191,0
1596160242.4711342,348.2865697629418,1.8749144775377191,0
1596160242.4811342,350.0866967923607,1.8749144775377191,0
1596160242.4911342,351.88566510748524,1.8749144775377191,0
1596160242.5011342,353.6860496289696,1.8749144775377191,0
1596160242.5111341,355.4863054044213,1.8749144775377191,0
1596160242.5211341,357.28716199469227,1.8749144775377191,0
1596160242.5311341,359.08643071722645,1.8749144775377191,0
1596160242.5362258,360,1.8749144775377191,1
1596160242.5362258,0,0,0
1596160242.5462258,1.8001270294189453,0,0
1596160242.5506375,2.5941038131713867,0,0
1596160242.5506375,29.8061344760035,0.15117794812684507,0
1596160242.5562258,30.81533171111092,0.15117794812684507,0
1596160242.5582569,31.177623047170492,0.15117794812684507,0
1596160242.5582569,344.88730857183737,1.8940095343749943,0
1596160242.5662258,346.3221831064443,1.8940095343749943,0
1596160242.5762258,348.1229538660268,1.8940095343749943,0
1596160242.5862257,349.92363879492086,1.8940095343749943,0
1596160242.5962257,351.72449538519186,1.8940095343749943,0
1596160242.6062257,353.5233778696279,1.8940095343749943,0
1596160242.6162257,355.3230328302602,1.8940095343749943,0
1596160242.6262257,357.1242327432851,1.8940095343749943,0
1596160242.6362257,358.9231581430654,1.8940095343749943,0
1596160242.6422327,360,1.8940095343749943,1
1596160242.6422327,0,0,0
1596160242.6522326,1.803131103515625,0,0
1596160242.6558957,2.4593496322631836,0,0
1596160242.6558957,28.320715371823496,0.1436742541086684,0
1596160242.6622326,29.46372265026588,0.1436742541086684,0
1596160242.6622677,29.4676708619358,0.1436742541086684,0
1596160242.6622677,326.03820403153173,1.7912883272730902,0
1596160242.6722326,327.8341253572153,1.7912883272730902,0
1596160242.6822326,329.632407026832,1.7912883272730902,0
1596160242.6922326,331.4345939927744,1.7912883272730902,0
1596160242.7022326,333.23519309098,1.7912883272730902,0
1596160242.7122326,335.0324018769907,1.7912883272730902,0
1596160242.7222326,336.8352325730967,1.7912883272730902,0
1596160242.7322326,338.63347132736914,1.7912883272730902,0
1596160242.7422326,340.43334086472265,1.7912883272730902,0
1596160242.7522326,342.23454077774755,1.7912883272730902,0
1596160242.7622325,344.0330799394297,1.7912883272730902,0
1596160242.7722325,345.83389361435644,1.7912883272730902,0
1596160242.7822325,347.6335056596445,1.7912883272730902,0
1596160242.7922325,349.43461974198095,1.7912883272730902,0
1596160242.8022325,351.2327297502207,1.7912883272730902,0
1596160242.8122325,353.03195555741064,1.7912883272730902,0
1596160242.8222325,354.83272631699316,1.7912883272730902,0
1596160242.8322325,356.63281043106787,1.7912883272730902,0
1596160242.8422325,358.4330662065195,1.7912883272730902,0
1596160242.8509479,360,1.7912883272730902,1
1596160242.8509479,0,0,0
1596160242.8609478,1.8008995056152344,0,0
1596160242.8650117,2.5314903259277344,0,0
1596160242.8650117,29.11593496230966,0.1476913590910107,0
1596160242.867635,29.588132494963467,0.1476913590910107,0
1596160242.867635,327.366073859496,1.8020132555606359,0
1596160242.8709478,327.96444250421035,1.8020132555606359,0
1596160242.8809478,329.76542784051406,1.8020132555606359,0
1596160242.8909478,331.5650828011464,1.8020132555606359,0
1596160242.9009478,333.3625919945668,1.8020132555606359,0
1596160242.9109478,335.16349150018203,1.8020132555606359,0
1596160242.9209478,336.962545645995,1.8020132555606359,0
1596160242.9309478,338.7625868447255,1.8020132555606359,0
1596160242.9409478,340.5643446572255,1.8020132555606359,0
1596160242.9509478,342.36236883477676,1.8020132555606359,0
1596160242.9609478,344.16266752557266,1.8020132555606359,0
1596160242.9709477,345.9633524544667,1.8020132555606359,0
1596160242.9809477,347.7638657219838,1.8020132555606359,0
1596160242.9909477,349.5657522805165,1.8020132555606359,0
1596160243.0009477,351.36532141046035,1.8020132555606359,0
1596160243.0109477,353.16450430230606,1.8020132555606359,0
1596160243.0209477,354.96523214654434,1.8020132555606359,0
1596160243.0309477,356.7629988320302,1.8020132555606359,0
1596160243.0409477,358.5658724434804,1.8020132555606359,0
1596160243.0489347,360,1.8020132555606359,1
1596160243.0489347,0,0,0
1596160243.0589347,1.8007278442382812,0,0
1596160243.062776,2.491450309753418,0,0
1596160243.062776,28.67456680173645,0.14546175828879462,0
1596160243.0689347,29.784572180459595,0.14546175828879462,0
1596160243.0789347,31.58495670194397,0.14546175828879462,0
1596160243.0878801,33.19329505796204,0.14546175828879462,0
1596160243.0878801,360.0,1.9610545635223389,0
1596160243.087975,360,1.9610545635223389,1
1596160243.087975,0,0,0
1596160243.097975,1.803431510925293,0,0
1596160243.1017592,2.4811506271362305,0,0
1596160243.1017592,28.56103158358256,0.14488822753581296,0
1596160243.107975,29.682795766626995,0.14488822753581296,0
1596160243.1093757,29.932005170618694,0.14488822753581296,0
1596160243.1093757,331.1566430157264,1.8183584377864113,0
1596160243.117975,332.70700274167854,1.8183584377864113,0
1596160243.127975,334.5054560726722,1.8183584377864113,0
1596160243.137975,336.3065701550086,1.8183584377864113,0
1596160243.147975,338.1054955547889,1.8183584377864113,0
1596160243.157975,339.9075966900428,1.8183584377864113,0
1596160243.167975,341.7046767300208,1.8183584377864113,0
1596160243.177975,343.50566206632453,1.8183584377864113,0
1596160243.187975,345.3070765560706,1.8183584377864113,0
1596160243.197975,347.107461077555,1.8183584377864113,0
1596160243.207975,348.9073306149085,1.8183584377864113,0
1596160243.217975,350.7070284908851,1.8183584377864113,0
1596160243.227975,352.5068121975501,1.8183584377864113,0
1596160243.237975,354.307110888346,1.8183584377864113,0
1596160243.2479749,356.10530672727424,1.8183584377864113,0
1596160243.2579749,357.90702162443,1.8183584377864113,0
1596160243.2679749,359.70491705594856,1.8183584377864113,0
1596160243.269625,360,1.8183584377864113,1
1596160243.269625,0,0,0
1596160243.279625,1.8033456802368164,0,0
1596160243.2845027,2.6780033111572266,0,0
1596160243.2845027,30.730973440548727,0.155849834052175,0
1596160243.289625,31.654339987179586,0.155849834052175,0
1596160243.2921422,32.10606690063174,0.155849834052175,0
1596160243.2921422,355.1217089280629,1.9503811786490148,0
1596160243.299625,356.4716539964223,1.9503811786490148,0
1596160243.309625,358.2698498353505,1.9503811786490148,0
1596160243.3192477,360,1.9503811786490148,1
1596160243.3192477,0,0,0
1596160243.3292477,1.8020153045654297,0,0
1596160243.3335154,2.568182945251465,0,0
1596160243.3335154,29.520404176982897,0.14973456239850796,0
1596160243.3392477,30.554449396404284,0.14973456239850796,0
1596160243.3411334,30.89163525608446,0.14973456239850796,0
1596160243.3411334,341.7348147079859,1.8766411149090716,0
1596160243.3492477,343.19629675602056,1.8766411149090716,0
1596160243.3592477,344.9961662933741,1.8766411149090716,0
1596160243.3692477,346.79788119052984,1.8766411149090716,0
1596160243.3792477,348.59650618290044,1.8766411149090716,0
1596160243.3892477,350.39847857212163,1.8766411149090716,0
1596160243.3992476,352.19564444278814,1.8766411149090716,0
1596160243.4092476,353.99740225528814,1.8766411149090716,0
1596160243.4192476,355.79782969211675,1.8766411149090716,0
1596160243.4292476,357.5968409225855,1.8766411149090716,0
1596160243.4392476,359.39538008426763,1.8766411149090716,0
1596160243.4426253,360,1.8766411149090716,1
1596160243.4426253,0,0,0
1596160243.4526253,1.802830696105957,0,0
1596160243.457499,2.677273750305176,0,0
1596160243.457499,30.72293136259614,0.155809208957172,0
1596160243.4626253,31.647113300767526,0.155809208957172,0
1596160243.4651344,32.09729526182709,0.155809208957172,0
1596160243.4651344,355.02501760637205,1.9498521108713107,0
1596160243.4726253,356.3757351509277,1.9498521108713107,0
1596160243.4826252,358.17350183641355,1.9498521108713107,0
1596160243.4926252,359.97560297166746,1.9498521108713107,0
1596160243.492775,360,1.9498521108713107,1
1596160243.492775,0,0,0
1596160243.502775,1.801156997680664,0,0
1596160243.5077536,2.6961565017700195,0,0
1596160243.5077536,30.931079262544934,0.15686068200430509,0
1596160243.512775,31.836163872530285,0.15686068200430509,0
1596160243.5153832,32.30441319351417,0.15686068200430509,0
1596160243.5153832,357.3081150989528,1.9624368037011861,0
1596160243.522775,358.6401644687648,1.9624368037011861,0
1596160243.530346,360,1.9624368037011861,1
1596160243.530346,0,0,0
1596160243.540346,1.8030452728271484,0,0
1596160243.5442548,2.5035953521728516,0,0
1596160243.5442548,28.80844374647623,0.14613804663501875,0
1596160243.550346,29.90501662245279,0.14613804663501875,0
1596160243.5506372,29.957287511735018,0.14613804663501875,0
1596160243.5506372,331.4353347211676,1.8210160866874219,0
1596160243.560346,333.18482164438535,1.8210160866874219,0
1596160243.5703459,334.9838328748541,1.8210160866874219,0
1596160243.5803459,336.78297285135557,1.8210160866874219,0
1596160243.5903459,338.5837436109381,1.8210160866874219,0
1596160243.6003458,340.38387064035703,1.8210160866874219,0
1596160243.6103458,342.1836972623663,1.8210160866874219,0
1596160243.6203458,343.9858842283087,1.8210160866874219,0
1596160243.6303458,345.7834792524176,1.8210160866874219,0
1596160243.6403458,347.5859237104254,1.8210160866874219,0
1596160243.6503458,349.3843341260748,1.8210160866874219,0
1596160243.6603458,351.1849761396246,1.8210160866874219,0
1596160243.6703458,352.9829144864874,1.8210160866874219,0
1596160243.6803458,354.78617433603574,1.8210160866874219,0
1596160243.6903458,356.58458475168516,1.8210160866874219,0
1596160243.7003458,358.3844542890387,1.8210160866874219,0
1596160243.7093315,360,1.8210160866874219,1
1596160243.7093315,0,0,0
1596160243.7193315,1.8012428283691406,0,0
1596160243.724509,2.731947898864746,0,0
1596160243.724509,31.32561414562968,0.15885370137091628,0
1596160243.7293315,32.19683854901103,0.15885370137091628,0
1596160243.7308843,32.47317045056132,0.15885370137091628,0
1596160243.7308843,359.1683561088964,1.9738269550283334,0
1596160243.7355278,360,1.9738269550283334,1
1596160243.7355278,0,0,0
1596160243.7455277,1.800856590270996,0,0
1596160243.7555277,3.602571487426758,0,0
1596160243.7655277,5.402054786682129,0,0
1596160243.7755277,7.202181816101074,0,0
1596160243.7855277,9.001579284667969,0,0
1596160243.7955277,10.802264213562012,0,0
1596160243.8055277,12.600932121276855,0,0
1596160243.8155277,14.400157928466797,0,0
1596160243.8255277,16.203203201293945,0,0
1596160243.8355277,18.002300262451172,0,0
1596160243.8455276,19.803199768066406,0,0
1596160243.8547611,21.46200656890869,0,0
1596160243.8547611,237.79035448528938,1.2018241550910038,0
1596160243.8555276,237.93025850750618,1.2018241550910038,0
1596160243.8623772,239.16124224163704,1.2018241550910038,0
1596160243.8623772,360.0,1.8731505870819092,0
1596160243.8624556,360,1.8731505870819092,1
1596160243.8624556,0,0,0
1596160243.8724556,1.800856590270996,0,0
1596160243.8824556,3.601970672607422,0,0
1596160243.8924556,5.400853157043457,0,0
1596160243.9024556,7.20128059387207,0,0
1596160243.9124556,9.00054931640625,0,0
1596160243.9150093,9.459657669067383,0,0
1596160243.9150093,105.48634558033903,0.5334815995070648,0
1596160243.9224555,106.82835131001433,0.5334815995070648,0
1596160243.922622,106.85663252186735,0.5334815995070648,0
1596160243.922622,360.0,1.939833641052246,0
1596160243.9227004,360,1.939833641052246,1
1596160243.9227004,0,0,0
1596160243.9327004,1.8033456802368164,0,0
1596160243.9390106,2.9358386993408203,0,0
1596160243.9390106,33.57313840166766,0.17020722056848245,0
1596160243.9427004,34.23982827440936,0.17020722056848245,0
1596160243.94663,34.944626972834655,0.17020722056848245,0
1596160243.94663,360.0,1.9760704040527344,0
1596160243.9467082,360,1.9760704040527344,1
1596160243.9467082,0,0,0
1596160243.9567082,1.8004274368286133,0,0
1596160243.9605112,2.4845409393310547,0,0
1596160243.9605112,28.59840359289154,0.14507701474200269,0
1596160243.9667082,29.716090818233337,0.14507701474200269,0
1596160243.9767082,31.516947408504333,0.14507701474200269,0
1596160243.9867082,33.31445660192474,0.14507701474200269,0
1596160243.9967082,35.11449780065521,0.14507701474200269,0
1596160244.0067081,36.91548313695892,0.14507701474200269,0
1596160244.0167081,38.71591057378753,0.14507701474200269,0
1596160244.0267081,40.51565136510833,0.14507701474200269,0
1596160244.036708,42.3156925638388,0.14507701474200269,0
1596160244.046708,44.114403386897884,0.14507701474200269,0
1596160244.056708,45.91671909887298,0.14507701474200269,0
1596160244.066708,47.71482910711273,0.14507701474200269,0
1596160244.076708,49.51461281377777,0.14507701474200269,0
1596160244.086708,51.314696927852474,0.14507701474200269,0
1596160244.096708,53.11460938055023,0.14507701474200269,0
1596160244.106708,54.91662468511566,0.14507701474200269,0
1596160244.116708,56.71627964574798,0.14507701474200269,0
1596160244.1256332,58.32036938268646,0.14507701474200269,0
1596160244.1256332,360.0,1.8210749626159668,0
1596160244.1257434,360,1.8210749626159668,1
1596160244.1257434,0,0,0
1596160244.1357434,1.8001699447631836,0,0
1596160244.1395013,2.4764299392700195,0,0
1596160244.1395013,28.50899460859537,0.14462535927402972,0
1596160244.1457434,29.635951548292635,0.14462535927402972,0
1596160244.1557434,31.43582108564615,0.14462535927402972,0
1596160244.1657434,33.235776453688146,0.14462535927402972,0
1596160244.1757433,35.03590348310709,0.14462535927402972,0
1596160244.1857433,36.833069353773595,0.14462535927402972,0
1596160244.1957433,38.635857134535314,0.14462535927402972,0
1596160244.2057433,40.43405297346354,0.14462535927402972,0
1596160244.2157433,42.234609156324865,0.14462535927402972,0
1596160244.2257433,44.035337000563146,0.14462535927402972,0
1596160244.2357433,45.83293202467203,0.14462535927402972,0
1596160244.2457433,47.63378861494303,0.14462535927402972,0
1596160244.2557433,49.43404439039469,0.14462535927402972,0
1596160244.2657433,51.23575928755045,0.14462535927402972,0
1596160244.2757432,53.03455594129801,0.14462535927402972,0
1596160244.2857432,54.835412531569006,0.14462535927402972,0
1596160244.2957432,56.63412335462809,0.14462535927402972,0
1596160244.3057432,58.43523743696451,0.14462535927402972,0
1596160244.3157432,60.234205752089025,0.14462535927402972,0
1596160244.3257432,62.03338864393473,0.14462535927402972,0
1596160244.3258662,62.054674654676916,0.14462535927402972,0
1596160244.3258662,360.0,1.7998771667480469,0
1596160244.3259513,360,1.7998771667480469,1
1596160244.3259513,0,0,0
1596160244.3347538,1.5844345092773438,0,0
1596160244.3347538,18.67637165305985,0.09495520635434726,0
1596160244.3359513,18.894381601790318,0.09495520635434726,0
1596160244.3459513,20.694036562422642,0.09495520635434726,0
1596160244.3559513,22.49407776115311,0.09495520635434726,0
1596160244.3561187,22.52205856559647,0.09495520635434726,0
1596160244.3561187,249.47549461743046,1.355807628864536,0
1596160244.3659513,251.2480270805042,1.355807628864536,0
1596160244.3759513,253.0455362739246,1.355807628864536,0
1596160244.3859513,254.84725117108036,1.355807628864536,0
1596160244.3959513,256.6487085761707,1.355807628864536,0
1596160244.4059513,258.4466469230335,1.355807628864536,0
1596160244.4159513,260.24544357678104,1.355807628864536,0
1596160244.4259512,262.047373050658,1.355807628864536,0
1596160244.4359512,263.8461267890613,1.355807628864536,0
1596160244.4459512,265.64599632641483,1.355807628864536,0
1596160244.4559512,267.4456942023914,1.355807628864536,0
1596160244.4659512,269.2463362159412,1.355807628864536,0
1596160244.4759512,271.04749321362186,1.355807628864536,0
1596160244.4859512,272.84586071392704,1.355807628864536,0
1596160244.4959512,274.64787601849247,1.355807628864536,0
1596160244.5059512,276.4483034553211,1.355807628864536,0
1596160244.5159512,278.24667095562626,1.355807628864536,0
1596160244.5259511,280.04864334484745,1.355807628864536,0
1596160244.5359511,281.8461954536121,1.355807628864536,0
1596160244.5459511,283.6465799750965,1.355807628864536,0
1596160244.555951,285.44709324261356,1.355807628864536,0
1596160244.565951,287.2480785789173,1.355807628864536,0
1596160244.575951,289.047991031615,1.355807628864536,0
1596160244.585951,290.84730266949344,1.355807628864536,0
1596160244.595951,292.6458847465198,1.355807628864536,0
1596160244.605951,294.4473850669544,1.355807628864536,0
1596160244.615951,296.2474691810291,1.355807628864536,0
1596160244.625951,298.0465233268421,1.355807628864536,0
1596160244.635951,299.8469507636707,1.355807628864536,0
1596160244.645951,301.6455757560413,1.355807628864536,0
1596160244.655951,303.4476768912952,1.355807628864536,0
1596160244.665951,305.24565815350223,1.355807628864536,0
1596160244.675951,307.0470726432483,1.355807628864536,0
1596160244.685951,308.84861587902714,1.355807628864536,0
1596160244.695951,310.646210903136,1.355807628864536,0
1596160244.705951,312.4476253928821,1.355807628864536,0
1596160244.715951,314.2465937080066,1.355807628864536,0
1596160244.725951,316.0471928062122,1.355807628864536,0
1596160244.735951,317.8470194282215,1.355807628864536,0
1596160244.745951,319.64573025128055,1.355807628864536,0
1596160244.755951,321.4469730796497,1.355807628864536,0
1596160244.765951,323.2469284476917,1.355807628864536,0
1596160244.775951,325.04864334484745,1.355807628864536,0
1596160244.785951,326.8476545753162,1.355807628864536,0
1596160244.795951,328.64791035076786,1.355807628864536,0
1596160244.8059509,330.4467928352039,1.355807628864536,0
1596160244.8159509,332.2461903037708,1.355807628864536,0
1596160244.8259509,334.04777645489384,1.355807628864536,0
1596160244.8359509,335.84674477001835,1.355807628864536,0
1596160244.8459508,337.64549850842167,1.355807628864536,0
1596160244.8559508,339.4472992362659,1.355807628864536,0
1596160244.8659508,341.246010059325,1.355807628864536,0
1596160244.8759508,343.04849743267704,1.355807628864536,0
1596160244.8859508,344.8458349647205,1.355807628864536,0
1596160244.8959508,346.6463911475818,1.355807628864536,0
1596160244.9059508,348.44707607647587,1.355807628864536,0
1596160244.9159508,350.2454864921253,1.355807628864536,0
1596160244.9259508,352.0479309501331,1.355807628864536,0
1596160244.9359508,353.84694218060184,1.355807628864536,0
1596160244.9459507,355.6476700248401,1.355807628864536,0
1596160244.9559507,357.4480545463245,1.355807628864536,0
1596160244.9659507,359.2465937080066,1.355807628864536,0
1596160244.9701624,360,1.355807628864536,1
1596160244.9701624,0,0,0
1596160244.9801624,1.8019723892211914,0,0
1596160244.985022,2.674741744995117,0,0
1596160244.985022,30.69502062146666,0.15566821598039746,0
1596160244.986363,30.936376517462755,0.15566821598039746,0
1596160244.986363,342.2280055236511,1.8850661549036662,0
1596160244.9901624,342.9149514388733,1.8850661549036662,0
1596160244.9902403,342.9259377669983,1.8850661549036662,0
1596160244.9902403,360.0,1.9799220561981201,0
1596160244.9903178,360,1.9799220561981201,1
1596160244.9903178,0,0,0
1596160245.0003178,1.8023157119750977,0,0
1596160245.0103178,3.603215217590332,0,0
1596160245.0203178,5.401411056518555,0,0
1596160245.0303178,7.201967239379883,0,0
1596160245.0403178,9.000935554504395,0,0
1596160245.0503178,10.802950859069824,0,0
1596160245.0603178,12.600245475769043,0,0
1596160245.0703177,14.403290748596191,0,0
1596160245.0803177,16.20032787322998,0,0
1596160245.0903177,18.001699447631836,0,0
1596160245.1003177,19.80036735534668,0,0
1596160245.1103177,21.603240966796875,0,0
1596160245.1203177,23.40160846710205,0,0
1596160245.1303177,25.202722549438477,0,0
1596160245.1403177,27.000575065612793,0,0
1596160245.1503177,28.80143165588379,0,0
1596160245.1603177,30.60164451599121,0,0
1596160245.1703176,32.40288734436035,0,0
1596160245.1803176,34.20164108276367,0,0
1596160245.1903176,36.00245475769043,0,0
1596160245.2003176,37.8010368347168,0,0
1596160245.2103176,39.601120948791504,0,0
1596160245.2203176,41.40223503112793,0,0
1596160245.2303176,43.20244789123535,0,0
1596160245.2403176,45.00072956085205,0,0
1596160245.2503176,46.80051326751709,0,0
1596160245.2603176,48.601412773132324,0,0
1596160245.2703176,50.39995193481445,0,0
1596160245.2803175,52.20334053039551,0,0
1596160245.2903175,54.00175094604492,0,0
1596160245.3003175,55.80059051513672,0,0
1596160245.3103175,57.60161876678467,0,0
1596160245.3203175,59.40037250518799,0,0
1596160245.3303175,61.200242042541504,0,0
1596160245.3403175,63.002986907958984,0,0
1596160245.3503175,64.80272769927979,0,0
1596160245.3603175,66.6022539138794,0,0
1596160245.3703175,68.401780128479,0,0
1596160245.3803174,70.20104885101318,0,0
1596160245.3903174,72.00186252593994,0,0
1596160245.4003174,73.80108833312988,0,0
1596160245.4103174,75.60245990753174,0,0
1596160245.4203174,77.40258693695068,0,0
1596160245.4303174,79.19996738433838,0,0
1596160245.4403174,81.00181102752686,0,0
1596160245.4503174,82.80275344848633,0,0
1596160245.4603174,84.60172176361084,0,0
1596160245.4703174,86.40275001525879,0,0
1596160245.4803174,88.20266246795654,0,0
1596160245.4903173,90.00287532806396,0,0
1596160245.5003173,91.8023157119751,0,0
1596160245.5103173,93.60064029693604,0,0
1596160245.5203173,95.40076732635498,0,0
1596160245.5303173,97.2009801864624,0,0
1596160245.5403173,99.00226593017578,0,0
1596160245.5503173,100.80200672149658,0,0
1596160245.5603173,102.60161876678467,0,0
1596160245.5703173,104.40256118774414,0,0
1596160245.5803173,106.20195865631104,0,0
1596160245.5903172,108.0027723312378,0,0
1596160245.6003172,109.80019569396973,0,0
1596160245.6103172,111.60199642181396,0,0
1596160245.6203172,113.40139389038086,0,0
1596160245.6303172,115.20023345947266,0,0
1596160245.6403172,117.00143337249756,0,0
1596160245.6503172,118.80061626434326,0,0
1596160245.6603172,120.60215950012207,0,0
1596160245.6703172,122.40121364593506,0,0
1596160245.6803172,124.20108318328857,0,0
1596160245.6903172,126.00069522857666,0,0
1596160245.7003171,127.80279636383057,0,0
1596160245.7103171,129.6011209487915,0,0
1596160245.7203171,131.4021921157837,0,0
1596160245.730317,133.2029628753662,0,0
1596160245.7328749,133.66026878356934,0,0
1596160245.7328749,360.0,1.2574429512023926,0
1596160245.7329948,360,1.2574429512023926,1
1596160245.7329948,0,0,0
1596160245.7429948,1.8002986907958984,0,0
1596160245.7529948,3.602743148803711,0,0
1596160245.759245,4.725022315979004,0,0
1596160245.759245,53.29562498522463,0.269836681495809,0
1596160245.7629948,53.97149874163332,0.269836681495809,0
1596160245.7668624,54.66677023363771,0.269836681495809,0
1596160245.7668624,360.0,1.966132402420044,0
1596160245.76694,360,1.966132402420044,1
1596160245.76694,0,0,0
1596160245.77694,1.8001270294189453,0,0
1596160245.7819843,2.707958221435547,0,0
1596160245.7819843,31.061171700012924,0.1575178526587632,0
1596160245.78694,31.955355812561752,0.1575178526587632,0
1596160245.7958539,33.557686020386456,0.1575178526587632,0
1596160245.7958539,360.0,1.9710862636566162,0
1596160245.7959344,360,1.9710862636566162,1
1596160245.7959344,0,0,0
1596160245.8059344,1.8013715744018555,0,0
1596160245.8097289,2.4829959869384766,0,0
1596160245.8097289,28.581373310168466,0.1449909851290555,0
1596160245.8159344,29.70017633446046,0.1449909851290555,0
1596160245.8259344,31.5014191628296,0.1449909851290555,0
1596160245.8359344,33.29862794884034,0.1449909851290555,0
1596160245.8459344,35.09866914757081,0.1449909851290555,0
1596160245.8559344,36.901328182299814,0.1449909851290555,0
1596160245.8659344,38.70136938103028,0.1449909851290555,0
1596160245.8759344,40.500595188220224,0.1449909851290555,0
1596160245.8859344,42.30063638695069,0.1449909851290555,0
1596160245.892377,43.4580203057129,0.1449909851290555,0
1596160245.892377,360.0,1.903557538986206,0
1596160245.8924587,360,1.903557538986206,1
1596160245.8924587,0,0,0
1596160245.9024587,1.802830696105957,0,0
1596160245.9062455,2.4816226959228516,0,0
1596160245.9062455,28.56623528108127,0.1449145143619912,0
1596160245.9124587,29.685467458815644,0.1449145143619912,0
1596160245.9224586,31.487139440627168,0.1449145143619912,0
1596160245.9324586,33.28666565522678,0.1449145143619912,0
1596160245.9424586,35.085762716384004,0.1449145143619912,0
1596160245.9524586,36.88533184632785,0.1449145143619912,0
1596160245.9624586,38.68567345246799,0.1449145143619912,0
1596160245.9724586,40.48541424378879,0.1449145143619912,0
1596160245.9751134,40.96246121034152,0.1449145143619912,0
1596160245.9751134,360.0,1.9173452854156494,0
1596160245.9751933,360,1.9173452854156494,1
1596160245.9751933,0,0,0
1596160245.9851933,1.8013286590576172,0,0
1596160245.990232,2.7069711685180664,0,0
1596160245.990232,31.050291241606534,0.15746288929493593,0
1596160245.9951932,31.944561184843838,0.15746288929493593,0
1596160246.0051932,33.74408739944345,0.15746288929493593,0
1596160246.0151932,35.54515856643564,0.15746288929493593,0
1596160246.0251932,37.34537142654306,0.15746288929493593,0
1596160246.0351932,39.14485472579843,0.15746288929493593,0
1596160246.0451932,40.94506758590585,0.15746288929493593,0
1596160246.0491061,41.647634686430756,0.15746288929493593,0
1596160246.0491061,360.0,1.9260871410369873,0
1596160246.049186,360,1.9260871410369873,1
1596160246.049186,0,0,0
1596160246.059186,1.8008995056152344,0,0
1596160246.0629916,2.485013008117676,0,0
1596160246.0629916,28.60360729039028,0.14510330156818113,0
1596160246.069186,29.719792478683736,0.14510330156818113,0
1596160246.079186,31.519275777939107,0.14510330156818113,0
1596160246.0818522,31.998511427047994,0.14510330156818113,0
1596160246.0818522,353.93610597204645,1.933645493484839,0
1596160246.089186,355.25639653753717,1.933645493484839,0
1596160246.099186,357.0580685193487,1.933645493484839,0
1596160246.109186,358.858796363587,1.933645493484839,0
1596160246.1155498,360,1.933645493484839,1
1596160246.1155498,0,0,0
1596160246.1255498,1.803431510925293,0,0
1596160246.1296067,2.530245780944824,0,0
1596160246.1296067,29.102216123449434,0.14762205745835894,0
1596160246.1355498,30.173297284948458,0.14762205745835894,0
1596160246.1360002,30.253033994543184,0.14762205745835894,0
1596160246.1360002,334.6954003651161,1.838968537294875,0
1596160246.1455498,336.41729272198864,1.838968537294875,0
1596160246.1555498,338.21432984662243,1.838968537294875,0
1596160246.1655498,340.0153580982704,1.838968537294875,0
1596160246.1755497,341.8152276356239,1.838968537294875,0
1596160246.1855497,343.61617005658337,1.838968537294875,0
1596160246.1955497,345.4150525410194,1.838968537294875,0
1596160246.2055497,347.2163382847328,1.838968537294875,0
1596160246.2155497,349.01444829297253,1.838968537294875,0
1596160246.2255497,350.8166352589149,1.838968537294875,0
1596160246.2355497,352.6143590290565,1.838968537294875,0
1596160246.2455497,354.41568768811413,1.838968537294875,0
1596160246.2555497,356.21521390271374,1.838968537294875,0
1596160246.2655497,358.0151263554115,1.838968537294875,0
1596160246.2755497,359.81628335309216,1.838968537294875,0
1596160246.276588,360,1.838968537294875,1
1596160246.276588,0,0,0
1596160246.286588,1.800684928894043,0,0
1596160246.2911072,2.6134586334228516,0,0
1596160246.2911072,30.019486073451006,0.15225570800015642,0
1596160246.296588,31.00868475814339,0.15225570800015642,0
1596160246.2974813,31.166827801661455,0.15225570800015642,0
1596160246.2974813,344.7683106765192,1.8944861684160328,0
1596160246.306588,346.40990842432194,1.8944861684160328,0
1596160246.316588,348.2080184325617,1.8944861684160328,0
1596160246.326588,350.0075446471613,1.8944861684160328,0
1596160246.336588,351.8088733062189,1.8944861684160328,0
1596160246.346588,353.60964406580143,1.8944861684160328,0
1596160246.356588,355.41020024866276,1.8944861684160328,0
1596160246.3665879,357.21049893945866,1.8944861684160328,0
1596160246.3765879,359.0098105773371,1.8944861684160328,0
1596160246.3821094,360,1.8944861684160328,1
1596160246.3821094,0,0,0
1596160246.3921094,1.8031740188598633,0,0
1596160246.3951168,2.34133243560791,0,0
1596160246.3951168,27.019790997143563,0.13710254756408696,0
1596160246.4021094,28.281244625683602,0.13710254756408696,0
1596160246.402755,28.39466988050538,0.13710254756408696,0
1596160246.402755,314.21032495662297,1.7249672979869624,0
1596160246.4121094,315.8971125619086,1.7249672979869624,0
1596160246.4221094,317.6965100304755,1.7249672979869624,0
1596160246.4321094,319.49517793819035,1.7249672979869624,0
1596160246.4421093,321.2968499200019,1.7249672979869624,0
1596160246.4521093,323.09646196528996,1.7249672979869624,0
1596160246.4621093,324.897146894184,1.7249672979869624,0
1596160246.4721093,326.6955143944892,1.7249672979869624,0
1596160246.4821093,328.49525518581,1.7249672979869624,0
1596160246.4921093,330.2947814004096,1.7249672979869624,0
1596160246.5021093,332.0943934456977,1.7249672979869624,0
1596160246.5121093,333.8945204751166,1.7249672979869624,0
1596160246.5221093,335.69554872676457,1.7249672979869624,0
1596160246.5321093,337.4953324334296,1.7249672979869624,0
1596160246.5421093,339.29623193904484,1.7249672979869624,0
1596160246.5521092,341.09700269862736,1.7249672979869624,0
1596160246.5621092,342.89605684444035,1.7249672979869624,0
1596160246.5721092,344.6945960061225,1.7249672979869624,0
1596160246.5821092,346.49510927363957,1.7249672979869624,0
1596160246.5921092,348.29716749354924,1.7249672979869624,0
1596160246.6021092,350.09579248591984,1.7249672979869624,0
1596160246.6121092,351.89677782222356,1.7249672979869624,0
1596160246.6221092,353.69428701564397,1.7249672979869624,0
1596160246.6321092,355.49570150539006,1.7249672979869624,0
1596160246.6421092,357.2944981591376,1.7249672979869624,0
1596160246.6521091,359.09668512508,1.7249672979869624,0
1596160246.6571434,360,1.7249672979869624,1
1596160246.6571434,0,0,0
1596160246.6671433,1.8020153045654297,0,0
1596160246.6716137,2.604660987854004,0,0
1596160246.6716137,29.92250807461123,0.15176581714865126,0
1596160246.6729827,30.16892798122744,0.15176581714865126,0
1596160246.6729827,333.7682849456642,1.8384289113955221,0
1596160246.6771433,334.51964679258805,1.8384289113955221,0
1596160246.6871433,336.31861510771256,1.8384289113955221,0
1596160246.6971433,338.11925712126236,1.8384289113955221,0
1596160246.7071433,339.91818252104264,1.8384289113955221,0
1596160246.7171433,341.7183095504616,1.8384289113955221,0
1596160246.7271433,343.52015319365006,1.8384289113955221,0
1596160246.7371433,345.3177911331032,1.8384289113955221,0
1596160246.7471433,347.1195918609474,1.8384289113955221,0
1596160246.7571433,348.91765895384293,1.8384289113955221,0
1596160246.7671432,350.7183867980812,1.8384289113955221,0
1596160246.7771432,352.5174409438942,1.8384289113955221,0
1596160246.7871432,354.31937041777115,1.8384289113955221,0
1596160246.7971432,356.1195832778786,1.8384289113955221,0
1596160246.8071432,357.917993693528,1.8384289113955221,0
1596160246.8171432,359.71902194517594,1.8384289113955221,0
1596160246.8187177,360,1.8384289113955221,1
1596160246.8187177,0,0,0
1596160246.8287177,1.8021869659423828,0,0
1596160246.8331122,2.5910139083862305,0,0
1596160246.8331122,29.77207391055735,0.15100588890095065,0
1596160246.8344717,30.01677720340403,0.15100588890095065,0
1596160246.8344717,332.0911000852647,1.8291965715779546,0
1596160246.8387177,332.85795437145856,1.8291965715779546,0
1596160246.8487177,334.6560643796983,1.8291965715779546,0
1596160246.8587177,336.45722137737897,1.8291965715779546,0
1596160246.8687177,338.25546013165143,1.8291965715779546,0
1596160246.8787177,340.05781875897077,1.8291965715779546,0
1596160246.8887177,341.85751663494733,1.8291965715779546,0
1596160246.8987176,343.65875946331647,1.8291965715779546,0
1596160246.9087176,345.45871483135846,1.8291965715779546,0
1596160246.9187176,347.25652443218854,1.8291965715779546,0
1596160246.9287176,349.0581534986558,1.8291965715779546,0
1596160246.9387176,350.8572076444688,1.8291965715779546,0
1596160246.9487176,352.65686260510114,1.8291965715779546,0
1596160246.9587176,354.4587062482896,1.8291965715779546,0
1596160246.9687176,356.25745998669294,1.8291965715779546,0
1596160246.9787176,358.0572866087022,1.8291965715779546,0
1596160246.9887176,359.8577998762193,1.8291965715779546,0
1596160246.9895337,360,1.8291965715779546,1
1596160246.9895337,0,0,0
1596160246.9995337,1.8019723892211914,0,0
1596160247.002101,2.262110710144043,0,0
1596160247.002101,26.14651594417657,0.1326911401890696,0
1596160247.0095336,27.48461637752618,0.1326911401890696,0
1596160247.0134768,28.194178679161922,0.1326911401890696,0
1596160247.0134768,312.0002750814473,1.7093916757573218,0
1596160247.0195336,313.0930714071309,1.7093916757573218,0
1596160247.0295336,314.8934988439595,1.7093916757573218,0
1596160247.0395336,316.69332546596877,1.7093916757573218,0
1596160247.0495336,318.49147838955275,1.7093916757573218,0
1596160247.0595336,320.29134792690627,1.7093916757573218,0
1596160247.0695336,322.0912174642598,1.7093916757573218,0
1596160247.0795336,323.89203113918654,1.7093916757573218,0
1596160247.0895336,325.6914715230977,1.7093916757573218,0
1596160247.0995336,327.4924568594014,1.7093916757573218,0
1596160247.1095335,329.2936996877705,1.7093916757573218,0
1596160247.1195335,331.09348339443557,1.7093916757573218,0
1596160247.1295335,332.89185089474074,1.7093916757573218,0
1596160247.1395335,334.69283623104445,1.7093916757573218,0
1596160247.1495335,336.49124664669387,1.7093916757573218,0
1596160247.1595335,338.29266113643996,1.7093916757573218,0
1596160247.1695335,340.09184402828566,1.7093916757573218,0
1596160247.1795335,341.8915419042622,1.7093916757573218,0
1596160247.1895335,343.69175476436965,1.7093916757573218,0
1596160247.1995335,345.492139285854,1.7093916757573218,0
1596160247.2095335,347.29157966976516,1.7093916757573218,0
1596160247.2195334,349.0912775457417,1.7093916757573218,0
1596160247.2295334,350.8935503423726,1.7093916757573218,0
1596160247.2395334,352.6912741125142,1.7093916757573218,0
1596160247.2495334,354.490843242458,1.7093916757573218,0
1596160247.2595334,356.2921289861714,1.7093916757573218,0
1596160247.2695334,358.09238476162307,1.7093916757573218,0
1596160247.2795334,359.8906235158955,1.7093916757573218,0
1596160247.2801461,360,1.7093916757573218,1
1596160247.2801461,0,0,0
1596160247.290146,1.8018865585327148,0,0
1596160247.2936072,2.4230003356933594,0,0
1596160247.2936072,27.920030664422086,0.14165016849293738,0
1596160247.300146,29.09745604894357,0.14165016849293738,0
1596160247.310146,30.89921386144357,0.14165016849293738,0
1596160247.320146,32.69843966863351,0.14165016849293738,0
1596160247.330146,34.498867105462125,0.14165016849293738,0
1596160247.338729,36.041931222893766,0.14165016849293738,0
1596160247.338729,360.0,1.9414172172546387,0
1596160247.338809,360,1.9414172172546387,1
1596160247.338809,0,0,0
1596160247.348809,1.8023157119750977,0,0
1596160247.3525927,2.481064796447754,0,0
1596160247.3525927,28.560085456764632,0.14488344811287154,0
1596160247.358809,29.679918449318343,0.14488344811287154,0
1596160247.3602307,29.93492142478221,0.14488344811287154,0
1596160247.3602307,331.18878939974167,1.8185160479737574,0
1596160247.368809,332.7361879669414,1.8185160479737574,0
1596160247.378809,334.5353708587871,1.8185160479737574,0
1596160247.388809,336.3330087982402,1.8185160479737574,0
1596160247.398809,338.1346378647075,1.8185160479737574,0
1596160247.408809,339.93476489412643,1.8185160479737574,0
1596160247.418809,341.735363992332,1.8185160479737574,0
1596160247.428809,343.53304484712936,1.8185160479737574,0
1596160247.438809,345.3336439453349,1.8185160479737574,0
1596160247.448809,347.1333847366557,1.8185160479737574,0
1596160247.458809,348.9332971893535,1.8185160479737574,0
1596160247.468809,350.7335958801494,1.8185160479737574,0
1596160247.4788089,352.5361690841899,1.8185160479737574,0
1596160247.4888089,354.33449366915085,1.8185160479737574,0
1596160247.4988089,356.13401988375045,1.8185160479737574,0
1596160247.5088089,357.93530562746383,1.8185160479737574,0
1596160247.5188088,359.7360334717021,1.8185160479737574,0
1596160247.5203013,360,1.8185160479737574,1
1596160247.5203013,0,0,0
1596160247.5303013,1.8030881881713867,0,0
1596160247.5353472,2.708258628845215,0,0
1596160247.5353472,31.064483143875748,0.1575345806390585,0
1596160247.5403013,31.957508542130142,0.1575345806390585,0
1596160247.5429661,32.43588588435426,0.1575345806390585,0
1596160247.5429661,358.7573617593208,1.970431668833317,0
1596160247.5498712,360,1.970431668833317,1
1596160247.5498712,0,0,0
1596160247.5598712,1.8027877807617188,0,0
1596160247.5698712,3.602442741394043,0,0
1596160247.5798712,5.402998924255371,0,0
1596160247.5898712,7.20304012298584,0,0
1596160247.5998712,9.002137184143066,0,0
1596160247.6098711,10.802178382873535,0,0
1596160247.6198711,12.601618766784668,0,0
1596160247.6298711,14.402518272399902,0,0
1596160247.6393476,16.10574245452881,0,0
1596160247.6393476,178.74731041117911,0.903564266425835,0
1596160247.6398711,178.84163833781486,0.903564266425835,0
1596160247.6457179,179.89396549388175,0.903564266425835,0
1596160247.6457179,360.0,1.9041533470153809,0
1596160247.6457953,360,1.9041533470153809,1
1596160247.6457953,0,0,0
1596160247.6557953,1.8022727966308594,0,0
1596160247.6657953,3.6003828048706055,0,0
1596160247.6757953,5.402612686157227,0,0
1596160247.6857953,7.200808525085449,0,0
1596160247.6957953,9.000163078308105,0,0
1596160247.7057953,10.801362991333008,0,0
1596160247.7157953,12.600975036621094,0,0
1596160247.7257953,14.401273727416992,0,0
1596160247.7357953,16.20037078857422,0,0
1596160247.7457952,18.00157070159912,0,0
1596160247.7557952,19.801526069641113,0,0
1596160247.7657952,21.601953506469727,0,0
1596160247.7757952,23.40190887451172,0,0
1596160247.7857952,25.200276374816895,0,0
1596160247.7957952,27.00113296508789,0,0
1596160247.7958438,27.008728981018066,0,0
1596160247.7958438,298.93285396842913,1.5106895832633946,0
1596160247.8034685,300.30528667716936,1.5106895832633946,0
1596160247.8034685,360.0,1.8423268795013428,0
1596160247.8035462,360,1.8423268795013428,1
1596160247.8035462,0,0,0
1596160247.8135462,1.8032169342041016,0,0
1596160247.8235462,3.6010265350341797,0,0
1596160247.8335462,5.4018402099609375,0,0
1596160247.8435462,7.20128059387207,0,0
1596160247.8535461,9.000978469848633,0,0
1596160247.8635461,10.80054759979248,0,0
1596160247.8735461,12.601318359375,0,0
1596160247.883546,14.401531219482422,0,0
1596160247.8873475,15.084228515625,0,0
1596160247.8873475,167.48698208735837,0.8466819642874076,0
1596160247.893546,168.60363934443845,0.8466819642874076,0
1596160247.8949647,168.85808442042722,0.8466819642874076,0
1596160247.8949647,360.0,1.9085814952850342,0
1596160247.8950424,360,1.9085814952850342,1
1596160247.8950424,0,0,0
1596160247.9050424,1.800684928894043,0,0
1596160247.9088464,2.484712600708008,0,0
1596160247.9088464,28.60029584652743,0.14508657358788568,0
1596160247.9150424,29.716309373443934,0.14508657358788568,0
1596160247.9250424,31.516221826141688,0.14508657358788568,0
1596160247.9350424,33.3166492629703,0.14508657358788568,0
1596160247.9364603,33.5707939315494,0.14508657358788568,0
1596160247.9364603,360.0,1.9585821628570557,0
1596160247.9365427,360,1.9585821628570557,1
1596160247.9365427,0,0,0
1596160247.9465427,1.8026161193847656,0,0
1596160247.9515905,2.708601951599121,0,0
1596160247.9515905,31.068267651147547,0.15755369833082458,0
1596160247.9565427,31.96030599648446,0.15755369833082458,0
1596160247.9665427,33.76197797829598,0.15755369833082458,0
1596160247.9765427,35.56167585427254,0.15755369833082458,0
1596160247.9792128,36.040267773217856,0.15755369833082458,0
1596160247.9792128,360.0,1.9573299884796143,0
1596160247.9792914,360,1.9573299884796143,1
1596160247.9792914,0,0,0
1596160247.9892914,1.8018007278442383,0,0
1596160247.9943485,2.710275650024414,0,0
1596160247.9943485,31.086717124097547,0.15764689707818408,0
1596160247.9992914,31.97952794563075,0.15764689707818408,0
1596160248.0092914,33.77729463111659,0.15764689707818408,0
1596160248.0192914,35.5782799674203,0.15764689707818408,0
1596160248.0232246,36.28440904151698,0.15764689707818408,0
1596160248.0232246,360.0,1.9560668468475342,0
1596160248.0234842,360,1.9560668468475342,1
1596160248.0234842,0,0,0
1596160248.0334842,1.8032169342041016,0,0
1596160248.0370917,2.449350357055664,0,0
1596160248.0370917,28.210491597532453,0.14311745133598217,0
1596160248.0434842,29.363541066526594,0.14311745133598217,0
1596160248.0534842,31.162208974241437,0.14311745133598217,0
1596160248.0634842,32.964310109495344,0.14311745133598217,0
1596160248.0734842,34.76147598016185,0.14311745133598217,0
1596160248.0834842,36.56319087731761,0.14311745133598217,0
1596160248.0934842,38.36250251519603,0.14311745133598217,0
1596160248.1034842,40.16147083032054,0.14311745133598217,0
1596160248.1134841,41.96344321954173,0.14311745133598217,0
1596160248.1234841,43.76322692620677,0.14311745133598217,0
1596160248.1334841,45.563311040281484,0.14311745133598217,0
1596160248.143484,47.361506879209706,0.14311745133598217,0
1596160248.153484,49.16150516259594,0.14311745133598217,0
1596160248.163484,50.96274799096508,0.14311745133598217,0
1596160248.173484,52.76193088281078,0.14311745133598217,0
1596160248.183484,54.56188625085277,0.14311745133598217,0
1596160248.193484,56.36325782525463,0.14311745133598217,0
1596160248.203484,58.164114415525624,0.14311745133598217,0
1596160248.213484,59.962353169798085,0.14311745133598217,0
1596160248.223484,61.76248019921703,0.14311745133598217,0
1596160248.227225,62.43449157464428,0.14311745133598217,0
1596160248.227225,360.0,1.7962591648101807,0
1596160248.2273068,360,1.7962591648101807,1
1596160248.2273068,0,0,0
1596160248.233599,1.1325788497924805,0,0
1596160248.233599,13.695487019967073,0.06979393427874774,0
1596160248.2373068,14.365052220772737,0.06979393427874774,0
1596160248.2473068,16.16444968933963,0.06979393427874774,0
1596160248.2573068,17.964791295479767,0.06979393427874774,0
1596160248.2673068,19.765089986275665,0.06979393427874774,0
1596160248.2773068,21.564830777596466,0.06979393427874774,0
1596160248.2873068,23.36607360596561,0.06979393427874774,0
1596160248.2973068,25.16487025971317,0.06979393427874774,0
1596160248.3073068,26.964696881722446,0.06979393427874774,0
1596160248.3173068,28.763922688912388,0.06979393427874774,0
1596160248.3273067,30.565508840035434,0.06979393427874774,0
1596160248.3373067,32.36516380066776,0.06979393427874774,0
1596160248.3473067,34.16464709992313,0.06979393427874774,0
1596160248.3573067,35.966276166390415,0.06979393427874774,0
1596160248.3673067,37.7658882116785,0.06979393427874774,0
1596160248.3773067,39.56558608765506,0.06979393427874774,0
1596160248.3873067,41.36288070435428,0.06979393427874774,0
1596160248.3973067,43.1662263845911,0.06979393427874774,0
1596160248.4073067,44.965065953682895,0.06979393427874774,0
1596160248.4173067,46.76394843811893,0.06979393427874774,0
1596160248.4273067,48.56596374268436,0.06979393427874774,0
1596160248.4373066,50.36420249695682,0.06979393427874774,0
1596160248.4473066,52.16531657929325,0.06979393427874774,0
1596160248.4573066,53.96582984681034,0.06979393427874774,0
1596160248.4673066,55.764154431771274,0.06979393427874774,0
1596160248.4773066,57.565654752205845,0.06979393427874774,0
1596160248.479964,58.04119968171024,0.06979393427874774,0
1596160248.479964,360.0,1.747342824935913,0
1596160248.4800448,360,1.747342824935913,1
1596160248.4800448,0,0,0
1596160248.4900448,1.8017148971557617,0,0
1596160248.5000448,3.600296974182129,0,0
1596160248.5100448,5.4001665115356445,0,0
1596160248.515082,6.306667327880859,0,0
1596160248.515082,70.73037692298071,0.35790949775055475,0
1596160248.5200448,71.6241747974314,0.35790949775055475,0
1596160248.5239587,72.3282010196604,0.35790949775055475,0
1596160248.5239587,360.0,1.9560861587524414,0
1596160248.5240364,360,1.9560861587524414,1
1596160248.5240364,0,0,0
1596160248.5340364,1.8008136749267578,0,0
1596160248.5390842,2.708601951599121,0,0
1596160248.5390842,31.068267651147547,0.15755369833082458,0
1596160248.5440364,31.96159345681161,0.15755369833082458,0
1596160248.5504587,33.115672894067465,0.15755369833082458,0
1596160248.5504587,360.0,1.9735777378082275,0
1596160248.550537,360,1.9735777378082275,1
1596160248.550537,0,0,0
1596160248.560537,1.8017148971557617,0,0
1596160248.5643454,2.485485076904297,0,0
1596160248.5643454,28.608810987889,0.14512958839435947,0
1596160248.570537,29.72671278995199,0.14512958839435947,0
1596160248.580537,31.526153173863122,0.14512958839435947,0
1596160248.590537,33.32469233554525,0.14512958839435947,0
1596160248.600537,35.124089804112145,0.14512958839435947,0
1596160248.610537,36.92451724094076,0.14512958839435947,0
1596160248.620537,38.72571715396566,0.14512958839435947,0
1596160248.630537,40.5249429611556,0.14512958839435947,0
1596160248.640537,42.32528456729574,0.14512958839435947,0
1596160248.650537,44.12378081363363,0.14512958839435947,0
1596160248.660537,45.92622527164144,0.14512958839435947,0
1596160248.670537,47.72536524814291,0.14512958839435947,0
1596160248.6732206,48.20636042636556,0.14512958839435947,0
1596160248.6732206,360.0,1.8773164749145508,0
1596160248.6732996,360,1.8773164749145508,1
1596160248.6732996,0,0,0
1596160248.6832995,1.801156997680664,0,0
1596160248.6870792,2.480335235595703,0,0
1596160248.6870792,28.552043378812026,0.14484282301786847,0
1596160248.6932995,29.674408376675796,0.14484282301786847,0
1596160248.7032995,31.47483581350441,0.14484282301786847,0
1596160248.7132995,33.273289144498065,0.14484282301786847,0
1596160248.7232995,35.072557867032245,0.14484282301786847,0
1596160248.7332995,36.87470191763039,0.14484282301786847,0
1596160248.738466,37.801673353177264,0.14484282301786847,0
1596160248.738466,360.0,1.9348335266113281,0
1596160248.7385445,360,1.9348335266113281,1
1596160248.7385445,0,0,0
1596160248.7485445,1.8011140823364258,0,0
1596160248.75358,2.7064132690429688,0,0
1596160248.75358,31.044141417289836,0.15743182304581593,0
1596160248.7585444,31.938840513969524,0.15743182304581593,0
1596160248.7685444,33.74016917302714,0.15743182304581593,0
1596160248.7785444,35.53827918126689,0.15743182304581593,0
1596160248.7885444,37.340809469963176,0.15743182304581593,0
1596160248.788718,37.36896193578349,0.15743182304581593,0
1596160248.788718,360.0,1.9498264789581299,0
1596160248.7887974,360,1.9498264789581299,1
1596160248.7887974,0,0,0
1596160248.7987974,1.7999982833862305,0,0
1596160248.803829,2.705683708190918,0,0
1596160248.803829,31.036099339337262,0.15739119795081302,0
1596160248.8087974,31.93333044132701,0.15739119795081302,0
1596160248.8187973,33.7318266876649,0.15739119795081302,0
1596160248.8287973,35.53375616154185,0.15739119795081302,0
1596160248.8387973,37.33250989994517,0.15739119795081302,0
1596160248.8487973,39.13130655369273,0.15739119795081302,0
1596160248.8587973,40.930961514325055,0.15739119795081302,0
1596160248.8687973,42.73362054905406,0.15739119795081302,0
1596160248.8787973,44.53070058903209,0.15739119795081302,0
1596160248.8887973,46.33091344913951,0.15739119795081302,0
1596160248.8987973,48.13292875370494,0.15739119795081302,0
1596160248.9087973,49.933012867779645,0.15739119795081302,0
1596160248.9187973,51.7338265427064,0.15739119795081302,0
1596160248.9287972,53.53197946629039,0.15739119795081302,0
1596160248.9387972,55.332278157086286,0.15739119795081302,0
1596160248.9487972,57.133563900799665,0.15739119795081302,0
1596160248.9587972,58.933347607464704,0.15739119795081302,0
1596160248.9687972,60.73120012363902,0.15739119795081302,0
1596160248.9787972,62.532614613385114,0.15739119795081302,0
1596160248.9887972,64.3336857803773,0.15739119795081302,0
1596160248.9977043,65.9336556442689,0.15739119795081302,0
1596160248.9977043,360.0,1.791093111038208,0
1596160248.9977884,360,1.791093111038208,1
1596160248.9977884,0,0,0
1596160249.0040865,1.1336517333984375,0,0
1596160249.0040865,13.707313605191432,0.06985367706551664,0
1596160249.0077884,14.376878805997096,0.06985367706551664,0
1596160249.0177884,16.174087592007837,0.06985367706551664,0
1596160249.0277884,17.97653205001565,0.06985367706551664,0
1596160249.0377884,19.77399832809182,0.06985367706551664,0
1596160249.0477884,21.574339934231958,0.06985367706551664,0
1596160249.0577884,23.376569815518582,0.06985367706551664,0
1596160249.0677884,25.176954337002957,0.06985367706551664,0
1596160249.0777884,26.974034376980985,0.06985367706551664,0
1596160249.0877883,28.774805136563504,0.06985367706551664,0
1596160249.0977883,30.577035017850125,0.06985367706551664,0
1596160249.1077883,32.37458712661478,0.06985367706551664,0
1596160249.1177883,34.17647368514749,0.06985367706551664,0
1596160249.1277883,35.97458369338724,0.06985367706551664,0
1596160249.1377883,37.77398116195413,0.06985367706551664,0
1596160249.1477883,39.576940604092805,0.06985367706551664,0
1596160249.1577883,41.374664374234406,0.06985367706551664,0
1596160249.1677883,43.17479140365335,0.06985367706551664,0
1596160249.1777883,44.97680670821878,0.06985367706551664,0
1596160249.184217,46.130800314786164,0.06985367706551664,0
1596160249.184217,360.0,1.8135714530944824,0
1596160249.1842973,360,1.8135714530944824,1
1596160249.1842973,0,0,0
1596160249.1930797,1.5808296203613281,0,0
1596160249.1930797,18.63663432670599,0.09475447059080368,0
1596160249.1942973,18.858978725204526,0.09475447059080368,0
1596160249.2042973,20.658805347213804,0.09475447059080368,0
1596160249.2142973,22.457816577682554,0.09475447059080368,0
1596160249.2242973,24.259016490707452,0.09475447059080368,0
1596160249.2342973,26.05755565238958,0.09475447059080368,0
1596160249.2442973,27.856266475448663,0.09475447059080368,0
1596160249.2542973,29.656307674179132,0.09475447059080368,0
1596160249.2642972,31.458923793563898,0.09475447059080368,0
1596160249.2742972,33.257248378524835,0.09475447059080368,0
1596160249.2842972,35.05720374656683,0.09475447059080368,0
1596160249.2942972,36.859004474411066,0.09475447059080368,0
1596160249.3042972,38.65840194297796,0.09475447059080368,0
1596160249.3142972,40.45591113639837,0.09475447059080368,0
1596160249.3242972,42.25625274253851,0.09475447059080368,0
1596160249.3342972,44.05886886192327,0.09475447059080368,0
1596160249.3442972,45.8559489019013,0.09475447059080368,0
1596160249.3542972,47.656333423385675,0.09475447059080368,0
1596160249.3642972,49.456589198837335,0.09475447059080368,0
1596160249.3742971,51.258132434616144,0.09475447059080368,0
1596160249.3842971,53.05877444816595,0.09475447059080368,0
1596160249.3942971,54.8572277791596,0.09475447059080368,0
1596160249.404297,56.6589855916596,0.09475447059080368,0
1596160249.414297,58.45851180625921,0.09475447059080368,0
1596160249.4232163,60.06122825218206,0.09475447059080368,0
1596160249.4232163,360.0,1.7610809803009033,0
1596160249.423298,360,1.7610809803009033,1
1596160249.423298,0,0,0
1596160249.4308338,1.3564682006835938,0,0
1596160249.4308338,16.163458824587167,0.08226105902168651,0
1596160249.4332979,16.608877182436288,0.08226105902168651,0
1596160249.4432979,18.407030106020272,0.08226105902168651,0
1596160249.4532979,20.21011829419166,0.08226105902168651,0
1596160249.4632978,22.009172440004647,0.08226105902168651,0
1596160249.4732978,23.809256554079354,0.08226105902168651,0
1596160249.4797149,24.962048531008065,0.08226105902168651,0
1596160249.4797149,276.37193437315756,1.4789826470336283,0
1596160249.4832978,277.01742406584555,1.4789826470336283,0
1596160249.4873261,277.74196382262045,1.4789826470336283,0
1596160249.4873261,360.0,1.935971736907959,0
1596160249.487404,360,1.935971736907959,1
1596160249.487404,0,0,0
1596160249.497404,1.8012428283691406,0,0
1596160249.507404,3.601670265197754,0,0
1596160249.517404,5.403385162353516,0,0
1596160249.527404,7.20128059387207,0,0
1596160249.537404,9.002180099487305,0,0
1596160249.547404,10.800204277038574,0,0
1596160249.557404,12.602992057800293,0,0
1596160249.567404,14.402604103088379,0,0
1596160249.577404,16.202173233032227,0,0
1596160249.587404,18.002300262451172,0,0
1596160249.597404,19.802727699279785,0,0
1596160249.607404,21.60191059112549,0,0
1596160249.617404,23.4028959274292,0,0
1596160249.627404,25.201520919799805,0,0
1596160249.637404,27.001776695251465,0,0
1596160249.647404,28.800787925720215,0,0
1596160249.657404,30.601558685302734,0,0
1596160249.6599627,31.060538291931152,0,0
1596160249.6599627,343.5966626633498,1.736311802063437,0
1596160249.667404,344.9364797104689,1.736311802063437,0
1596160249.667582,344.96815123451677,1.736311802063437,0
1596160249.667582,360.0,1.819822072982788,0
1596160249.667661,360,1.819822072982788,1
1596160249.667661,0,0,0
1596160249.677661,1.8005990982055664,0,0
1596160249.687661,3.6023569107055664,0,0
1596160249.697661,5.402483940124512,0,0
1596160249.707661,7.202095985412598,0,0
1596160249.717661,9.003210067749023,0,0
1596160249.727661,10.80132007598877,0,0
1596160249.737661,12.601532936096191,0,0
1596160249.7476609,14.402132034301758,0,0
1596160249.7576609,16.2013578414917,0,0
1596160249.7676609,18.001956939697266,0,0
1596160249.7776608,19.802255630493164,0,0
1596160249.7876608,21.603240966796875,0,0
1596160249.7976608,23.4028959274292,0,0
1596160249.8076608,25.201306343078613,0,0
1596160249.8176608,27.000961303710938,0,0
1596160249.8252017,28.357343673706055,0,0
1596160249.8252017,313.7988715954536,1.5857862662319306,0
1596160249.8276608,314.24454744536814,1.5857862662319306,0
1596160249.832838,315.1734071560615,1.5857862662319306,0
1596160249.832838,360.0,1.8348228931427002,0
1596160249.832916,360,1.8348228931427002,1
1596160249.832916,0,0,0
1596160249.842916,1.8025732040405273,0,0
1596160249.852916,3.603086471557617,0,0
1596160249.862916,5.400209426879883,0,0
1596160249.872916,7.202267646789551,0,0
1596160249.882916,9.003338813781738,0,0
1596160249.892916,10.803380012512207,0,0
1596160249.902916,12.601532936096191,0,0
1596160249.912916,14.400458335876465,0,0
1596160249.922916,16.20187282562256,0,0
1596160249.932916,18.00285816192627,0,0
1596160249.942916,19.799981117248535,0,0
1596160249.952916,21.602983474731445,0,0
1596160249.962916,23.403024673461914,0,0
1596160249.972916,25.201692581176758,0,0
1596160249.9829159,27.001519203186035,0,0
1596160249.9929159,28.800487518310547,0,0
1596160250.0029159,30.600056648254395,0,0
1596160250.0129158,32.40245819091797,0,0
1596160250.012952,32.40649223327637,0,0
1596160250.012952,358.43335035901794,1.8112603229207866,0
1596160250.0205865,359.80754259687194,1.8112603229207866,0
1596160250.0205865,360.0,1.8123295307159424,0
1596160250.0206661,360,1.8123295307159424,1
1596160250.0206661,0,0,0
1596160250.030666,1.8021011352539062,0,0
1596160250.040666,3.6014556884765625,0,0
1596160250.050666,5.399994850158691,0,0
1596160250.060666,7.200679779052734,0,0
1596160250.070666,9.002480506896973,0,0
1596160250.080666,10.8015775680542,0,0
1596160250.090666,12.60183334350586,0,0
1596160250.100666,14.400115013122559,0,0
1596160250.110666,16.200499534606934,0,0
1596160250.120666,18.00212860107422,0,0
1596160250.130666,19.802169799804688,0,0
1596160250.140666,21.60062313079834,0,0
1596160250.150666,23.401694297790527,0,0
1596160250.160666,25.203194618225098,0,0
1596160250.170666,27.002291679382324,0,0
1596160250.180666,28.80237579345703,0,0
1596160250.190666,30.600271224975586,0,0
1596160250.200666,32.403273582458496,0,0
1596160250.210666,34.20001029968262,0,0
1596160250.21821,35.557894706726074,0,0
1596160250.21821,360.0,1.8024561405181885,0
1596160250.2182937,360,1.8024561405181885,1
1596160250.2182937,0,0,0
1596160250.2270715,1.5800142288208008,0,0
1596160250.2270715,18.62764612193547,0.09470906607285928,0
1596160250.2282937,18.849046382860763,0.09470906607285928,0
1596160250.2382936,20.647971782641036,0.09470906607285928,0
1596160250.2482936,22.448442134813888,0.09470906607285928,0
1596160250.2582936,24.248311672167404,0.09470906607285928,0
1596160250.2682936,26.04766622539006,0.09470906607285928,0
1596160250.2782936,27.850754413561447,0.09470906607285928,0
1596160250.2882936,29.650323543505294,0.09470906607285928,0
1596160250.2982936,31.44972101207219,0.09470906607285928,0
1596160250.3082936,33.248303089098556,0.09470906607285928,0
1596160250.3182936,35.04928842540227,0.09470906607285928,0
1596160250.3282936,36.84988752360783,0.09470906607285928,0
1596160250.3382936,38.648598346666915,0.09470906607285928,0
1596160250.3482935,40.44851079936467,0.09470906607285928,0
1596160250.3582935,42.250654849962814,0.09470906607285928,0
1596160250.3659568,43.62699285502873,0.09470906607285928,0
1596160250.3659568,360.0,1.8523368835449219,0
1596160250.3660388,360,1.8523368835449219,1
1596160250.3660388,0,0,0
1596160250.3760388,1.8030452728271484,0,0
1596160250.3860388,3.6002111434936523,0,0
1596160250.3960388,5.401668548583984,0,0
1596160250.4060388,7.200636863708496,0,0
1596160250.4160388,9.00230884552002,0,0
1596160250.4185765,9.456782341003418,0,0
1596160250.4185765,105.45465033193787,0.5333214888385247,0
1596160250.4249525,106.60233538290223,0.5333214888385247,0
1596160250.4249525,360.0,1.9410862922668457,0
1596160250.4250302,360,1.9410862922668457,1
1596160250.4250302,0,0,0
1596160250.4350302,1.8028736114501953,0,0
1596160250.4388316,2.4842405319213867,0,0
1596160250.4388316,28.59509214902871,0.14506028676170735,0
1596160250.4450302,29.711105675945213,0.14506028676170735,0
1596160250.4550302,31.51093229795449,0.14506028676170735,0
1596160250.4650302,33.31196054960244,0.14506028676170735,0
1596160250.4750302,35.113589616069724,0.14506028676170735,0
1596160250.4850302,36.91217169309609,0.14506028676170735,0
1596160250.4950302,38.71380075956338,0.14506028676170735,0
1596160250.5050302,40.5114386990165,0.14506028676170735,0
1596160250.5150301,42.312381119975974,0.14506028676170735,0
1596160250.5250301,44.11345228696816,0.14506028676170735,0
1596160250.5350301,45.91370806241982,0.14506028676170735,0
1596160250.54503,47.71130308652871,0.14506028676170735,0
1596160250.55503,49.51301798368447,0.14506028676170735,0
1596160250.56503,51.31172880674355,0.14506028676170735,0
1596160250.57503,53.11125502134316,0.14506028676170735,0
1596160250.58503,54.91387114072793,0.14506028676170735,0
1596160250.59503,56.71326860929482,0.14506028676170735,0
1596160250.60503,58.51240858579629,0.14506028676170735,0
1596160250.61503,60.312707276592185,0.14506028676170735,0
1596160250.62503,62.1140359356498,0.14506028676170735,0
1596160250.63503,63.91278967405312,0.14506028676170735,0
1596160250.64503,65.7122729733085,0.14506028676170735,0
1596160250.65503,67.51330122495645,0.14506028676170735,0
1596160250.66503,69.31291327024454,0.14506028676170735,0
1596160250.67503,71.11252531553262,0.14506028676170735,0
1596160250.68503,72.91406855131143,0.14506028676170735,0
1596160250.69503,74.71179232145303,0.14506028676170735,0
1596160250.70503,76.51080355192178,0.14506028676170735,0
1596160250.71503,78.31208929563516,0.14506028676170735,0
1596160250.72503,80.11290297056192,0.14506028676170735,0
1596160250.73503,81.91388830686563,0.14506028676170735,0
1596160250.74503,83.71358618284219,0.14506028676170735,0
1596160250.7539456,85.31561598325723,0.14506028676170735,0
1596160250.7539456,360.0,1.6710846424102783,0
1596160250.7540295,360,1.6710846424102783,1
1596160250.7540295,0,0,0
1596160250.7615733,1.357884407043457,0,0
1596160250.7615733,16.179069917083336,0.08233991950022154,0
1596160250.7640295,16.623243729949547,0.08233991950022154,0
1596160250.7740295,18.423842828155113,0.08233991950022154,0
1596160250.7840295,20.224012772918297,0.08233991950022154,0
1596160250.7940295,22.02216569650228,0.08233991950022154,0
1596160250.8040295,23.822850625396324,0.08233991950022154,0
1596160250.8140295,25.621561448455406,0.08233991950022154,0
1596160250.8240294,27.42374841439779,0.08233991950022154,0
1596160250.8340294,29.222802560210777,0.08233991950022154,0
1596160250.8440294,31.02250043618734,0.08233991950022154,0
1596160250.8540294,32.821812074065754,0.08233991950022154,0
1596160250.8640294,34.62348405587728,0.08233991950022154,0
1596160250.8740294,36.42412606942708,0.08233991950022154,0
1596160250.8840294,38.22227899301107,0.08233991950022154,0
1596160250.8940294,40.02253476846273,0.08233991950022154,0
1596160250.9040294,41.824078004241535,0.08233991950022154,0
1596160250.9140294,43.621844689727375,0.08233991950022154,0
1596160250.9240294,45.42398874032553,0.08233991950022154,0
1596160250.9340293,47.222313325286464,0.08233991950022154,0
1596160250.9440293,49.02149621713217,0.08233991950022154,0
1596160250.9540293,50.82175199258383,0.08233991950022154,0
1596160250.9640293,52.62342397439535,0.08233991950022154,0
1596160250.9641964,52.65123311746176,0.08233991950022154,0
1596160250.9641964,360.0,1.7898330688476562,0
1596160250.9642775,360,1.7898330688476562,1
1596160250.9642775,0,0,0
1596160250.9742775,1.8006420135498047,0,0
1596160250.974323,1.8081951141357422,0,0
1596160250.974323,21.142924267453026,0.1074151619628738,0
1596160250.9842775,22.93644233385928,0.1074151619628738,0
1596160250.9942775,24.736998516720607,0.1074151619628738,0
1596160251.0042775,26.53592391650088,0.1074151619628738,0
1596160251.0142775,28.338067967099025,0.1074151619628738,0
1596160251.0242774,30.136263806027248,0.1074151619628738,0
1596160251.0342774,31.936905819577053,0.1074151619628738,0
1596160251.0442774,33.73686118761904,0.1074151619628738,0
1596160251.0542774,35.53758903185732,0.1074151619628738,0
