Type = Mirollor Strogatz (-ish),Function = Mirollor Strogatz,Refract = 0,Epsilon = 0.3,B = 8,Start_phase = 327
Timestamp,Phase,Offset,Ping?
1596160262,327,0,0
1596160262.01,328.79768085479736,1.8166666666666667,0
1596160262.02,330.59583377838135,1.8166666666666667,0
1596160262.03,332.3979778289795,1.8166666666666667,0
1596160262.04,334.1986198425293,1.8166666666666667,0
1596160262.05,335.99797439575195,1.8166666666666667,0
1596160262.06,337.7960844039917,1.8166666666666667,0
1596160262.07,339.59681224823,1.8166666666666667,0
1596160262.08,341.3972396850586,1.8166666666666667,0
1596160262.09,343.19792461395264,1.8166666666666667,0
1596160262.1,344.9966354370117,1.8166666666666667,0
1596160262.11,346.79843616485596,1.8166666666666667,0
1596160262.12,348.59826278686523,1.8166666666666667,0
1596160262.1299999,350.39860439300537,1.8166666666666667,0
1596160262.1399999,352.19697189331055,1.8166666666666667,0
1596160262.1499999,353.99649810791016,1.8166666666666667,0
1596160262.1599998,355.7962818145752,1.8166666666666667,0
1596160262.1699998,357.59786796569824,1.8166666666666667,0
1596160262.1799998,359.3974370956421,1.8166666666666667,0
1596160262.1833687,360,1.8166666666666667,1
1596160262.1833687,0,0,0
1596160262.1933687,1.8011999130249023,0,0
1596160262.1958506,2.2467470169067383,0,0
1596160262.1958506,25.97715924376372,0.13183562348253877,0
1596160262.199736,26.67655060881499,0.13183562348253877,0
1596160262.199736,295.2711931817999,1.624028082221344,0
1596160262.2033687,295.92719713382627,1.624028082221344,0
1596160262.2133687,297.7264229410162,1.624028082221344,0
1596160262.2233686,299.5253912561407,1.624028082221344,0
1596160262.2333686,301.3282648675909,1.624028082221344,0
1596160262.2433686,303.12783399753476,1.624028082221344,0
1596160262.2533686,304.9261585824957,1.624028082221344,0
1596160262.2633686,306.7279163949957,1.624028082221344,0
1596160262.2733686,308.5262838953009,1.624028082221344,0
1596160262.2833686,310.3252522104254,1.624028082221344,0
1596160262.2933686,312.1252504938116,1.624028082221344,0
1596160262.3033686,313.9250771158209,1.624028082221344,0
1596160262.3133686,315.7257191293707,1.624028082221344,0
1596160262.3233685,317.52515951328184,1.624028082221344,0
1596160262.3333685,319.3270889871588,1.624028082221344,0
1596160262.3433685,321.12768808536435,1.624028082221344,0
1596160262.3533685,322.92807260684873,1.624028082221344,0
1596160262.3633685,324.7260109537115,1.624028082221344,0
1596160262.3733685,326.5266100519171,1.624028082221344,0
1596160262.3833685,328.3265654199591,1.624028082221344,0
1596160262.3933685,330.1252333276739,1.624028082221344,0
1596160262.4033685,331.92557493381406,1.624028082221344,0
1596160262.4133685,333.72720400028135,1.624028082221344,0
1596160262.4233685,335.5282322519293,1.624028082221344,0
1596160262.4333684,337.3265997522345,1.624028082221344,0
1596160262.4433684,339.127370511817,1.624028082221344,0
1596160262.4533684,340.92539468936826,1.624028082221344,0
1596160262.4633684,342.7282253854742,1.624028082221344,0
1596160262.4733684,344.5260349863043,1.624028082221344,0
1596160262.4833684,346.32727781467344,1.624028082221344,0
1596160262.4933684,348.1276623361578,1.624028082221344,0
1596160262.5033684,349.926029836463,1.624028082221344,0
1596160262.5133684,351.72671476535703,1.624028082221344,0
1596160262.5233684,353.52533975772764,1.624028082221344,0
1596160262.5333683,355.32555261783506,1.624028082221344,0
1596160262.5433683,357.1254221551886,1.624028082221344,0
1596160262.5533683,358.9250771158209,1.624028082221344,0
1596160262.5593493,360,1.624028082221344,1
1596160262.5593493,0,0,0
1596160262.5693493,1.8015861511230469,0,0
1596160262.5735974,2.564663887023926,0,0
1596160262.5735974,29.481612977447007,0.149538606057906,0
1596160262.5749795,29.730393227996323,0.149538606057906,0
1596160262.5749795,328.9342390117564,1.8117821937454621,0
1596160262.5793493,329.7210060176768,1.8117821937454621,0
1596160262.5893493,331.5212617931285,1.8117821937454621,0
1596160262.5993493,333.32186089133404,1.8117821937454621,0
1596160262.6093493,335.1223312435069,1.8117821937454621,0
1596160262.6193492,336.9230590877452,1.8117821937454621,0
1596160262.6293492,338.72129784201763,1.8117821937454621,0
1596160262.6393492,340.52159653281353,1.8117821937454621,0
1596160262.6493492,342.3237405834117,1.8117821937454621,0
1596160262.6593492,344.12167893027447,1.8117821937454621,0
1596160262.6693492,345.9230505046763,1.8117821937454621,0
1596160262.6793492,347.72249088858746,1.8117821937454621,0
1596160262.6893492,349.52399120902203,1.8117821937454621,0
1596160262.6993492,351.3223587093272,1.8117821937454621,0
1596160262.7093492,353.1223140773692,1.8117821937454621,0
1596160262.7193491,354.9213682231822,1.8117821937454621,0
1596160262.7293491,356.7219244060435,1.8117821937454621,0
1596160262.7393491,358.5234247264781,1.8117821937454621,0
1596160262.7475846,360,1.8117821937454621,1
1596160262.7475846,0,0,0
1596160262.7575846,1.8028736114501953,0,0
1596160262.7613492,2.4776315689086914,0,0
1596160262.7613492,28.522240384046665,0.14469227119521097,0
1596160262.7675846,29.647094471876255,0.14469227119521097,0
1596160262.7775846,31.446878178541294,0.14469227119521097,0
1596160262.7875845,33.247906430189246,0.14469227119521097,0
1596160262.7975845,35.04601643842899,0.14469227119521097,0
1596160262.801481,35.74596570295536,0.14469227119521097,0
1596160262.801481,360.0,1.946103572845459,0
1596160262.8015604,360,1.946103572845459,1
1596160262.8015604,0,0,0
1596160262.8115604,1.803131103515625,0,0
1596160262.816604,2.707829475402832,0,0
1596160262.816604,31.059752509786005,0.15751068352435096,0
1596160262.8215604,31.952906654073114,0.15751068352435096,0
1596160262.8229718,32.20597843904626,0.15751068352435096,0
1596160262.8229718,356.2230514384676,1.9576055335211362,0
1596160262.8315604,357.7719949580599,1.9576055335211362,0
1596160262.8415604,359.56898916734946,1.9576055335211362,0
1596160262.8439643,360,1.9576055335211362,1
1596160262.8439643,0,0,0
1596160262.8539643,1.800985336303711,0,0
1596160262.856844,2.3183298110961914,0,0
1596160262.856844,26.766229009933213,0.13582166221576122,0
1596160262.8639643,28.050299024886826,0.13582166221576122,0
1596160262.8644748,28.139777517623642,0.13582166221576122,0
1596160262.8644748,311.4006014824986,1.7094929064650664,0
1596160262.8739643,313.1100054741978,1.7094929064650664,0
1596160262.8839643,314.9113341332554,1.7094929064650664,0
1596160262.8939643,316.71008787165874,1.7094929064650664,0
1596160262.9039643,318.50939950953716,1.7094929064650664,0
1596160262.9139643,320.3104277611851,1.7094929064650664,0
1596160262.9239643,322.11145601283306,1.7094929064650664,0
1596160262.9339643,323.9121409417271,1.7094929064650664,0
1596160262.9439642,325.709735965836,1.7094929064650664,0
1596160262.9539642,327.51166543971294,1.7094929064650664,0
1596160262.9639642,329.31162080775493,1.7094929064650664,0
1596160262.9739642,331.110331630814,1.7094929064650664,0
1596160262.9839642,332.9092999459385,1.7094929064650664,0
1596160262.9939642,334.70908365260357,1.7094929064650664,0
1596160263.0039642,336.51084146510357,1.7094929064650664,0
1596160263.0139642,338.31032476435894,1.7094929064650664,0
1596160263.0239642,340.10942182551616,1.7094929064650664,0
1596160263.0339642,341.9107504845738,1.7094929064650664,0
1596160263.0439641,343.71134958277935,1.7094929064650664,0
1596160263.0539641,345.51010332118267,1.7094929064650664,0
1596160263.0639641,347.3111315728306,1.7094929064650664,0
1596160263.073964,349.11181650172466,1.7094929064650664,0
1596160263.083964,350.90898237239116,1.7094929064650664,0
1596160263.093964,352.71172723780865,1.7094929064650664,0
1596160263.103964,354.5102663994908,1.7094929064650664,0
1596160263.113964,356.3117238045811,1.7094929064650664,0
1596160263.123964,358.10936174403423,1.7094929064650664,0
1596160263.133964,359.9118920327305,1.7094929064650664,0
1596160263.1344807,360,1.7094929064650664,1
1596160263.1344807,0,0,0
1596160263.1444807,1.800384521484375,0,0
1596160263.148352,2.496814727783203,0,0
1596160263.148352,28.733699727858273,0.14576047222263927,0
1596160263.1544807,29.84018604835388,0.14576047222263927,0
1596160263.1644807,31.63743774970886,0.14576047222263927,0
1596160263.1744807,33.43966763099548,0.14576047222263927,0
1596160263.1784601,34.153178144301144,0.14576047222263927,0
1596160263.1784601,360.0,1.9560205936431885,0
1596160263.1785414,360,1.9560205936431885,1
1596160263.1785414,0,0,0
1596160263.1885414,1.800684928894043,0,0
1596160263.1923501,2.4855709075927734,0,0
1596160263.1923501,28.609757114706948,0.14513436781730096,0
1596160263.1985414,29.72654311781974,0.14513436781730096,0
1596160263.1999722,29.98171775466056,0.14513436781730096,0
1596160263.1999722,331.70463359795775,1.821372789168952,0
1596160263.2085414,333.2493714138147,1.821372789168952,0
1596160263.2185414,335.0474385067102,1.821372789168952,0
1596160263.2285414,336.8485525890466,1.821372789168952,0
1596160263.2385414,338.6499670787927,1.821372789168952,0
1596160263.2485414,340.4502657695886,1.821372789168952,0
1596160263.2585413,342.2474316402551,1.821372789168952,0
1596160263.2685413,344.04734409295287,1.821372789168952,0
1596160263.2785413,345.84953105889525,1.821372789168952,0
1596160263.2885413,347.65017307244506,1.821372789168952,0
1596160263.2985413,349.4500855251428,1.821372789168952,0
1596160263.3085413,351.2491396709558,1.821372789168952,0
1596160263.3185413,353.05016792260375,1.821372789168952,0
1596160263.3285413,354.84746253930297,1.821372789168952,0
1596160263.3385413,356.64999282799926,1.821372789168952,0
1596160263.3485413,358.44994819604125,1.821372789168952,0
1596160263.3571706,360,1.821372789168952,1
1596160263.3571706,0,0,0
1596160263.3671706,1.8023157119750977,0,0
1596160263.37134,2.550501823425293,0,0
1596160263.37134,29.325502052485394,0.1487500012725561,0
1596160263.3771706,30.377228393732953,0.1487500012725561,0
1596160263.3789668,30.698320999323773,0.1487500012725561,0
1596160263.3789668,339.60387755882016,1.864891982158647,0
1596160263.3871706,341.08295489799247,1.864891982158647,0
1596160263.3971705,342.88235236655936,1.864891982158647,0
1596160263.4071705,344.6826939726995,1.864891982158647,0
1596160263.4171705,346.48282100211844,1.864891982158647,0
1596160263.4271705,348.282518878095,1.864891982158647,0
1596160263.4371705,350.08320380698905,1.864891982158647,0
1596160263.4471705,351.88191463004813,1.864891982158647,0
1596160263.4571705,353.6809258605169,1.864891982158647,0
1596160263.4671705,355.48083831321463,1.864891982158647,0
1596160263.4771705,357.28263904105887,1.864891982158647,0
1596160263.4871705,359.08289481651053,1.864891982158647,0
1596160263.492297,360,1.864891982158647,1
1596160263.492297,0,0,0
1596160263.502297,1.8027019500732422,0,0
1596160263.5065854,2.5719165802001953,0,0
1596160263.5065854,29.56156069356369,0.14994246729646385,0
1596160263.512297,30.590112748922575,0.14994246729646385,0
1596160263.5142243,30.93656832295822,0.14994246729646385,0
1596160263.5142243,342.23011982945826,1.8793510867770198,0
1596160263.522297,343.6848641684475,1.8793510867770198,0
1596160263.532297,345.4848195364895,1.8793510867770198,0
1596160263.542297,347.28627694157984,1.8793510867770198,0
1596160263.5522969,349.08588898686793,1.8793510867770198,0
1596160263.5622969,350.8837844183865,1.8793510867770198,0
1596160263.5722969,352.6860142996731,1.8793510867770198,0
1596160263.5822968,354.4863988211575,1.8793510867770198,0
1596160263.5922968,356.2856246283474,1.8793510867770198,0
1596160263.6022968,358.0843354514065,1.8793510867770198,0
1596160263.6122968,359.88493454961207,1.8793510867770198,0
1596160263.6129553,360,1.8793510867770198,1
1596160263.6129553,0,0,0
1596160263.6229553,1.803131103515625,0,0
1596160263.6268394,2.4991321563720703,0,0
1596160263.6268394,28.759245151942892,0.14588951664206012,0
1596160263.6329553,29.86341404384963,0.14588951664206012,0
1596160263.6332235,29.90838932461135,0.14588951664206012,0
1596160263.6332235,330.8963213798095,1.8180446947264943,0
1596160263.6429553,332.648640715747,1.8180446947264943,0
1596160263.6529553,334.44855316844473,1.8180446947264943,0
1596160263.6629553,336.2487231132079,1.8180446947264943,0
1596160263.6729553,338.05108174052725,1.8180446947264943,0
1596160263.6829553,339.8484192725707,1.8180446947264943,0
1596160263.6929553,341.649147116809,1.8180446947264943,0
1596160263.7029552,343.4511624213744,1.8180446947264943,0
1596160263.7129552,345.2500019904662,1.8180446947264943,0
1596160263.7229552,347.04819782939444,1.8180446947264943,0
1596160263.7329552,348.8492260810424,1.8180446947264943,0
1596160263.7429552,350.64836605754385,1.8180446947264943,0
1596160263.7529552,352.45111092296133,1.8180446947264943,0
1596160263.7629552,354.2493496772338,1.8180446947264943,0
1596160263.7729552,356.04827507701407,1.8180446947264943,0
1596160263.7829552,357.8508482810546,1.8180446947264943,0
1596160263.7929552,359.64951618876944,1.8180446947264943,0
1596160263.7949295,360,1.8180446947264943,1
1596160263.7949295,0,0,0
1596160263.8049295,1.8008995056152344,0,0
1596160263.809594,2.639594078063965,0,0
1596160263.809594,30.3075816895165,0.15371104228584742,0
1596160263.8149295,31.267984178224996,0.15371104228584742,0
1596160263.8172042,31.677439477602437,0.15371104228584742,0
1596160263.8172042,350.39687324243124,1.924374563201563,0
1596160263.8249295,351.78754497247274,1.924374563201563,0
1596160263.8349295,353.58917403894003,1.924374563201563,0
1596160263.8449295,355.3879706926876,1.924374563201563,0
1596160263.8549294,357.1907584734493,1.924374563201563,0
1596160263.8649294,358.9903705187374,1.924374563201563,0
1596160263.8705654,360,1.924374563201563,1
1596160263.8705654,0,0,0
1596160263.8805654,1.8018007278442383,0,0
1596160263.884837,2.5688695907592773,0,0
1596160263.884837,29.52797319152649,0.14977279778204006,0
1596160263.8905654,30.56085969665344,0.14977279778204006,0
1596160263.8912055,30.674327866819457,0.14977279778204006,0
1596160263.8912055,339.3393970273011,1.8645787375624938,0
1596160263.9005654,341.02571256380014,1.8645787375624938,0
1596160263.9105654,342.8272987149232,1.8645787375624938,0
1596160263.9205654,344.6248079083436,1.8645787375624938,0
1596160263.9305654,346.425020768451,1.8645787375624938,0
1596160263.9405653,348.2243753216737,1.8645787375624938,0
1596160263.9505653,350.02609021882944,1.8645787375624938,0
1596160263.9605653,351.8269897244447,1.8645787375624938,0
1596160263.9705653,353.6265588543885,1.8645787375624938,0
1596160263.9805653,355.4254842541688,1.8645787375624938,0
1596160263.9905653,357.226555421161,1.8645787375624938,0
1596160264.0005653,359.02646787385873,1.8645787375624938,0
1596160264.0059931,360,1.8645787375624938,1
1596160264.0059931,0,0,0
1596160264.015993,1.8014144897460938,0,0
1596160264.0200899,2.537412643432617,0,0
1596160264.0200899,29.181217712748158,0.14802113927397523,0
1596160264.025993,30.247020286905872,0.14802113927397523,0
1596160264.0277076,30.552405876505482,0.14802113927397523,0
1596160264.0277076,337.995429423391,1.8560379367566726,0
1596160264.035993,339.48763885790027,1.8560379367566726,0
1596160264.045993,341.2875083952538,1.8560379367566726,0
1596160264.055993,343.08978119188464,1.8560379367566726,0
1596160264.065993,344.88887825304187,1.8560379367566726,0
1596160264.075993,346.68771782213366,1.8560379367566726,0
1596160264.085993,348.48711529070056,1.8560379367566726,0
1596160264.095993,350.2874568968407,1.8560379367566726,0
1596160264.105993,352.0877555876366,1.8560379367566726,0
1596160264.115993,353.89002838426745,1.8560379367566726,0
1596160264.125993,355.68732300096667,1.8560379367566726,0
1596160264.135993,357.48950996690905,1.8560379367566726,0
1596160264.145993,359.2876199751488,1.8560379367566726,0
1596160264.1499627,360,1.8560379367566726,1
1596160264.1499627,0,0,0
1596160264.1599627,1.801457405090332,0,0
1596160264.164078,2.540760040283203,0,0
1596160264.164078,29.218116658648174,0.14820753676869428,0
1596160264.1699626,30.278812306841534,0.14820753676869428,0
1596160264.1717026,30.59054936738841,0.14820753676869428,0
1596160264.1717026,338.41589185116715,1.8583483283452429,0
1596160264.1799626,339.9046251427931,1.8583483283452429,0
1596160264.1899626,341.70552464840836,1.8583483283452429,0
1596160264.1999626,343.50526543972916,1.8583483283452429,0
1596160264.2099626,345.305735791902,1.8583483283452429,0
1596160264.2199626,347.1044466149611,1.8583483283452429,0
1596160264.2299626,348.90324326870865,1.8583483283452429,0
1596160264.2399626,350.70401402829117,1.8583483283452429,0
1596160264.2499626,352.5029823434157,1.8583483283452429,0
1596160264.2599626,354.30525514004654,1.8583483283452429,0
1596160264.2699625,356.1051675927443,1.8583483283452429,0
1596160264.2799625,357.9042217385573,1.8583483283452429,0
1596160264.2899625,359.7054645669264,1.8583483283452429,0
1596160264.2916179,360,1.8583483283452429,1
1596160264.2916179,0,0,0
1596160264.3016179,1.8022727966308594,0,0
1596160264.3055842,2.5139379501342773,0,0
1596160264.3055842,28.9224520280391,0.14671396709947124,0
1596160264.3116179,30.009969766381385,0.14671396709947124,0
1596160264.3132043,30.294069345238807,0.14671396709947124,0
1596160264.3132043,335.1477402736753,1.8403454722574517,0
1596160264.3216178,336.664153962335,1.8403454722574517,0
1596160264.3316178,338.4645813991636,1.8403454722574517,0
1596160264.3416178,340.26324930687844,1.8403454722574517,0
1596160264.3516178,342.0635909130186,1.8403454722574517,0
1596160264.3616178,343.8624733974546,1.8403454722574517,0
1596160264.3716178,345.6645745327085,1.8403454722574517,0
1596160264.3816178,347.46311369439064,1.8403454722574517,0
1596160264.3916178,349.2623824169248,1.8403454722574517,0
1596160264.4016178,351.06293859978615,1.8403454722574517,0
1596160264.4116178,352.86289396782814,1.8403454722574517,0
1596160264.4216177,354.66250601311623,1.8403454722574517,0
1596160264.4316177,356.46486464043556,1.8403454722574517,0
1596160264.4416177,358.26460543175637,1.8403454722574517,0
1596160264.4512746,360,1.8403454722574517,1
1596160264.4512746,0,0,0
1596160264.4612746,1.800985336303711,0,0
1596160264.4658403,2.6218271255493164,0,0
1596160264.4658403,30.11173343820106,0.15272170173695412,0
1596160264.4712746,31.09080410165321,0.15272170173695412,0
1596160264.472215,31.259160997099986,0.15272170173695412,0
1596160264.472215,345.7861157756261,1.9000936727287658,0
1596160264.4812746,347.4201604228429,1.9000936727287658,0
1596160264.4912746,349.21972955278676,1.9000936727287658,0
1596160264.5012746,351.01921285204213,1.9000936727287658,0
1596160264.5112746,352.81998361162465,1.9000936727287658,0
1596160264.5212746,354.61749280504506,1.9000936727287658,0
1596160264.5312746,356.41912187151235,1.9000936727287658,0
1596160264.5412745,358.21796144060414,1.9000936727287658,0
1596160264.5511835,360,1.9000936727287658,1
1596160264.5511835,0,0,0
1596160264.5611835,1.803131103515625,0,0
1596160264.566075,2.680492401123047,0,0
1596160264.566075,30.758411118269212,0.1559884373174787,0
1596160264.5711834,31.680490204572923,0.1559884373174787,0
1596160264.5737112,32.13290376353288,0.1559884373174787,0
1596160264.5737112,355.4175364013259,1.9520141741941066,0
1596160264.5811834,356.7626749511306,1.9520141741941066,0
1596160264.5911834,358.56430401759786,1.9520141741941066,0
1596160264.599177,360,1.9520141741941066,1
1596160264.599177,0,0,0
1596160264.6091769,1.802058219909668,0,0
1596160264.6125875,2.4139022827148438,0,0
1596160264.6125875,27.81974122171946,0.14114354966113676,0
1596160264.6191769,29.008453341775613,0.14114354966113676,0
1596160264.620204,29.190714808755594,0.14114354966113676,0
1596160264.620204,322.9852686076398,1.7733355152104935,0
1596160264.6291769,324.6015892176862,1.7733355152104935,0
1596160264.6391768,326.40163041641665,1.7733355152104935,0
1596160264.6491768,328.20283032944155,1.7733355152104935,0
1596160264.6591768,330.00269986679507,1.7733355152104935,0
1596160264.6691768,331.8013677745099,1.7733355152104935,0
1596160264.6791768,333.6029968409772,1.7733355152104935,0
1596160264.6891768,335.40187932541323,1.7733355152104935,0
1596160264.6991768,337.2035083918805,1.7733355152104935,0
1596160264.7091768,339.00148965408755,1.7733355152104935,0
1596160264.7191768,340.80256082107974,1.7733355152104935,0
1596160264.7291768,342.6010141520734,1.7733355152104935,0
1596160264.7391768,344.40315820267153,1.7733355152104935,0
1596160264.7491767,346.20268441727114,1.7733355152104935,0
1596160264.7591767,348.0028543620343,1.7733355152104935,0
1596160264.7691767,349.8025522380109,1.7733355152104935,0
1596160264.7791767,351.6027650981183,1.7733355152104935,0
1596160264.7891767,353.4019050746198,1.7733355152104935,0
1596160264.7991767,355.20160295059634,1.7733355152104935,0
1596160264.8091767,357.00190164139224,1.7733355152104935,0
1596160264.8191767,358.8009557872052,1.7733355152104935,0
1596160264.8258553,360,1.7733355152104935,1
1596160264.8258553,0,0,0
1596160264.8358552,1.8012428283691406,0,0
1596160264.8403344,2.6062488555908203,0,0
1596160264.8403344,29.940011420743296,0.1518542364730693,0
1596160264.8416977,30.18540135909779,0.1518542364730693,0
1596160264.8416977,333.9498738955137,1.8394346394531575,0
1596160264.8458552,334.69870373712746,1.8394346394531575,0
1596160264.8558552,336.5002898882505,1.8394346394531575,0
1596160264.8658552,338.29930111871926,1.8394346394531575,0
1596160264.8758552,340.09856984125344,1.8394346394531575,0
1596160264.8858552,341.8995122622129,1.8394346394531575,0
1596160264.8958552,343.700926751959,1.8394346394531575,0
1596160264.9058552,345.4998521517393,1.8394346394531575,0
1596160264.9158552,347.2982625673887,1.8394346394531575,0
1596160264.9258552,349.09851834284035,1.8394346394531575,0
1596160264.9358552,350.9001903246519,1.8394346394531575,0
1596160264.9458551,352.699630708563,1.8394346394531575,0
1596160264.9558551,354.50018689142433,1.8394346394531575,0
1596160264.9658551,356.29894062982765,1.8394346394531575,0
1596160264.975855,358.10125634180275,1.8394346394531575,0
1596160264.985855,359.90031048761574,1.8394346394531575,0
1596160264.9864397,360,1.8394346394531575,1
1596160264.9864397,0,0,0
1596160264.9964397,1.800985336303711,0,0
1596160265.000576,2.544536590576172,0,0
1596160265.000576,29.259746238637938,0.14841783137812092,0
1596160265.0064397,30.318296119619383,0.14841783137812092,0
1596160265.0164397,32.1181656569729,0.14841783137812092,0
1596160265.0264397,33.918249771047606,0.14841783137812092,0
1596160265.0319595,34.908778831411375,0.14841783137812092,0
1596160265.0319595,360.0,1.9544801712036133,0
1596160265.0320385,360,1.9544801712036133,1
1596160265.0320385,0,0,0
1596160265.0420384,1.8030023574829102,0,0
1596160265.0458343,2.4832534790039062,0,0
1596160265.0458343,28.58421169062231,0.14500532339788003,0
1596160265.0520384,29.701426847177487,0.14500532339788003,0
1596160265.052196,29.72932182093237,0.14500532339788003,0
1596160265.052196,328.92242870271485,1.8071892505188938,0
1596160265.0620384,330.69427452028077,1.8071892505188938,0
1596160265.0720384,332.4952598565845,1.8071892505188938,0
1596160265.0820384,334.295129393938,1.8071892505188938,0
1596160265.0920384,336.0973592752246,1.8071892505188938,0
1596160265.1020384,337.89688548982423,1.8071892505188938,0
1596160265.1120384,339.69529590547364,1.8071892505188938,0
1596160265.1220384,341.49538001954835,1.8071892505188938,0
1596160265.1320384,343.2946058267383,1.8071892505188938,0
1596160265.1420383,345.09520492494386,1.8071892505188938,0
1596160265.1520383,346.8960185998706,1.8071892505188938,0
1596160265.1620383,348.6966606134204,1.8071892505188938,0
1596160265.1720383,350.49408397615235,1.8071892505188938,0
1596160265.1820383,352.29549846589845,1.8071892505188938,0
1596160265.1920383,354.0947671884326,1.8071892505188938,0
1596160265.2020383,355.89678249299806,1.8071892505188938,0
1596160265.2120383,357.6972528451709,1.8071892505188938,0
1596160265.2220383,359.4948478692798,1.8071892505188938,0
1596160265.2248642,360,1.8071892505188938,1
1596160265.2248642,0,0,0
1596160265.2348642,1.802659034729004,0,0
1596160265.238585,2.4697351455688477,0,0
1596160265.238585,28.435196716795346,0.14425256428459166,0
1596160265.2387092,28.45755561114349,0.14425256428459166,0
1596160265.2387092,314.9035254572723,1.7356190634297515,0
1596160265.2448642,316.01254378307794,1.7356190634297515,0
1596160265.2548642,317.8118125056121,1.7356190634297515,0
1596160265.2648642,319.61193953503107,1.7356190634297515,0
1596160265.2748642,321.41168032635187,1.7356190634297515,0
1596160265.2848642,323.2135668848846,1.7356190634297515,0
1596160265.2948642,325.012878522763,1.7356190634297515,0
1596160265.3048642,326.81176100719904,1.7356190634297515,0
1596160265.3148642,328.6126605128143,1.7356190634297515,0
1596160265.3248641,330.4138604258392,1.7356190634297515,0
1596160265.3348641,332.2139445399139,1.7356190634297515,0
1596160265.3448641,334.01183997143244,1.7356190634297515,0
1596160265.3548641,335.81179533947443,1.7356190634297515,0
1596160265.364864,337.61436854351496,1.7356190634297515,0
1596160265.374864,339.41410933483576,1.7356190634297515,0
1596160265.384864,341.21303473461603,1.7356190634297515,0
1596160265.394864,343.0130759333465,1.7356190634297515,0
1596160265.404864,344.8141471003387,1.7356190634297515,0
1596160265.414864,346.61195670116876,1.7356190634297515,0
1596160265.424864,348.4135428522918,1.7356190634297515,0
1596160265.434864,350.21289740551447,1.7356190634297515,0
1596160265.444864,352.0132390116546,1.7356190634297515,0
1596160265.454864,353.8138810252044,1.7356190634297515,0
1596160265.464864,355.6130210017059,1.7356190634297515,0
1596160265.474864,357.4114314173553,1.7356190634297515,0
1596160265.484864,359.2128888224456,1.7356190634297515,0
1596160265.4892566,360,1.7356190634297515,1
1596160265.4892566,0,0,0
1596160265.4992566,1.8030881881713867,0,0
1596160265.5038333,2.6238012313842773,0,0
1596160265.5038333,30.13349435501388,0.1528316284646089,0
1596160265.5051959,30.378755547335658,0.1528316284646089,0
1596160265.5051959,336.08125121639586,1.8511788266260545,0
1596160265.5092566,336.8156185870013,1.8511788266260545,0
1596160265.5192566,338.61471564815855,1.8511788266260545,0
1596160265.5292566,340.41501433895445,1.8511788266260545,0
1596160265.5392566,342.21260936306334,1.8511788266260545,0
1596160265.5492566,344.01518256710386,1.8511788266260545,0
1596160265.5592566,345.8151808504901,1.8511788266260545,0
1596160265.5692565,347.61230380581236,1.8511788266260545,0
1596160265.5792565,349.4136753802142,1.8511788266260545,0
1596160265.5892565,351.2150898699603,1.8511788266260545,0
1596160265.5992565,353.01341445492125,1.8511788266260545,0
1596160265.6092565,354.81371314571714,1.8511788266260545,0
1596160265.6192565,356.6128531222186,1.8511788266260545,0
1596160265.6292565,358.41332347439146,1.8511788266260545,0
1596160265.6380925,360,1.8511788266260545,1
1596160265.6380925,0,0,0
1596160265.6480925,1.803131103515625,0,0
1596160265.6528149,2.650022506713867,0,0
1596160265.6528149,30.422536097897304,0.15429174217324132,0
1596160265.654203,30.672389232052577,0.15429174217324132,0
1596160265.654203,339.3180271143284,1.868989730408107,0
1596160265.6580925,340.01943550055887,1.868989730408107,0
1596160265.6680925,341.8211074823704,1.868989730408107,0
1596160265.6780925,343.6181446070042,1.868989730408107,0
1596160265.6880925,345.41852912848856,1.868989730408107,0
1596160265.6980925,347.21882781928446,1.868989730408107,0
1596160265.7080925,349.0214439386692,1.868989730408107,0
1596160265.7180924,350.8193393701878,1.868989730408107,0
1596160265.7280924,352.618436431345,1.868989730408107,0
1596160265.7380924,354.4196363443699,1.868989730408107,0
1596160265.7480924,356.21817550605203,1.868989730408107,0
1596160265.7580924,358.0209203714695,1.868989730408107,0
1596160265.7680924,359.82036075538065,1.868989730408107,0
1596160265.7691188,360,1.868989730408107,1
1596160265.7691188,0,0,0
1596160265.7791188,1.8015003204345703,0,0
1596160265.7843258,2.737269401550293,0,0
1596160265.7843258,31.384274008342512,0.1591500255932901,0
1596160265.7891188,32.248975279399644,0.1591500255932901,0
1596160265.7919514,32.7568783784597,0.1591500255932901,0
1596160265.7919514,360.0,1.9771673679351807,0
1596160265.7920296,360,1.9771673679351807,1
1596160265.7920296,0,0,0
1596160265.8020296,1.8033885955810547,0,0
1596160265.8120296,3.601241111755371,0,0
1596160265.8133273,3.833584785461426,0,0
1596160265.8133273,43.469151854005766,0.22019759482524634,0
1596160265.8196902,44.614476561037016,0.22019759482524634,0
1596160265.8196902,360.0,1.972339391708374,0
1596160265.8197675,360,1.972339391708374,1
1596160265.8197675,0,0,0
1596160265.8297675,1.8009424209594727,0,0
1596160265.8397675,3.603086471557617,0,0
1596160265.8497674,5.400338172912598,0,0
1596160265.8597674,7.201023101806641,0,0
1596160265.8697674,9.002652168273926,0,0
1596160265.8797674,10.80282211303711,0,0
1596160265.8897674,12.603034973144531,0,0
1596160265.8997674,14.401659965515137,0,0
1596160265.9097674,16.20011329650879,0,0
1596160265.9197674,18.00307273864746,0,0
1596160265.9297674,19.80208396911621,0,0
1596160265.9397674,21.60083770751953,0,0
1596160265.9497674,23.402724266052246,0,0
1596160265.9597673,25.203280448913574,0,0
1596160265.9697673,27.001819610595703,0,0
1596160265.9797673,28.801989555358887,0,0
1596160265.9897673,30.60288906097412,0,0
1596160265.9997673,32.40211486816406,0,0
1596160266.0097673,34.201083183288574,0,0
1596160266.0160809,35.336408615112305,0,0
1596160266.0160809,360.0,1.8036866188049316,0
1596160266.016164,360,1.8036866188049316,1
1596160266.016164,0,0,0
1596160266.022451,1.1316347122192383,0,0
1596160266.022451,13.68507962496963,0.06974136062639107,0
1596160266.026164,14.355460217315821,0.06974136062639107,0
1596160266.036164,16.15507226260391,0.06974136062639107,0
1596160266.046164,17.955413868744046,0.06974136062639107,0
1596160266.056164,19.75455384524551,0.06974136062639107,0
1596160266.066164,21.55605416568008,0.06974136062639107,0
1596160266.076164,23.355880787689358,0.06974136062639107,0
1596160266.086164,25.15411954196182,0.06974136062639107,0
1596160266.096164,26.95433240206924,0.06974136062639107,0
1596160266.106164,28.756218960601956,0.06974136062639107,0
1596160266.116164,30.55385690005508,0.06974136062639107,0
1596160266.126164,32.35479932101455,0.06974136062639107,0
1596160266.136164,34.1558275726625,0.06974136062639107,0
1596160266.146164,35.954066326934964,0.06974136062639107,0
1596160266.156164,37.755309155304104,0.06974136062639107,0
1596160266.166164,39.55393414767471,0.06974136062639107,0
1596160266.176164,41.35543446810928,0.06974136062639107,0
1596160266.186164,43.15444569857803,0.06974136062639107,0
1596160266.196164,44.95427232058731,0.06974136062639107,0
1596160266.206164,46.75444226535049,0.06974136062639107,0
1596160266.2161639,48.553625157196194,0.06974136062639107,0
1596160266.2261639,50.354267170746,0.06974136062639107,0
1596160266.2361639,52.1554670837709,0.06974136062639107,0
1596160266.2461638,53.95452122958389,0.06974136062639107,0
1596160266.2561638,55.75670819552627,0.06974136062639107,0
1596160266.2661638,57.5567064789125,0.06974136062639107,0
1596160266.2761638,59.35631852420059,0.06974136062639107,0
1596160266.2861638,61.15352731021133,0.06974136062639107,0
1596160266.2961638,62.95455556185928,0.06974136062639107,0
1596160266.3061638,64.75360970767227,0.06974136062639107,0
1596160266.3161638,66.55369382174698,0.06974136062639107,0
1596160266.3261638,68.35630994113174,0.06974136062639107,0
1596160266.3361638,70.15424828799453,0.06974136062639107,0
1596160266.3461637,71.95416074069229,0.06974136062639107,0
1596160266.3500745,72.65732865603653,0.06974136062639107,0
1596160266.3500745,360.0,1.6660895347595215,0
1596160266.3501575,360,1.6660895347595215,1
1596160266.3501575,0,0,0
1596160266.3589363,1.580185890197754,0,0
1596160266.3589363,18.629538375571375,0.09471862491874233,0
1596160266.3601575,18.850509483054285,0.09471862491874233,0
1596160266.3701575,20.650507766440516,0.09471862491874233,0
1596160266.3801575,22.452308494284754,0.09471862491874233,0
1596160266.3901575,24.249345618918543,0.09471862491874233,0
1596160266.4001575,26.049773055747156,0.09471862491874233,0
1596160266.4101574,27.851788360312586,0.09471862491874233,0
1596160266.4201574,29.64998419924081,0.09471862491874233,0
1596160266.4301574,31.450368720725184,0.09471862491874233,0
1596160266.4401574,33.25255568666756,0.09471862491874233,0
1596160266.4501574,35.052511054709555,0.09471862491874233,0
1596160266.4601574,36.851007301047446,0.09471862491874233,0
1596160266.4701574,38.65010436220467,0.09471862491874233,0
1596160266.4801574,40.45117552919686,0.09471862491874233,0
1596160266.4901574,42.25259001894295,0.09471862491874233,0
1596160266.5001574,44.0521591488868,0.09471862491874233,0
1596160266.5101573,45.852071601584555,0.09471862491874233,0
1596160266.5201573,47.65146907015145,0.09471862491874233,0
1596160266.5301573,49.452583152487875,0.09471862491874233,0
1596160266.5401573,51.2516802136451,0.09471862491874233,0
1596160266.5501573,53.05056269808114,0.09471862491874233,0
1596160266.5601573,54.851633865073325,0.09471862491874233,0
1596160266.5701573,56.65223296327889,0.09471862491874233,0
1596160266.5801573,58.45223124666512,0.09471862491874233,0
1596160266.5901573,60.25081332369149,0.09471862491874233,0
1596160266.6001573,62.051154929831625,0.09471862491874233,0
1596160266.6101573,63.85029490633309,0.09471862491874233,0
1596160266.6201572,65.65042193575204,0.09471862491874233,0
1596160266.6203191,65.67844565553963,0.09471862491874233,0
1596160266.6203191,360.0,1.7298383712768555,0
1596160266.6204016,360,1.7298383712768555,1
1596160266.6204016,0,0,0
1596160266.627944,1.3576269149780273,0,0
1596160266.627944,16.17623153662948,0.08232558123139697,0
1596160266.6304016,16.618817481758875,0.08232558123139697,0
1596160266.6404016,18.418601188423914,0.08232558123139697,0
1596160266.6504016,20.220058593514246,0.08232558123139697,0
1596160266.6604016,22.02117267585067,0.08232558123139697,0
1596160266.6704016,23.82048431372909,0.08232558123139697,0
1596160266.6718156,24.07312694525985,0.08232558123139697,0
1596160266.6718156,266.5731949448956,1.4295481812293733,0
1596160266.6804016,268.11986395124325,1.4295481812293733,0
1596160266.6806972,268.17187734846004,1.4295481812293733,0
1596160266.6806972,360.0,1.939704418182373,0
1596160266.6807754,360,1.939704418182373,1
1596160266.6807754,0,0,0
1596160266.6907754,1.8010282516479492,0,0
1596160266.6995595,3.3811283111572266,0,0
1596160266.6995595,38.48164433318731,0.19500286678905604,0
1596160266.7007754,38.70244377929327,0.19500286678905604,0
1596160266.7071872,39.854634941402644,0.19500286678905604,0
1596160266.7071872,360.0,1.973588228225708,0
1596160266.7072651,360,1.973588228225708,1
1596160266.7072651,0,0,0
1596160266.7172651,1.8007278442382812,0,0
1596160266.7272651,3.6014556884765625,0,0
1596160266.737265,5.4018402099609375,0,0
1596160266.747265,7.201409339904785,0,0
1596160266.757265,9.002823829650879,0,0
1596160266.767265,10.80007553100586,0,0
1596160266.777265,12.603163719177246,0,0
1596160266.787265,14.400243759155273,0,0
1596160266.797265,16.202945709228516,0,0
1596160266.7985706,16.434988975524902,0,0
1596160266.7985706,182.37665288483157,0.9218981328294815,0
1596160266.8061936,183.74878518616214,0.9218981328294815,0
1596160266.8061936,360.0,1.901071548461914,0
1596160266.8062716,360,1.901071548461914,1
1596160266.8062716,0,0,0
1596160266.8162715,1.8031740188598633,0,0
1596160266.8262715,3.6018848419189453,0,0
1596160266.8362715,5.4001665115356445,0,0
1596160266.8462715,7.2019243240356445,0,0
1596160266.8562715,9.000763893127441,0,0
1596160266.8662715,10.803208351135254,0,0
1596160266.8762715,12.601146697998047,0,0
1596160266.8862715,14.402518272399902,0,0
1596160266.8962715,16.20161533355713,0,0
1596160266.9062715,18.00285816192627,0,0
1596160266.9162714,19.800925254821777,0,0
1596160266.9262714,21.600966453552246,0,0
1596160266.9263184,21.608433723449707,0,0
1596160266.9263184,239.40444683671052,1.2099778506292267,0
1596160266.9339302,240.7745621168619,1.2099778506292267,0
1596160266.9339302,360.0,1.8723413944244385,0
1596160266.9340081,360,1.8723413944244385,1
1596160266.9340081,0,0,0
1596160266.944008,1.8029165267944336,0,0
1596160266.954008,3.6015844345092773,0,0
1596160266.964008,5.400724411010742,0,0
1596160266.974008,7.202825546264648,0,0
1596160266.984008,9.001708030700684,0,0
1596160266.994008,10.800590515136719,0,0
1596160267.004008,12.602777481079102,0,0
1596160267.014008,14.40084457397461,0,0
1596160267.024008,16.20234489440918,0,0
1596160267.034008,18.000669479370117,0,0
1596160267.0365698,18.461108207702637,0,0
1596160267.0365698,204.71092254933689,1.034721190786857,0
1596160267.0416837,205.63141376790378,1.034721190786857,0
1596160267.0416837,360.0,1.892324447631836,0
1596160267.041762,360,1.892324447631836,1
1596160267.041762,0,0,0
1596160267.051762,1.8002128601074219,0,0
1596160267.061762,3.6003828048706055,0,0
1596160267.071762,5.400681495666504,0,0
1596160267.081762,7.202739715576172,0,0
1596160267.091762,9.000120162963867,0,0
1596160267.101762,10.802993774414062,0,0
1596160267.111762,12.600760459899902,0,0
1596160267.121762,14.402475357055664,0,0
1596160267.131762,16.20131492614746,0,0
1596160267.141762,18.001441955566406,0,0
1596160267.151762,19.802942276000977,0,0
1596160267.161762,21.600708961486816,0,0
1596160267.171762,23.401522636413574,0,0
1596160267.181762,25.20036220550537,0,0
1596160267.191762,27.00212001800537,0,0
1596160267.201762,28.802719116210938,0,0
1596160267.211762,30.601773262023926,0,0
1596160267.221762,32.40168571472168,0,0
1596160267.2230647,32.63445854187012,0,0
1596160267.2230647,360.0,1.818697452545166,0
1596160267.2231457,360,1.818697452545166,1
1596160267.2231457,0,0,0
1596160267.2294328,1.1316776275634766,0,0
1596160267.2294328,13.685552688378598,0.06974375033786179,0
1596160267.2331457,14.355117889184262,0.06974375033786179,0
1596160267.2431457,16.155588241357115,0.06974375033786179,0
1596160267.2531457,17.957174392480162,0.06974375033786179,0
1596160267.2631457,19.7569580991452,0.06974375033786179,0
1596160267.2731457,21.5552397687619,0.06974375033786179,0
1596160267.2831457,23.3555384595578,0.06974375033786179,0
1596160267.2931457,25.156652541894225,0.06974375033786179,0
1596160267.3031456,26.95682248665741,0.06974375033786179,0
1596160267.3131456,28.756348701257018,0.06974375033786179,0
1596160267.3231456,30.554415794152526,0.06974375033786179,0
1596160267.3331456,32.35458573891571,0.06974375033786179,0
1596160267.3431456,34.156686874169615,0.06974375033786179,0
1596160267.3531456,35.95608434273651,0.06974375033786179,0
1596160267.3631456,37.753979774255065,0.06974375033786179,0
1596160267.3731456,39.55509385659149,0.06974375033786179,0
1596160267.3831456,41.356722923058776,0.06974375033786179,0
1596160267.3931456,43.155734153527526,0.06974375033786179,0
1596160267.4031456,44.95586118294647,0.06974375033786179,0
1596160267.4131455,46.75693234993866,0.06974375033786179,0
1596160267.4231455,48.55693063332489,0.06974375033786179,0
1596160267.4331455,50.356285186547545,0.06974375033786179,0
1596160267.4431455,52.155038924950865,0.06974375033786179,0
1596160267.4531455,53.95473680092743,0.06974375033786179,0
1596160267.4631455,55.75692376686981,0.06974375033786179,0
1596160267.4731455,57.555806251305846,0.06974375033786179,0
1596160267.4831455,59.355847450036315,0.06974375033786179,0
1596160267.4931455,61.15580281807831,0.06974375033786179,0
1596160267.5031455,62.95554360939911,0.06974375033786179,0
1596160267.5131454,64.75498399331023,0.06974375033786179,0
1596160267.5231454,66.55433854653289,0.06974375033786179,0
1596160267.5331454,68.3542080838864,0.06974375033786179,0
1596160267.5431454,70.15703877999236,0.06974375033786179,0
1596160267.5531454,71.95510587288787,0.06974375033786179,0
1596160267.5631454,73.75471791817596,0.06974375033786179,0
1596160267.564563,74.00899133278777,0.06974375033786179,0
1596160267.564563,360.0,1.6585826873779297,0
1596160267.5646443,360,1.6585826873779297,1
1596160267.5646443,0,0,0
1596160267.5709245,1.1304330825805664,0,0
1596160267.5709245,13.671833849518347,0.06967444870520989,0
1596160267.5746443,14.343072748749304,0.06967444870520989,0
1596160267.5823112,15.721427774994421,0.06967444870520989,0
1596160267.5823112,174.51094191300183,0.9518384161385843,0
1596160267.5846443,174.93327181565076,0.9518384161385843,0
1596160267.5946443,176.7330555223158,0.9518384161385843,0
1596160267.6046443,178.5320238374403,0.9518384161385843,0
1596160267.6146443,180.33155005203992,0.9518384161385843,0
1596160267.6246443,182.1324066423109,0.9518384161385843,0
1596160267.6346443,183.93399279343396,0.9518384161385843,0
1596160267.6446443,185.73227446305066,0.9518384161385843,0
1596160267.6546443,187.53265898453503,0.9518384161385843,0
1596160267.6646442,189.33330099808484,0.9518384161385843,0
1596160267.6746442,191.13149683701306,0.9518384161385843,0
1596160267.6846442,192.93222468125134,0.9518384161385843,0
1596160267.6946442,194.73295252548962,0.9518384161385843,0
1596160267.7046442,196.53183500992566,0.9518384161385843,0
1596160267.7146442,198.33247702347546,0.9518384161385843,0
1596160267.7246442,200.13110201584607,0.9518384161385843,0
1596160267.7346442,201.93281691300183,0.9518384161385843,0
1596160267.7446442,203.7321714662245,0.9518384161385843,0
1596160267.7546442,205.5327276490858,0.9518384161385843,0
1596160267.7646441,207.3317817948988,0.9518384161385843,0
1596160267.7746441,209.1331962846449,0.9518384161385843,0
1596160267.7846441,210.93164961563855,0.9518384161385843,0
1596160267.794644,212.73276369797497,0.9518384161385843,0
1596160267.804644,214.5324186586073,0.9518384161385843,0
1596160267.814644,216.33263151871472,0.9518384161385843,0
1596160267.824644,218.13374560105115,0.9518384161385843,0
1596160267.834644,219.9325422547987,0.9518384161385843,0
1596160267.844644,221.7326263688734,0.9518384161385843,0
1596160267.854644,223.53283922898083,0.9518384161385843,0
1596160267.864644,225.3312925599745,0.9518384161385843,0
1596160267.874644,227.13326494919568,0.9518384161385843,0
1596160267.884644,228.93364947068005,0.9518384161385843,0
1596160267.894644,230.73236029373913,0.9518384161385843,0
1596160267.904644,232.53107111679822,0.9518384161385843,0
1596160267.914644,234.3329147599867,0.9518384161385843,0
1596160267.924644,236.1324409745863,0.9518384161385843,0
1596160267.934644,237.9335121415785,0.9518384161385843,0
1596160267.944644,239.73110716568738,0.9518384161385843,0
1596160267.954644,241.5327791474989,0.9518384161385843,0
1596160267.964644,243.33324949967175,0.9518384161385843,0
1596160267.974644,245.1335052751234,0.9518384161385843,0
1596160267.984644,246.93213026749402,0.9518384161385843,0
1596160267.994644,248.7328581117323,0.9518384161385843,0
1596160268.004644,250.53216974961072,0.9518384161385843,0
1596160268.014644,252.33173887955456,0.9518384161385843,0
1596160268.024644,254.1338829301527,0.9518384161385843,0
1596160268.034644,255.93310873734265,0.9518384161385843,0
1596160268.0446439,257.7333645127943,0.9518384161385843,0
1596160268.0546439,259.5311741136244,0.9518384161385843,0
1596160268.0646439,261.3320307038954,0.9518384161385843,0
1596160268.0746439,263.13305895554333,0.9518384161385843,0
1596160268.0846438,264.93404429184704,0.9518384161385843,0
1596160268.0946438,266.73245470749646,0.9518384161385843,0
1596160268.1046438,268.5309938691786,0.9518384161385843,0
1596160268.1146438,270.33416788803845,0.9518384161385843,0
1596160268.1246438,272.13412325608044,0.9518384161385843,0
1596160268.1346438,273.93317740189343,0.9518384161385843,0
1596160268.1446438,275.7333473466566,0.9518384161385843,0
1596160268.1546438,277.53111403214245,0.9518384161385843,0
1596160268.1646438,279.3313698075941,0.9518384161385843,0
1596160268.1746438,281.1311964296034,0.9518384161385843,0
1596160268.1846437,282.93188135849744,0.9518384161385843,0
1596160268.1946437,284.7321371339491,0.9518384161385843,0
1596160268.2046437,286.53114836441785,0.9518384161385843,0
1596160268.2146437,288.3332065843275,0.9518384161385843,0
1596160268.2246437,290.13208906876355,0.9518384161385843,0
1596160268.2346437,291.9315294526747,0.9518384161385843,0
1596160268.2446437,293.7313989900282,0.9518384161385843,0
1596160268.2546437,295.5310539506605,0.9518384161385843,0
1596160268.2646437,297.3311380647352,0.9518384161385843,0
1596160268.2746437,299.13135092484265,0.9518384161385843,0
1596160268.2846437,300.9331945680311,0.9518384161385843,0
1596160268.2946436,302.73117583023816,0.9518384161385843,0
1596160268.3046436,304.5331911348036,0.9518384161385843,0
1596160268.3146436,306.33254568802624,0.9518384161385843,0
1596160268.3246436,308.13262980210095,0.9518384161385843,0
1596160268.3346436,309.9327568315199,0.9518384161385843,0
1596160268.3446436,311.7338279985121,0.9518384161385843,0
1596160268.3546436,313.5338262818983,0.9518384161385843,0
1596160268.3646436,315.3320650361708,0.9518384161385843,0
1596160268.3746436,317.13287871109753,0.9518384161385843,0
1596160268.3846436,318.9332632325819,0.9518384161385843,0
1596160268.3946435,320.73394816147595,0.9518384161385843,0
1596160268.4046435,322.533731868141,0.9518384161385843,0
1596160268.4146435,324.3314556382826,0.9518384161385843,0
1596160268.4246435,326.1314110063246,0.9518384161385843,0
1596160268.4346435,327.93110888230115,0.9518384161385843,0
1596160268.4446435,329.73342459427624,0.9518384161385843,0
1596160268.4546435,331.5328649781874,0.9518384161385843,0
1596160268.4646435,333.3317045472792,0.9518384161385843,0
1596160268.4746435,335.13256113755017,0.9518384161385843,0
1596160268.4846435,336.93273108231335,0.9518384161385843,0
1596160268.4946434,338.7309269212416,0.9518384161385843,0
1596160268.5046434,340.5317835115126,0.9518384161385843,0
1596160268.5146434,342.33083765732556,0.9518384161385843,0
1596160268.5246434,344.1326383851698,0.9518384161385843,0
1596160268.5346434,345.93323748337536,0.9518384161385843,0
1596160268.5446434,347.73284952866345,0.9518384161385843,0
1596160268.5546434,349.5339636109999,0.9518384161385843,0
1596160268.5646434,351.3328460954359,0.9518384161385843,0
1596160268.5746434,353.13207190262585,0.9518384161385843,0
1596160268.5846434,354.9325422547987,0.9518384161385843,0
1596160268.5946434,356.7329267762831,0.9518384161385843,0
1596160268.6046433,358.5314659379652,0.9518384161385843,0
1596160268.612811,360,0.9518384161385843,1
1596160268.612811,0,0,0
1596160268.622811,1.8000411987304688,0,0
1596160268.627435,2.632298469543457,0,0
1596160268.627435,30.22716090999084,0.15330479133581879,0
1596160268.6300423,30.696483114580683,0.15330479133581879,0
1596160268.6300423,339.5836182311296,1.8693444308722018,0
1596160268.632811,340.08255202324386,1.8693444308722018,0
1596160268.642811,341.8825503066301,1.8693444308722018,0
1596160268.652811,343.68525225670334,1.8693444308722018,0
1596160268.662811,345.4832764342546,1.8693444308722018,0
1596160268.672811,347.28353220970627,1.8693444308722018,0
1596160268.682811,349.08417422325607,1.8693444308722018,0
1596160268.692811,350.885202474904,1.8693444308722018,0
1596160268.702811,352.68387038261886,1.8693444308722018,0
1596160268.712811,354.48249537498947,1.8693444308722018,0
1596160268.722811,356.28412444145675,1.8693444308722018,0
1596160268.732811,358.0834789946794,1.8693444308722018,0
1596160268.742811,359.8819752410173,1.8693444308722018,0
1596160268.7434793,360,1.8693444308722018,1
1596160268.7434793,0,0,0
1596160268.7534792,1.8029594421386719,0,0
1596160268.7576673,2.553849220275879,0,0
1596160268.7576673,29.362400998385386,0.14893639876727505,0
1596160268.7590485,29.61100958755775,0.14893639876727505,0
1596160268.7590485,327.61825208623867,1.8045321904266136,0
1596160268.7634792,328.41900949438076,1.8045321904266136,0
1596160268.7734792,330.21626119573574,1.8045321904266136,0
1596160268.7834792,332.0176327701376,1.8045321904266136,0
1596160268.7934792,333.81595735509853,1.8045321904266136,0
1596160268.8034792,335.61681394536953,1.8045321904266136,0
1596160268.8134792,337.4169409747885,1.8045321904266136,0
1596160268.8234792,339.21629552801113,1.8045321904266136,0
1596160268.8334792,341.0190403934286,1.8045321904266136,0
1596160268.8434792,342.8187811847494,1.8045321904266136,0
1596160268.8534791,344.61822156866054,1.8045321904266136,0
1596160268.8634791,346.4186060901449,1.8045321904266136,0
1596160268.8734791,348.21645860631924,1.8045321904266136,0
1596160268.883479,350.01645688970547,1.8045321904266136,0
1596160268.893479,351.81662683446865,1.8045321904266136,0
1596160268.903479,353.61649637182217,1.8045321904266136,0
1596160268.913479,355.41791086156826,1.8045321904266136,0
1596160268.923479,357.2167075153158,1.8045321904266136,0
1596160268.933479,359.0174353595541,1.8045321904266136,0
1596160268.938958,360,1.8045321904266136,1
1596160268.938958,0,0,0
1596160268.948958,1.801156997680664,0,0
1596160268.9529119,2.5117063522338867,0,0
1596160268.9529119,28.897852730772424,0.14658970210299188,0
1596160268.9555404,29.370994400999475,0.14658970210299188,0
1596160268.9555404,324.9725223507748,1.7888204129350769,0
1596160268.958958,325.5907607998715,1.7888204129350769,0
1596160268.968958,327.38788375519374,1.7888204129350769,0
1596160268.978958,329.1882253613339,1.7888204129350769,0
1596160268.988958,330.9885240521298,1.7888204129350769,0
1596160268.9989579,332.7905393566952,1.7888204129350769,0
1596160269.0089579,334.5900655712948,1.7888204129350769,0
1596160269.0189579,336.3884330716,1.7888204129350769,0
1596160269.0289578,338.18946132324794,1.7888204129350769,0
1596160269.0389578,339.9891591992245,1.7888204129350769,0
1596160269.0489578,341.7883420910702,1.7888204129350769,0
1596160269.0589578,343.58949908875087,1.7888204129350769,0
1596160269.0689578,345.38919696472743,1.7888204129350769,0
1596160269.0789578,347.18949565552333,1.7888204129350769,0
1596160269.0889578,348.9895368542538,1.7888204129350769,0
1596160269.0989578,350.7893634762631,1.7888204129350769,0
1596160269.1089578,352.588589283453,1.7888204129350769,0
1596160269.1189578,354.3886304821835,1.7888204129350769,0
1596160269.1289577,356.1895299877987,1.7888204129350769,0
1596160269.1389577,357.9900432553158,1.7888204129350769,0
1596160269.1489577,359.78858241699794,1.7888204129350769,0
1596160269.15014,360,1.7888204129350769,1
1596160269.15014,0,0,0
1596160269.16014,1.8032598495483398,0,0
1596160269.164429,2.572002410888672,0,0
1596160269.164429,29.562506820381643,0.1499472467194054,0
1596160269.1670506,30.034403945625783,0.1499472467194054,0
1596160269.1670506,332.28540277379153,1.8291194624314373,0
1596160269.17014,332.84270143406985,1.8291194624314373,0
1596160269.18014,334.64355802434085,1.8291194624314373,0
1596160269.19014,336.4415822018921,1.8291194624314373,0
1596160269.20014,338.24394082921145,1.8291194624314373,0
1596160269.21014,340.0444111813843,1.8291194624314373,0
1596160269.22014,341.84376573460696,1.8291194624314373,0
1596160269.23014,343.64247655766604,1.8291194624314373,0
1596160269.24014,345.44346189396975,1.8291194624314373,0
1596160269.25014,347.24444723027347,1.8291194624314373,0
1596160269.26014,349.0435442914307,1.8291194624314373,0
1596160269.27014,350.84277009862063,1.8291194624314373,0
1596160269.28014,352.6430258740723,1.8291194624314373,0
1596160269.29014,354.4423375119507,1.8291194624314373,0
1596160269.30014,356.2436232556641,1.8291194624314373,0
1596160269.31014,358.0446085919678,1.8291194624314373,0
1596160269.32014,359.8441348065674,1.8291194624314373,0
1596160269.3210301,360,1.8291194624314373,1
1596160269.3210301,0,0,0
1596160269.3310301,1.8024873733520508,0,0
1596160269.335915,2.679290771484375,0,0
1596160269.335915,30.745165342817934,0.15592152539629756,0
1596160269.3410301,31.667459005842836,0.15592152539629756,0
1596160269.3422973,31.893966192732485,0.15592152539629756,0
1596160269.3422973,352.78368541443064,1.9386421877390652,0
1596160269.35103,354.35563155853464,1.9386421877390652,0
1596160269.36103,356.15820476257517,1.9386421877390652,0
1596160269.37103,357.95588561737253,1.9386421877390652,0
1596160269.38103,359.755926816103,1.9386421877390652,0
1596160269.3824065,360,1.9386421877390652,1
1596160269.3824065,0,0,0
1596160269.3924065,1.800985336303711,0,0
1596160269.396172,2.4778032302856445,0,0
1596160269.396172,28.524132637682552,0.14470183004109394,0
1596160269.4024065,29.64649763554632,0.14470183004109394,0
1596160269.4050493,30.122042565050716,0.14470183004109394,0
1596160269.4050493,333.2514587334683,1.8287541420878584,0
1596160269.4124064,334.5784440926602,1.8287541420878584,0
1596160269.4224064,336.37573870935944,1.8287541420878584,0
1596160269.4324064,338.17616614618805,1.8287541420878584,0
1596160269.4424064,339.9776664666226,1.8287541420878584,0
1596160269.4524064,341.7781368187955,1.8287541420878584,0
1596160269.4624064,343.5776630333951,1.8287541420878584,0
1596160269.4724064,345.3762021950772,1.8287541420878584,0
1596160269.4824064,347.17654380121735,1.8287541420878584,0
1596160269.4924064,348.9780012063077,1.8287541420878584,0
1596160269.5024064,350.77881488123444,1.8287541420878584,0
1596160269.5124063,352.57791194239167,1.8287541420878584,0
1596160269.5224063,354.37683734217194,1.8287541420878584,0
1596160269.5324063,356.17885264673737,1.8287541420878584,0
1596160269.5424063,357.9768339089444,1.8287541420878584,0
1596160269.5524063,359.77833422937897,1.8287541420878584,0
1596160269.5536609,360,1.8287541420878584,1
1596160269.5536609,0,0,0
1596160269.5636609,1.800384521484375,0,0
1596160269.567664,2.5205469131469727,0,0
1596160269.567664,28.99530379302118,0.1470819826659678,0
1596160269.5736609,30.075139684744812,0.1470819826659678,0
1596160269.5752835,30.36683527953241,0.1470819826659678,0
1596160269.5752835,335.9498520018961,1.8447654089013215,0
1596160269.5836608,337.46098710321445,1.8447654089013215,0
1596160269.5936608,339.260684979191,1.8447654089013215,0
1596160269.6036608,341.0599537017252,1.8447654089013215,0
1596160269.6136608,342.8604669692423,1.8447654089013215,0
1596160269.6236608,344.6604652526285,1.8447654089013215,0
1596160269.6336608,346.4611072661783,1.8447654089013215,0
1596160269.6436608,348.25921727441806,1.8447654089013215,0
1596160269.6536608,350.05779935144443,1.8447654089013215,0
1596160269.6636608,351.85809804224033,1.8447654089013215,0
1596160269.6736608,353.6594696166422,1.8447654089013215,0
1596160269.6836607,355.4594679000284,1.8447654089013215,0
1596160269.6936607,357.2583932998087,1.8447654089013215,0
1596160269.7036607,359.0604086043741,1.8447654089013215,0
1596160269.7089064,360,1.8447654089013215,1
1596160269.7089064,0,0,0
1596160269.7189064,1.801285743713379,0,0
1596160269.7229197,2.5223922729492188,0,0
1596160269.7229197,29.015645519607087,0.14718474025921038,0
1596160269.7289064,30.09552432667496,0.14718474025921038,0
1596160269.730539,30.38713409077408,0.14718474025921038,0
1596160269.730539,336.17360937853067,1.8459984918578582,0
1596160269.7389064,337.6825987126371,1.8459984918578582,0
1596160269.7489064,339.4827686574003,1.8459984918578582,0
1596160269.7589064,341.28135073442667,1.8459984918578582,0
1596160269.7689064,343.0807052876493,1.8459984918578582,0
1596160269.7789063,344.8804460789701,1.8459984918578582,0
1596160269.7889063,346.6816030766508,1.8459984918578582,0
1596160269.7989063,348.48207342882364,1.8459984918578582,0
1596160269.8089063,350.28138506670206,1.8459984918578582,0
1596160269.8189063,352.0821987416288,1.8459984918578582,0
1596160269.8289063,353.88275492449014,1.8459984918578582,0
1596160269.8389063,355.6813370015165,1.8459984918578582,0
1596160269.8489063,357.48064863939493,1.8459984918578582,0
1596160269.8589063,359.2801319386503,1.8459984918578582,0
1596160269.862925,360,1.8459984918578582,1
1596160269.862925,0,0,0
1596160269.872925,1.8018007278442383,0,0
1596160269.8769147,2.518143653869629,0,0
1596160269.8769147,28.968812242118602,0.1469481588236054,0
1596160269.882925,30.053926721183544,0.1469481588236054,0
1596160269.8832893,30.116239801017528,0.1469481588236054,0
1596160269.8832893,333.18749384203545,1.8306773479403715,0
1596160269.892925,334.9253077916204,1.8306773479403715,0
1596160269.902925,336.7238040379583,1.8306773479403715,0
1596160269.912925,338.5232015065252,1.8306773479403715,0
1596160269.922925,340.32298521319024,1.8306773479403715,0
1596160269.932925,342.12285475054375,1.8306773479403715,0
1596160269.942925,343.92216638842217,1.8306773479403715,0
1596160269.952925,345.72190717974297,1.8306773479403715,0
1596160269.962925,347.5224633626043,1.8306773479403715,0
1596160269.972925,349.3248649052679,1.8306773479403715,0
1596160269.982925,351.12413362780205,1.8306773479403715,0
1596160269.992925,352.92241529741875,1.8306773479403715,0
1596160270.002925,354.7221990040838,1.8306773479403715,0
1596160270.012925,356.525072615534,1.8306773479403715,0
1596160270.022925,358.32399801531426,1.8306773479403715,0
1596160270.0322635,360,1.8306773479403715,1
1596160270.0322635,0,0,0
1596160270.0422635,1.7999982833862305,0,0
1596160270.0459027,2.4550580978393555,0,0
1596160270.0459027,28.27340903092607,0.14343528296159286,0
1596160270.0522635,29.41877665330156,0.14343528296159286,0
1596160270.0535417,29.648416660320603,0.14343528296159286,0
1596160270.0535417,328.03059684718755,1.8011140617775203,0
1596160270.0622635,329.6024571606031,1.8011140617775203,0
1596160270.0722635,331.4009963222852,1.8011140617775203,0
1596160270.0822635,333.2006941982618,1.8011140617775203,0
1596160270.0922635,335.00352489436773,1.8011140617775203,0
1596160270.1022635,336.80150615657476,1.8011140617775203,0
1596160270.1122634,338.60292064632085,1.8011140617775203,0
1596160270.1222634,340.40356265987066,1.8011140617775203,0
1596160270.1322634,342.20364677394537,1.8011140617775203,0
1596160270.1422634,344.00278675044683,1.8011140617775203,0
1596160270.1522634,345.8035145946851,1.8011140617775203,0
1596160270.1622634,347.60351287807134,1.8011140617775203,0
1596160270.1722634,349.40248119319585,1.8011140617775203,0
1596160270.1822634,351.20376693690923,1.8011140617775203,0
1596160270.1922634,353.003679389607,1.8011140617775203,0
1596160270.2022634,354.8007165142408,1.8011140617775203,0
1596160270.2122633,356.60067188228277,1.8011140617775203,0
1596160270.2222633,358.4035884090772,1.8011140617775203,0
1596160270.231156,360,1.8011140617775203,1
1596160270.231156,0,0,0
1596160270.241156,1.8008136749267578,0,0
1596160270.2449033,2.474498748779297,0,0
1596160270.2449033,28.487706755191514,0.14451782225784565,0
1596160270.246289,28.737130735904405,0.14451782225784565,0
1596160270.246289,317.98533136915165,1.7514522702203303,0
1596160270.2501593,318.68197615217167,1.7514522702203303,0
1596160270.2501593,360.0,1.98099684715271,0
1596160270.2502353,360,1.98099684715271,1
1596160270.2502353,0,0,0
1596160270.2602353,1.8028736114501953,0,0
1596160270.2702353,3.600296974182129,0,0
1596160270.2802353,5.400896072387695,0,0
1596160270.2902353,7.202353477478027,0,0
1596160270.3002353,9.00230884552002,0,0
1596160270.3102353,10.80054759979248,0,0
1596160270.3202353,12.600846290588379,0,0
1596160270.3302352,14.402732849121094,0,0
1596160270.3402352,16.200885772705078,0,0
1596160270.3502352,18.002300262451172,0,0
1596160270.3602352,19.800281524658203,0,0
1596160270.3702352,21.601181030273438,0,0
1596160270.3802352,23.402423858642578,0,0
1596160270.3902352,25.200190544128418,0,0
1596160270.4002352,27.0029354095459,0,0
1596160270.4102352,28.802504539489746,0,0
1596160270.4202352,30.603275299072266,0,0
1596160270.4302351,32.402544021606445,0,0
1596160270.4402351,34.201812744140625,0,0
1596160270.4502351,36.001338958740234,0,0
1596160270.460235,37.80099391937256,0,0
1596160270.470235,39.60120677947998,0,0
1596160270.480235,41.403136253356934,0,0
1596160270.490235,43.202576637268066,0,0
1596160270.500235,45.003132820129395,0,0
1596160270.510235,46.80244445800781,0,0
1596160270.520235,48.6000394821167,0,0
1596160270.530235,50.400166511535645,0,0
1596160270.540235,52.20123767852783,0,0
1596160270.550235,54.00080680847168,0,0
1596160270.560235,55.80252170562744,0,0
1596160270.570235,57.60011672973633,0,0
1596160270.580235,59.40316200256348,0,0
1596160270.590235,61.200928688049316,0,0
1596160270.600235,63.002471923828125,0,0
1596160270.610235,64.79998111724854,0,0
1596160270.620235,66.60135269165039,0,0
1596160270.630235,68.40083599090576,0,0
1596160270.640235,70.20315170288086,0,0
1596160270.650235,72.0018196105957,0,0
1596160270.660235,73.8003158569336,0,0
1596160270.670235,75.60263156890869,0,0
1596160270.680235,77.4018144607544,0,0
1596160270.690235,79.20001029968262,0,0
1596160270.700235,81.00039482116699,0,0
1596160270.7102349,82.80279636383057,0,0
1596160270.7202349,84.60124969482422,0,0
1596160270.7302349,86.40008926391602,0,0
1596160270.7402349,88.20176124572754,0,0
1596160270.7502348,90.00141620635986,0,0
1596160270.7602348,91.80257320404053,0,0
1596160270.7702348,93.60330104827881,0,0
1596160270.7802348,95.40201187133789,0,0
1596160270.7902348,97.20304012298584,0,0
1596160270.8002348,99.0012788772583,0,0
1596160270.8102348,100.80114841461182,0,0
1596160270.8202348,102.60307788848877,0,0
1596160270.8302348,104.40221786499023,0,0
1596160270.8402348,106.20182991027832,0,0
1596160270.8502347,108.0005407333374,0,0
1596160270.8602347,109.8004961013794,0,0
1596160270.8702347,111.6005802154541,0,0
1596160270.8802347,113.40070724487305,0,0
1596160270.8902347,115.19989013671875,0,0
1596160270.9002347,117.00066089630127,0,0
1596160270.9102347,118.80168914794922,0,0
1596160270.9202347,120.6024169921875,0,0
1596160270.9302347,122.40061283111572,0,0
1596160270.9402347,124.20129776000977,0,0
1596160270.9502347,126.00022315979004,0,0
1596160270.9602346,127.80215263366699,0,0
1596160270.9702346,129.60185050964355,0,0
1596160270.9802346,131.40004634857178,0,0
1596160270.9902346,133.20300579071045,0,0
1596160271.0002346,135.0007724761963,0,0
1596160271.004025,135.68213939666748,0,0
1596160271.004025,360.0,1.2462103366851807,0
1596160271.0041342,360,1.2462103366851807,1
1596160271.0041342,0,0,0
1596160271.0104098,1.129617691040039,0,0
1596160271.0104098,13.662845644747826,0.06962904418726548,0
1596160271.0141342,14.336015734469505,0.06962904418726548,0
1596160271.0241342,16.133825335299584,0.06962904418726548,0
1596160271.0341341,17.933995280062767,0.06962904418726548,0
1596160271.0441341,19.734079394137474,0.06962904418726548,0
1596160271.0517762,21.108786616122337,0.06962904418726548,0
1596160271.0517762,233.89674864456367,1.2517843887897173,0
1596160271.0541341,234.32285509750557,1.2517843887897173,0
1596160271.0594053,235.26999674484443,1.2517843887897173,0
1596160271.0594053,360.0,1.9447288513183594,0
1596160271.0594833,360,1.9447288513183594,1
1596160271.0594833,0,0,0
1596160271.0694833,1.8010711669921875,0,0
1596160271.0794833,3.601670265197754,0,0
1596160271.0894833,5.401754379272461,0,0
1596160271.0994833,7.202053070068359,0,0
1596160271.1094832,9.001965522766113,0,0
1596160271.1194832,10.801491737365723,0,0
1596160271.1294832,12.600717544555664,0,0
1596160271.1394832,14.400544166564941,0,0
1596160271.1494832,16.202001571655273,0,0
1596160271.1594832,18.002429008483887,0,0
1596160271.1694832,19.800496101379395,0,0
1596160271.1794832,21.60139560699463,0,0
1596160271.1894832,23.40135097503662,0,0
1596160271.1994832,25.203194618225098,0,0
1596160271.2094831,27.003235816955566,0,0
1596160271.2194831,28.801045417785645,0,0
1596160271.2294831,30.602803230285645,0,0
1596160271.2332737,31.28228187561035,0,0
1596160271.2332737,346.0409812975213,1.7486594412328385,0
1596160271.239483,347.1606855440423,1.7486594412328385,0
1596160271.2421732,347.6428823519036,1.7486594412328385,0
1596160271.2421732,360.0,1.817310094833374,0
1596160271.2422519,360,1.817310094833374,1
1596160271.2422519,0,0,0
1596160271.2522519,1.8026161193847656,0,0
1596160271.2560291,2.4799060821533203,0,0
1596160271.2560291,28.5473127447223,0.144818925903161,0
1596160271.2622519,29.66873360501283,0.144818925903161,0
1596160271.2699065,31.0452432714557,0.144818925903161,0
1596160271.2699065,343.4280629549034,1.8802790352556482,0
1596160271.2722518,343.85030702686385,1.8802790352556482,0
1596160271.2822518,345.6502194795616,1.8802790352556482,0
1596160271.2922518,347.4529643449791,1.8802790352556482,0
1596160271.3022518,349.25133184528426,1.8802790352556482,0
1596160271.3122518,351.05218843555525,1.8802790352556482,0
1596160271.3222518,352.8518863115318,1.8802790352556482,0
1596160271.3322518,354.65222791767195,1.8802790352556482,0
1596160271.3422518,356.45093874073103,1.8802790352556482,0
1596160271.3522518,358.25316862201765,1.8802790352556482,0
1596160271.361982,360,1.8802790352556482,1
1596160271.361982,0,0,0
1596160271.371982,1.8033885955810547,0,0
1596160271.3762798,2.5735902786254883,0,0
1596160271.3762798,29.58001016651369,0.15003566604382335,0
1596160271.381982,30.60950635944582,0.15003566604382335,0
1596160271.3838954,30.95081209217287,0.15003566604382335,0
1596160271.3838954,342.3871314098369,1.8802374400308457,0
1596160271.391982,343.84299154777636,1.8802374400308457,0
1596160271.401982,345.6447922756206,1.8802374400308457,0
1596160271.411982,347.44491930503955,1.8802374400308457,0
1596160271.421982,349.2449175884258,1.8802374400308457,0
1596160271.431982,351.04307051200976,1.8802374400308457,0
1596160271.441982,352.84538622398486,1.8802374400308457,0
1596160271.451982,354.6440541316997,1.8802374400308457,0
1596160271.461982,356.4436661769878,1.8802374400308457,0
1596160271.471982,358.24490900535693,1.8802374400308457,0
1596160271.4817533,360,1.8802374400308457,1
1596160271.4817533,0,0,0
1596160271.4917533,1.8027019500732422,0,0
1596160271.4965203,2.658047676086426,0,0
1596160271.4965203,30.510998955375555,0.15473861821827295,0
1596160271.5017533,31.454406967765692,0.15473861821827295,0
1596160271.504144,31.883260002738837,0.15473861821827295,0
1596160271.504144,352.66566919376606,1.9368631137239798,0
1596160271.5117533,354.03659986545796,1.9368631137239798,0
1596160271.5217533,355.83543943454976,1.9368631137239798,0
1596160271.5317533,357.6361243634438,1.9368631137239798,0
1596160271.5417533,359.43638013889546,1.9368631137239798,0
1596160271.5449061,360,1.9368631137239798,1
1596160271.5449061,0,0,0
1596160271.5549061,1.8016719818115234,0,0
1596160271.5580297,2.362232208251953,0,0
1596160271.5580297,27.250172877314156,0.13826633705034558,0
1596160271.5644095,28.398544573786324,0.13826633705034558,0
1596160271.5644095,314.2530363840798,1.7263468471075314,0
1596160271.5649061,314.3432015223244,1.7263468471075314,0
1596160271.574906,316.14354312846456,1.7263468471075314,0
1596160271.584906,317.942683104966,1.7263468471075314,0
1596160271.594906,319.7455567164162,1.7263468471075314,0
1596160271.604906,321.54332340190206,1.7263468471075314,0
1596160271.614906,323.3444374842385,1.7263468471075314,0
1596160271.624906,325.1430624766091,1.7263468471075314,0
1596160271.634906,326.9426745218972,1.7263468471075314,0
1596160271.644906,328.74554813334737,1.7263468471075314,0
1596160271.654906,330.54494560191426,1.7263468471075314,0
1596160271.664906,332.3453730387429,1.7263468471075314,0
1596160271.674906,334.1437834543923,1.7263468471075314,0
1596160271.684906,335.94300926158223,1.7263468471075314,0
1596160271.694906,337.7426213068703,1.7263468471075314,0
1596160271.704906,339.543778304551,1.7263468471075314,0
1596160271.714906,341.3454502863625,1.7263468471075314,0
1596160271.724906,343.14514816233907,1.7263468471075314,0
1596160271.734906,344.94441688487325,1.7263468471075314,0
1596160271.744906,346.74359977671895,1.7263468471075314,0
1596160271.754906,348.5452717585305,1.7263468471075314,0
1596160271.764906,350.345141295884,1.7263468471075314,0
1596160271.774906,352.1425646586159,1.7263468471075314,0
1596160271.784906,353.9450949473122,1.7263468471075314,0
1596160271.794906,355.7436770243386,1.7263468471075314,0
1596160271.804906,357.5436753077248,1.7263468471075314,0
1596160271.814906,359.34457481334005,1.7263468471075314,0
1596160271.818572,360,1.7263468471075314,1
1596160271.818572,0,0,0
1596160271.828572,1.8015003204345703,0,0
1596160271.8332827,2.6479196548461914,0,0
1596160271.8332827,30.399355990857572,0.15417464631117433,0
1596160271.838572,31.352591617078275,0.15417464631117433,0
1596160271.848572,33.154349429578275,0.15417464631117433,0
1596160271.8496408,33.34382067439029,0.15417464631117433,0
1596160271.8496408,360.0,1.9689311981201172,0
1596160271.84972,360,1.9689311981201172,1
1596160271.84972,0,0,0
1596160271.85972,1.800985336303711,0,0
1596160271.863518,2.483639717102051,0,0
1596160271.863518,28.5884692613031,0.14502683080111695,0
1596160271.86972,29.708259338512573,0.14502683080111695,0
1596160271.8711538,29.962918991222534,0.14502683080111695,0
1596160271.8711538,331.49741151284246,1.8202184559212276,0
1596160271.87972,333.04073312233953,1.8202184559212276,0
1596160271.88972,334.8423192734626,1.8202184559212276,0
1596160271.89972,336.6420600647834,1.8202184559212276,0
1596160271.90972,338.440685057154,1.8202184559212276,0
1596160271.91972,340.23939588021307,1.8202184559212276,0
1596160271.92972,342.0394799942878,1.8202184559212276,0
1596160271.93972,343.8404653305915,1.8202184559212276,0
1596160271.94972,345.6424377198127,1.8202184559212276,0
1596160271.95972,347.4422214264777,1.8202184559212276,0
1596160271.96972,349.241146826258,1.8202184559212276,0
1596160271.9797199,351.039299749842,1.8202184559212276,0
1596160271.9897199,352.84247376870184,1.8202184559212276,0
1596160271.9997199,354.64032628487615,1.8202184559212276,0
1596160272.0097198,356.44041039895086,1.8202184559212276,0
1596160272.0197198,358.24225404213934,1.8202184559212276,0
1596160272.0295105,360,1.8202184559212276,1
1596160272.0295105,0,0,0
1596160272.0395105,1.801156997680664,0,0
1596160272.0437682,2.566380500793457,0,0
1596160272.0437682,29.500535513805964,0.14963419451673615,0
1596160272.0495105,30.535653616833308,0.14963419451673615,0
1596160272.0514,30.874255682873347,0.14963419451673615,0
1596160272.0514,341.54323660705944,1.8755729774288812,0
1596160272.0595105,343.0053623852577,1.8755729774288812,0
1596160272.0695105,344.8042448696937,1.8755729774288812,0
1596160272.0795105,346.6043289837684,1.8755729774288812,0
1596160272.0895104,348.40600096557995,1.8755729774288812,0
1596160272.0995104,350.20496928070446,1.8755729774288812,0
1596160272.1095104,352.0059546170082,1.8755729774288812,0
1596160272.1195104,353.8031204876747,1.8755729774288812,0
1596160272.1295104,355.6034620938148,1.8755729774288812,0
1596160272.1395104,357.40624987457653,1.8755729774288812,0
1596160272.1495104,359.20375906799694,1.8755729774288812,0
1596160272.1539516,360,1.8755729774288812,1
1596160272.1539516,0,0,0
1596160272.1639516,1.8029165267944336,0,0
1596160272.1677668,2.486729621887207,0,0
1596160272.1677668,28.622529826749236,0.14519889002701128,0
1596160272.1739516,29.73755630074826,0.14519889002701128,0
1596160272.1753917,29.99500545083371,0.14519889002701128,0
1596160272.1753917,331.85110621656634,1.8221772276144148,0
1596160272.1839516,333.39515738691546,1.8221772276144148,0
1596160272.1939516,335.19476943220354,1.8221772276144148,0
1596160272.2039516,336.9926648637221,1.8221772276144148,0
1596160272.2139516,338.7928348084853,1.8221772276144148,0
1596160272.2239516,340.5919318696425,1.8221772276144148,0
1596160272.2339516,342.393775512831,1.8221772276144148,0
1596160272.2439516,344.1924005052016,1.8221772276144148,0
1596160272.2539515,345.99299960340716,1.8221772276144148,0
1596160272.2639515,347.79274039472796,1.8221772276144148,0
1596160272.2739515,349.5919662019179,1.8221772276144148,0
1596160272.2839515,351.3944964906142,1.8221772276144148,0
1596160272.2939515,353.1922202607558,1.8221772276144148,0
1596160272.3039515,354.9927764436171,1.8221772276144148,0
1596160272.3139515,356.79268889631487,1.8221772276144148,0
1596160272.3239515,358.59294467176653,1.8221772276144148,0
1596160272.3317864,360,1.8221772276144148,1
1596160272.3317864,0,0,0
1596160272.3417864,1.8028736114501953,0,0
1596160272.3467646,2.696070671081543,0,0
1596160272.3467646,30.93013313572698,0.15685590258136353,0
1596160272.3517864,31.83599022190862,0.15685590258136353,0
1596160272.3531342,32.0766594723969,0.15685590258136353,0
1596160272.3531342,354.7975456597292,1.94974971473321,0
1596160272.3617864,356.35717510003684,1.94974971473321,0
1596160272.3717864,358.15592883844016,1.94974971473321,0
1596160272.3817863,359.9567425133669,1.94974971473321,0
1596160272.382048,360,1.94974971473321,1
1596160272.382048,0,0,0
1596160272.392048,1.800384521484375,0,0
1596160272.395759,2.4680185317993164,0,0
1596160272.395759,28.416274180436357,0.14415697582576134,0
1596160272.4020479,29.548595538163408,0.14415697582576134,0
1596160272.4033897,29.78977977278255,0.14415697582576134,0
1596160272.4033897,329.5888673695718,1.8097074624745906,0
1596160272.4120479,331.14742392627346,1.8097074624745906,0
1596160272.4220479,332.94896716205227,1.8097074624745906,0
1596160272.4320478,334.74887961475,1.8097074624745906,0
1596160272.4420478,336.5482341679727,1.8097074624745906,0
1596160272.4520478,338.3481895360147,1.8097074624745906,0
1596160272.4620478,340.1494323643838,1.8097074624745906,0
1596160272.4720478,341.9489585789834,1.8097074624745906,0
1596160272.4820478,343.7480985554849,1.8097074624745906,0
1596160272.4920478,345.5504571828042,1.8097074624745906,0
1596160272.5020478,347.3487388524209,1.8097074624745906,0
1596160272.5120478,349.14740676013577,1.8097074624745906,0
1596160272.5220478,350.9498941334878,1.8097074624745906,0
1596160272.5320477,352.75036448566067,1.8097074624745906,0
1596160272.5420477,354.5486890706216,1.8097074624745906,0
1596160272.5520477,356.3476573857461,1.8097074624745906,0
1596160272.5620477,358.1485139760171,1.8097074624745906,0
1596160272.5720477,359.9482547673379,1.8097074624745906,0
1596160272.5723422,360,1.8097074624745906,1
1596160272.5723422,0,0,0
1596160272.5823421,1.8024873733520508,0,0
1596160272.5860097,2.460165023803711,0,0
1596160272.5860097,28.329703576594014,0.1437196586266128,0
1596160272.588647,28.804390199213643,0.1437196586266128,0
1596160272.588647,318.7267442964765,1.7543994036114066,0
1596160272.5923421,319.3921896242353,1.7543994036114066,0
1596160272.6023421,321.19253123037544,1.7543994036114066,0
1596160272.6123421,322.99330198995796,1.7543994036114066,0
1596160272.622342,324.7950168871137,1.7543994036114066,0
1596160272.632342,326.5935131334516,1.7543994036114066,0
1596160272.642342,328.3950563692304,1.7543994036114066,0
1596160272.652342,330.19226515524116,1.7543994036114066,0
1596160272.662342,331.9926925920698,1.7543994036114066,0
1596160272.672342,333.79500830404487,1.7543994036114066,0
1596160272.682342,335.59517824880805,1.7543994036114066,0
1596160272.692342,337.39414656393257,1.7543994036114066,0
1596160272.702342,339.1944881700727,1.7543994036114066,0
1596160272.712342,340.9949156069013,1.7543994036114066,0
1596160272.722342,342.79199564687934,1.7543994036114066,0
1596160272.732342,344.59353888265815,1.7543994036114066,0
1596160272.742342,346.3922926210615,1.7543994036114066,0
1596160272.752342,348.1947370790693,1.7543994036114066,0
1596160272.762342,349.9941774629804,1.7543994036114066,0
1596160272.772342,351.7946907304975,1.7543994036114066,0
1596160272.782342,353.59404528372016,1.7543994036114066,0
1596160272.792342,355.3950735353681,1.7543994036114066,0
1596160272.802342,357.1928831361982,1.7543994036114066,0
1596160272.812342,358.99502718679634,1.7543994036114066,0
1596160272.8179467,360,1.7543994036114066,1
1596160272.8179467,0,0,0
1596160272.8279467,1.8021440505981445,0,0
1596160272.8312564,2.395749092102051,0,0
1596160272.8312564,27.61963539972324,0.1401327017090066,0
1596160272.8326426,27.869145211124607,0.1401327017090066,0
1596160272.8326426,308.4173738336603,1.6987339718342047,0
1596160272.8379467,309.3721544122736,1.6987339718342047,0
1596160272.8479466,311.1755000925104,1.6987339718342047,0
1596160272.8579466,312.9743825769464,1.6987339718342047,0
1596160272.8679466,314.7734367227594,1.6987339718342047,0
1596160272.8779466,316.57322042942445,1.6987339718342047,0
1596160272.8879466,318.37351912022035,1.6987339718342047,0
1596160272.8979466,320.17506235599916,1.6987339718342047,0
1596160272.9079466,321.97411650181215,1.6987339718342047,0
1596160272.9179466,323.7724410867731,1.6987339718342047,0
1596160272.9279466,325.5729972696344,1.6987339718342047,0
1596160272.9379466,327.3737251138727,1.6987339718342047,0
1596160272.9479465,329.173380074505,1.6987339718342047,0
1596160272.9579465,330.97380751133363,1.6987339718342047,0
1596160272.9679465,332.77423494816225,1.6987339718342047,0
1596160272.9779465,334.5749627924005,1.6987339718342047,0
1596160272.9879465,336.37328737736146,1.6987339718342047,0
1596160272.9979465,338.17435854435365,1.6987339718342047,0
1596160273.0079465,339.97397058964174,1.6987339718342047,0
1596160273.0179465,341.77426928043764,1.6987339718342047,0
1596160273.0279465,343.5726367807428,1.6987339718342047,0
1596160273.0379465,345.3739225244562,1.6987339718342047,0
1596160273.0479465,347.1732341623346,1.6987339718342047,0
1596160273.0579464,348.97434824467103,1.6987339718342047,0
1596160273.0679464,350.77447527409,1.6987339718342047,0
1596160273.0779464,352.57207029819887,1.6987339718342047,0
1596160273.0879464,354.3747722482721,1.6987339718342047,0
1596160273.0979464,356.1730539178888,1.6987339718342047,0
1596160273.1079464,357.9724513864557,1.6987339718342047,0
1596160273.1179464,359.77450960636537,1.6987339718342047,0
1596160273.1192212,360,1.6987339718342047,1
1596160273.1192212,0,0,0
1596160273.1292212,1.8002557754516602,0,0
1596160273.1328146,2.4468183517456055,0,0
1596160273.1328146,28.18258085640294,0.14297645835920741,0
1596160273.135397,28.647396949847764,0.14297645835920741,0
1596160273.135397,316.9961800181467,1.7449141420719791,0
1596160273.1392212,317.6857437693674,1.7449141420719791,0
1596160273.1492212,319.48557039137665,1.7449141420719791,0
1596160273.1592212,321.2852682673532,1.7449141420719791,0
1596160273.1692212,323.0846228205759,1.7449141420719791,0
1596160273.1792212,324.88500734206025,1.7449141420719791,0
1596160273.1892211,326.6864647471506,1.7449141420719791,0
1596160273.1992211,328.48697801466767,1.7449141420719791,0
1596160273.2092211,330.2861609065134,1.7449141420719791,0
1596160273.219221,332.08564420576874,1.7449141420719791,0
1596160273.229221,333.8865866267282,1.7449141420719791,0
1596160273.239221,335.6871857249338,1.7449141420719791,0
1596160273.249221,337.48452325697724,1.7449141420719791,0
1596160273.259221,339.2866673075754,1.7449141420719791,0
1596160273.269221,341.08705182905976,1.7449141420719791,0
1596160273.279221,342.8878225886423,1.7449141420719791,0
1596160273.289221,344.6858038508493,1.7449141420719791,0
1596160273.299221,346.4856304728586,1.7449141420719791,0
1596160273.309221,348.2857145869333,1.7449141420719791,0
1596160273.319221,350.08575578566376,1.7449141420719791,0
1596160273.329221,351.8874277674753,1.7449141420719791,0
1596160273.339221,353.68566652174775,1.7449141420719791,0
1596160273.349221,355.4870380961496,1.7449141420719791,0
1596160273.359221,357.28592058058564,1.7449141420719791,0
1596160273.369221,359.08669134016816,1.7449141420719791,0
1596160273.3743117,360,1.7449141420719791,1
1596160273.3743117,0,0,0
1596160273.3843117,1.8015432357788086,0,0
1596160273.3880126,2.4661731719970703,0,0
1596160273.3880126,28.395932453850467,0.14405421823251888,0
1596160273.3906415,28.869117039421756,0.14405421823251888,0
1596160273.3906415,319.44023967265196,1.7583382328615755,0
1596160273.3943117,320.1038396406085,1.7583382328615755,0
1596160273.4043117,321.90340877055235,1.7583382328615755,0
1596160273.4143116,323.7032353925616,1.7583382328615755,0
1596160273.4243116,325.50233245371885,1.7583382328615755,0
1596160273.4343116,327.3022449064166,1.7583382328615755,0
1596160273.4443116,329.10194278239317,1.7583382328615755,0
1596160273.4543116,330.9012973356158,1.7583382328615755,0
1596160273.4643116,332.7017676877887,1.7583382328615755,0
1596160273.4743116,334.50258136271543,1.7583382328615755,0
1596160273.4843116,336.30425334452696,1.7583382328615755,0
1596160273.4943116,338.1032645749957,1.7583382328615755,0
1596160273.5043116,339.9019753980548,1.7583382328615755,0
1596160273.5143116,341.70124412058897,1.7583382328615755,0
1596160273.5243115,343.5014998960406,1.7583382328615755,0
1596160273.5343115,345.301884417525,1.7583382328615755,0
1596160273.5443115,347.1014106321246,1.7583382328615755,0
1596160273.5543115,348.90243888377256,1.7583382328615755,0
1596160273.5643115,350.7010209607989,1.7583382328615755,0
1596160273.5743115,352.5038945722491,1.7583382328615755,0
1596160273.5843115,354.3033778715045,1.7583382328615755,0
1596160273.5943115,356.1012303876788,1.7583382328615755,0
1596160273.6043115,357.9016578245074,1.7583382328615755,0
1596160273.6143115,359.7021710920245,1.7583382328615755,0
1596160273.6159763,360,1.7583382328615755,1
1596160273.6159763,0,0,0
1596160273.6259763,1.802358627319336,0,0
1596160273.6307602,2.6610946655273438,0,0
1596160273.6307602,30.54458645741274,0.15490828773269666,0
1596160273.633382,31.01652649800112,0.15490828773269666,0
1596160273.633382,343.11151289603055,1.8887693232773046,0
1596160273.6359763,343.58169340750516,1.8887693232773046,0
1596160273.6459763,345.37907385489285,1.8887693232773046,0
1596160273.6559763,347.1816899742776,1.8887693232773046,0
1596160273.6659763,348.97954249045193,1.8887693232773046,0
1596160273.6759763,350.7793691124612,1.8887693232773046,0
1596160273.6859763,352.5805690254861,1.8887693232773046,0
1596160273.6959763,354.38000940939725,1.8887693232773046,0
1596160273.7059762,356.179020639866,1.8887693232773046,0
1596160273.7159762,357.98142218252957,1.8887693232773046,0
1596160273.7259762,359.7785022225076,1.8887693232773046,0
1596160273.7272234,360,1.8887693232773046,1
1596160273.7272234,0,0,0
1596160273.7372234,1.8018436431884766,0,0
1596160273.7422616,2.70688533782959,0,0
1596160273.7422616,31.049345114788558,0.15745810987199427,0
1596160273.7472234,31.944001296124007,0.15745810987199427,0
1596160273.7498837,32.42130575474217,0.15745810987199427,0
1596160273.7498837,358.5966424189539,1.9695433135620593,0
1596160273.7572234,359.9201945506067,1.9695433135620593,0
1596160273.7576823,360,1.9695433135620593,1
1596160273.7576823,0,0,0
1596160273.7676823,1.8018007278442383,0,0
1596160273.772507,2.66843318939209,0,0
1596160273.772507,30.625480300347377,0.15531692839419603,0
1596160273.7776823,31.55845988408761,0.15531692839419603,0
1596160273.7788754,31.771792060296107,0.15531692839419603,0
1596160273.7788754,351.43693840343275,1.9312344080782886,0
1596160273.7876823,353.0245057328395,1.9312344080782886,0
1596160273.7976823,354.82321655589857,1.9312344080782886,0
1596160273.8076823,356.6247597916774,1.9312344080782886,0
1596160273.8176823,358.42347061473646,1.9312344080782886,0
1596160273.8264663,360,1.9312344080782886,1
1596160273.8264663,0,0,0
1596160273.8364663,1.8013286590576172,0,0
1596160273.8414986,2.705812454223633,0,0
1596160273.8414986,31.037518529564217,0.15739836708522548,0
1596160273.8464663,31.93410590139039,0.15739836708522548,0
1596160273.84913,32.41115286794312,0.15739836708522548,0
1596160273.84913,358.48472535699557,1.968918214246628,0
1596160273.8564663,359.8057025679941,1.968918214246628,0
1596160273.8575575,360,1.968918214246628,1
1596160273.8575575,0,0,0
1596160273.8675575,1.8023157119750977,0,0
1596160273.8775575,3.601970672607422,0,0
1596160273.8875575,5.402998924255371,0,0
1596160273.8975575,7.202610969543457,0,0
1596160273.9075575,9.001407623291016,0,0
1596160273.9175575,10.801234245300293,0,0
1596160273.920513,11.331968307495117,0,0
1596160273.920513,126.12515598707981,0.6377399315532483,0
1596160273.9275575,127.3960939066965,0.6377399315532483,0
1596160273.928129,127.49604374342746,0.6377399315532483,0
1596160273.928129,360.0,1.9294285774230957,0
1596160273.9282064,360,1.9294285774230957,1
1596160273.9282064,0,0,0
1596160273.9382064,1.8015861511230469,0,0
1596160273.9482064,3.6031723022460938,0,0
1596160273.9582064,5.400595664978027,0,0
1596160273.9682064,7.2019243240356445,0,0
1596160273.9782064,9.00303840637207,0,0
1596160273.9882064,10.802178382873535,0,0
1596160273.9982064,12.600245475769043,0,0
1596160274.0082064,14.400801658630371,0,0
1596160274.0182064,16.2007999420166,0,0
1596160274.0282063,18.000154495239258,0,0
1596160274.0382063,19.80234146118164,0,0
1596160274.0482063,21.602983474731445,0,0
1596160274.0582063,23.403325080871582,0,0
1596160274.0682063,25.201263427734375,0,0
1596160274.0782063,27.00314998626709,0,0
1596160274.0845027,28.133325576782227,0,0
1596160274.0845027,311.32948060060625,1.5733119723545779,0
1596160274.0882063,311.99617047334795,1.5733119723545779,0
1596160274.0908794,312.4772943976033,1.5733119723545779,0
1596160274.0908794,360.0,1.837327003479004,0
1596160274.0909588,360,1.837327003479004,1
1596160274.0909588,0,0,0
1596160274.1009588,1.8014144897460938,0,0
1596160274.1109588,3.603386878967285,0,0
1596160274.1209588,5.400853157043457,0,0
1596160274.1309588,7.201881408691406,0,0
1596160274.1409588,9.003081321716309,0,0
1596160274.1509588,10.800032615661621,0,0
1596160274.1609588,12.600760459899902,0,0
1596160274.1709588,14.403376579284668,0,0
1596160274.1809587,16.20032787322998,0,0
1596160274.1909587,18.000454902648926,0,0
1596160274.2009587,19.800496101379395,0,0
1596160274.2109587,21.602039337158203,0,0
1596160274.2209587,23.40092182159424,0,0
1596160274.2309587,25.20139217376709,0,0
1596160274.2409587,27.0003604888916,0,0
1596160274.2509587,28.801302909851074,0,0
1596160274.2535033,29.258008003234863,0,0
1596160274.2535033,323.72705335960165,1.6359391408687045,0
1596160274.2609587,325.07210607871787,1.6359391408687045,0
1596160274.2611313,325.1000868831612,1.6359391408687045,0
1596160274.2611313,360.0,1.8298275470733643,0
1596160274.2612102,360,1.8298275470733643,1
1596160274.2612102,0,0,0
1596160274.2712102,1.8032169342041016,0,0
1596160274.2750087,2.4837255477905273,0,0
1596160274.2750087,28.58941538812101,0.14503161022405825,0
1596160274.2812102,29.70705969811857,0.14503161022405825,0
1596160274.2912102,31.50903208733976,0.14503161022405825,0
1596160274.3012102,33.30667002679289,0.14503161022405825,0
1596160274.3112102,35.10602458001554,0.14503161022405825,0
1596160274.3212101,36.90765364648283,0.14503161022405825,0
1596160274.3312101,38.70666487695158,0.14503161022405825,0
1596160274.3412101,40.50782187463224,0.14503161022405825,0
1596160274.35121,42.30842097283781,0.14503161022405825,0
1596160274.36121,44.10816176415861,0.14503161022405825,0
1596160274.37121,45.9061001110214,0.14503161022405825,0
1596160274.38121,47.706270055784586,0.14503161022405825,0
1596160274.39121,49.506268339170816,0.14503161022405825,0
1596160274.40121,51.308541135801676,0.14503161022405825,0
1596160274.41121,53.10841067315519,0.14503161022405825,0
1596160274.42121,54.907336072935465,0.14503161022405825,0
1596160274.43121,56.70600398065031,0.14503161022405825,0
1596160274.44121,58.506131010069254,0.14503161022405825,0
1596160274.45121,60.30655844689787,0.14503161022405825,0
1596160274.453873,60.784978704466226,0.14503161022405825,0
1596160274.453873,360.0,1.8073372840881348,0
1596160274.4539566,360,1.8073372840881348,1
1596160274.4539566,0,0,0
1596160274.4602466,1.132192611694336,0,0
1596160274.4602466,13.691229449286306,0.06977242687551094,0
1596160274.4639566,14.360365496649587,0.06977242687551094,0
1596160274.4739566,16.16105042554363,0.06977242687551094,0
1596160274.4839566,17.95928917981609,0.06977242687551094,0
1596160274.4939566,19.76156197644695,0.06977242687551094,0
1596160274.5039566,21.560616122259937,0.06977242687551094,0
1596160274.5139565,23.36203061200603,0.06977242687551094,0
1596160274.5239565,25.159668551459156,0.06977242687551094,0
1596160274.5339565,26.960224734320484,0.06977242687551094,0
1596160274.5439565,28.76086674787029,0.06977242687551094,0
1596160274.5539565,30.560650454535327,0.06977242687551094,0
1596160274.5639565,32.3590179548405,0.06977242687551094,0
1596160274.5739565,34.160732851996265,0.06977242687551094,0
1596160274.5839565,35.96013032056316,0.06977242687551094,0
1596160274.5939565,37.761029826178394,0.06977242687551094,0
1596160274.6039565,39.560041056647144,0.06977242687551094,0
1596160274.6139565,41.361240969672046,0.06977242687551094,0
1596160274.6239564,43.160767184271656,0.06977242687551094,0
1596160274.6339564,44.9608942136906,0.06977242687551094,0
1596160274.6439564,46.7606350050114,0.06977242687551094,0
1596160274.6539564,48.559302912726245,0.06977242687551094,0
1596160274.6639564,50.36041699506267,0.06977242687551094,0
1596160274.6739564,52.160114871039234,0.06977242687551094,0
1596160274.6839564,53.96019898511394,0.06977242687551094,0
1596160274.6939564,55.76028309918865,0.06977242687551094,0
1596160274.7039564,57.561354266180835,0.06977242687551094,0
1596160274.7139564,59.36148129559978,0.06977242687551094,0
1596160274.719134,60.290984736456714,0.06977242687551094,0
1596160274.719134,360.0,1.7348225116729736,0
1596160274.719216,360,1.7348225116729736,1
1596160274.719216,0,0,0
1596160274.7254906,1.1294031143188477,0,0
1596160274.7254906,13.660480327702958,0.06961709562991172,0
1596160274.729216,14.333864994145829,0.06961709562991172,0
1596160274.739216,16.133004970647296,0.06961709562991172,0
1596160274.749216,17.93137247095247,0.06961709562991172,0
1596160274.759216,19.731756992436846,0.06961709562991172,0
1596160274.769216,21.533471889592608,0.06961709562991172,0
1596160274.779216,23.333126850224932,0.06961709562991172,0
1596160274.789216,25.131108112431964,0.06961709562991172,0
1596160274.799216,26.933123416997393,0.06961709562991172,0
1596160274.809216,28.732520885564288,0.06961709562991172,0
1596160274.819216,30.53324872980257,0.06961709562991172,0
1596160274.829216,32.333761997319655,0.06961709562991172,0
1596160274.839216,34.13384611139436,0.06961709562991172,0
1596160274.849216,35.931054897405104,0.06961709562991172,0
1596160274.859216,37.73242647180696,0.06961709562991172,0
1596160274.869216,39.531308956242995,0.06961709562991172,0
1596160274.879216,41.33246595392366,0.06961709562991172,0
1596160274.889216,43.13267881403108,0.06961709562991172,0
1596160274.899216,44.93130380640169,0.06961709562991172,0
1596160274.9068835,46.31120378503938,0.06961709562991172,0
1596160274.9068835,360.0,1.812332630157471,0
1596160274.906978,360,1.812332630157471,1
1596160274.906978,0,0,0
1596160274.9132423,1.1276006698608398,0,0
1596160274.9132423,13.640611664526023,0.06951672774813991,0
1596160274.916978,14.31459714578823,0.06951672774813991,0
1596160274.9269779,16.113994614355125,0.06951672774813991,0
1596160274.9369779,17.91562368082241,0.06951672774813991,0
1596160274.9469779,19.713948265783348,0.06951672774813991,0
1596160274.9569778,21.514590279333152,0.06951672774813991,0
1596160274.9669778,23.313043610326805,0.06951672774813991,0
1596160274.9769778,25.115960137121238,0.06951672774813991,0
1596160274.9869778,26.916258827917137,0.06951672774813991,0
1596160274.9969778,28.71415425943569,0.06951672774813991,0
1596160275.0069778,30.5142383735104,0.06951672774813991,0
1596160275.0158796,32.1153240363522,0.06951672774813991,0
1596160275.0158796,355.2237519678894,1.8645635495900135,0
1596160275.0169778,355.42446703289187,1.8645635495900135,0
1596160275.0210016,356.1457023081604,1.8645635495900135,0
1596160275.0210016,360.0,1.8859763145446777,0
1596160275.0210788,360,1.8859763145446777,1
1596160275.0210788,0,0,0
1596160275.0310788,1.8027877807617188,0,0
1596160275.0410788,3.6023569107055664,0,0
1596160275.0510788,5.400552749633789,0,0
1596160275.0610788,7.200422286987305,0,0
1596160275.0710788,9.001579284667969,0,0
1596160275.0810788,10.799989700317383,0,0
1596160275.0910788,12.602992057800293,0,0
1596160275.1010787,14.400930404663086,0,0
1596160275.1110787,16.20230197906494,0,0
1596160275.1210787,18.000497817993164,0,0
1596160275.1310787,19.80109691619873,0,0
1596160275.1410787,21.603026390075684,0,0
1596160275.1510787,23.4023380279541,0,0
1596160275.1610787,25.201563835144043,0,0
1596160275.1710787,27.00139045715332,0,0
1596160275.1810787,28.802332878112793,0,0
1596160275.1910787,30.6003999710083,0,0
1596160275.2010787,32.402286529541016,0,0
1596160275.2110786,34.20318603515625,0,0
1596160275.2210786,36.000308990478516,0,0
1596160275.2310786,37.803096771240234,0,0
1596160275.2410786,39.60094928741455,0,0
1596160275.2436163,40.056753158569336,0,0
1596160275.2436163,360.0,1.7774624824523926,0
1596160275.2436986,360,1.7774624824523926,1
1596160275.2436986,0,0,0
1596160275.2500048,1.135110855102539,0,0
1596160275.2500048,13.723397761096574,0.06993492725552242,0
1596160275.2536986,14.388542681445696,0.06993492725552242,0
1596160275.2636986,16.18995717119179,0.06993492725552242,0
1596160275.2736986,17.9894833857914,0.06993492725552242,0
1596160275.2836986,19.791155367602922,0.06993492725552242,0
1596160275.2936985,21.589394121875383,0.06993492725552242,0
1596160275.3036985,23.389091997851946,0.06993492725552242,0
1596160275.3136985,25.188618212451555,0.06993492725552242,0
1596160275.3236985,26.990848093738176,0.06993492725552242,0
1596160275.3336985,28.789129763354875,0.06993492725552242,0
1596160275.3436985,30.58972886156044,0.06993492725552242,0
1596160275.3536985,32.39075711320839,0.06993492725552242,0
1596160275.3636985,34.18938210557899,0.06993492725552242,0
1596160275.3736985,35.991611986865614,0.06993492725552242,0
1596160275.3836985,37.79139569353065,0.06993492725552242,0
1596160275.3936985,39.588861971606825,0.06993492725552242,0
1596160275.4036984,41.38851693223915,0.06993492725552242,0
1596160275.4136984,43.18975976060829,0.06993492725552242,0
1596160275.4236984,44.991388827075575,0.06993492725552242,0
1596160275.4336984,46.79074338029823,0.06993492725552242,0
1596160275.4436984,48.59082749437294,0.06993492725552242,0
1596160275.4536984,50.39009621690712,0.06993492725552242,0
1596160275.4636984,52.19099572252235,0.06993492725552242,0
1596160275.4736984,53.990178614368055,0.06993492725552242,0
1596160275.4836984,55.78876069139442,0.06993492725552242,0
1596160275.4851332,56.04651024888954,0.06993492725552242,0
1596160275.4851332,360.0,1.7585654258728027,0
1596160275.485249,360,1.7585654258728027,1
1596160275.485249,0,0,0
1596160275.4915204,1.12884521484375,0,0
1596160275.4915204,13.65433050338629,0.06958602938079189,0
1596160275.495249,14.328830968779357,0.06958602938079189,0
1596160275.505249,16.126383077544006,0.06958602938079189,0
1596160275.515249,17.927625905913146,0.06958602938079189,0
1596160275.525249,19.725864660185607,0.06958602938079189,0
1596160275.535249,21.527150403898986,0.06958602938079189,0
1596160275.545249,23.326891195219787,0.06958602938079189,0
1596160275.555249,25.128176938933166,0.06958602938079189,0
1596160275.565249,26.928733121794494,0.06958602938079189,0
1596160275.575249,28.72581316177252,0.06958602938079189,0
1596160275.585249,30.52757097427252,0.06958602938079189,0
1596160275.595249,32.32653928939703,0.06958602938079189,0
1596160275.605249,34.12636591140631,0.06958602938079189,0
1596160275.615249,35.92589212600592,0.06958602938079189,0
1596160275.625249,37.728036176604064,0.06958602938079189,0
1596160275.635249,39.52743364517096,0.06958602938079189,0
1596160275.645249,41.32747484390143,0.06958602938079189,0
1596160275.6552489,43.128803502959045,0.06958602938079189,0
1596160275.6652489,44.92596937362555,0.06958602938079189,0
1596160275.6716182,46.07193781082037,0.06958602938079189,0
1596160275.6716182,360.0,1.8136308193206787,0
1596160275.6717017,360,1.8136308193206787,1
1596160275.6717017,0,0,0
1596160275.6817017,1.8003416061401367,0,0
1596160275.6917017,3.6023998260498047,0,0
1596160275.7017016,5.403342247009277,0,0
1596160275.7117016,7.200937271118164,0,0
1596160275.7217016,9.003167152404785,0,0
1596160275.7317016,10.802779197692871,0,0
1596160275.7417016,12.60058879852295,0,0
1596160275.7517016,14.403162002563477,0,0
1596160275.7617016,16.20084285736084,0,0
1596160275.7717016,18.000926971435547,0,0
1596160275.7817016,19.80337142944336,0,0
1596160275.7917016,21.601438522338867,0,0
1596160275.8017015,23.40212345123291,0,0
1596160275.8117015,25.20092010498047,0,0
1596160275.8217015,27.000789642333984,0,0
1596160275.8317015,28.800230026245117,0,0
1596160275.8417015,30.601086616516113,0,0
1596160275.84173,30.60512065887451,0,0
1596160275.84173,338.5765137673124,1.7109521839357662,0
1596160275.849363,339.950448513101,1.7109521839357662,0
1596160275.849363,360.0,1.822338581085205,0
1596160275.8494408,360,1.822338581085205,1
1596160275.8494408,0,0,0
1596160275.8594408,1.8010282516479492,0,0
1596160275.8694408,3.601713180541992,0,0
1596160275.8794408,5.403127670288086,0,0
1596160275.8894408,7.201323509216309,0,0
1596160275.8994408,9.001493453979492,0,0
1596160275.9094408,10.800247192382812,0,0
1596160275.9194407,12.600846290588379,0,0
1596160275.9294407,14.402132034301758,0,0
1596160275.9394407,16.20333194732666,0,0
1596160275.9494407,18.003416061401367,0,0
1596160275.9594407,19.80088233947754,0,0
1596160275.9694407,21.60289764404297,0,0
1596160275.9794407,23.400321006774902,0,0
1596160275.9894407,25.201220512390137,0,0
1596160275.9932435,25.884475708007812,0,0
1596160275.9932435,286.54001184352353,1.4480863118639762,0
1596160275.9994407,287.6576990688653,1.4480863118639762,0
1596160275.9996102,287.6860231960626,1.4480863118639762,0
1596160275.9996102,360.0,1.8498306274414062,0
1596160275.999688,360,1.8498306274414062,1
1596160275.999688,0,0,0
1596160276.009688,1.8025732040405273,0,0
1596160276.019688,3.6017560958862305,0,0
1596160276.029688,5.403342247009277,0,0
1596160276.0396879,7.203426361083984,0,0
1596160276.0496879,9.000377655029297,0,0
1596160276.0596879,10.802736282348633,0,0
1596160276.0696878,12.603292465209961,0,0
1596160276.0796878,14.402647018432617,0,0
1596160276.0896878,16.201186180114746,0,0
1596160276.0996878,18.001742362976074,0,0
1596160276.1096878,19.80212688446045,0,0
1596160276.1196878,21.600794792175293,0,0
1596160276.1296878,23.401265144348145,0,0
1596160276.1396878,25.200748443603516,0,0
1596160276.1496878,27.00164794921875,0,0
1596160276.1509857,27.23360538482666,0,0
1596160276.1509857,301.41170623145536,1.5232116713701596,0
1596160276.1586204,302.7859413846536,1.5232116713701596,0
1596160276.1586204,360.0,1.8410675525665283,0
1596160276.1586986,360,1.8410675525665283,1
1596160276.1586986,0,0,0
1596160276.1686985,1.8005561828613281,0,0
1596160276.171246,2.2585487365722656,0,0
