Type = Mirollor Strogatz (-ish),Function = Mirollor Strogatz,Refract = 0,Epsilon = 0.3,B = 8,Start_phase = 2
Timestamp,Phase,Offset,Ping?
1596160287,2,0,0
1596160287.01,3.7963075637817387,0.011111111111111112,0
1596160287.02,5.596563339233398,0.011111111111111112,0
1596160287.03,7.399179458618164,0.011111111111111112,0
1596160287.04,9.198405265808105,0.011111111111111112,0
1596160287.05,10.998832702636719,0.011111111111111112,0
1596160287.06,12.797586441040039,0.011111111111111112,0
1596160287.07,14.595996856689453,0.011111111111111112,0
1596160287.08,16.397926330566406,0.011111111111111112,0
1596160287.09,18.198654174804688,0.011111111111111112,0
1596160287.1,19.997922897338867,0.011111111111111112,0
1596160287.11,21.79586124420166,0.011111111111111112,0
1596160287.12,23.597833633422848,0.011111111111111112,0
1596160287.1299999,25.39731693267822,0.011111111111111112,0
1596160287.1399999,27.197916030883786,0.011111111111111112,0
1596160287.1499999,28.996111869812008,0.011111111111111112,0
1596160287.1599998,30.797998428344723,0.011111111111111112,0
1596160287.1699998,32.59666633605957,0.011111111111111112,0
1596160287.1799998,34.39687919616699,0.011111111111111112,0
1596160287.1899998,36.198851585388184,0.011111111111111112,0
1596160287.1999998,37.9961462020874,0.011111111111111112,0
1596160287.2099998,39.79580116271973,0.011111111111111112,0
1596160287.2199998,41.59579944610596,0.011111111111111112,0
1596160287.2299998,43.397600173950195,0.011111111111111112,0
1596160287.2399998,45.19828510284424,0.011111111111111112,0
1596160287.2499998,46.9974250793457,0.011111111111111112,0
1596160287.2599998,48.79780960083008,0.011111111111111112,0
1596160287.2699997,50.5985803604126,0.011111111111111112,0
1596160287.2799997,52.397677421569824,0.011111111111111112,0
1596160287.2899997,54.1986198425293,0.011111111111111112,0
1596160287.2999997,55.99612903594971,0.011111111111111112,0
1596160287.3099997,57.79634189605713,0.011111111111111112,0
1596160287.3199997,59.59689807891846,0.011111111111111112,0
1596160287.3299997,61.39715385437012,0.011111111111111112,0
1596160287.3399997,63.196722984313965,0.011111111111111112,0
1596160287.3499997,64.99912452697754,0.011111111111111112,0
1596160287.3599997,66.79912281036377,0.011111111111111112,0
1596160287.3699996,68.5985631942749,0.011111111111111112,0
1596160287.3799996,70.39611530303955,0.011111111111111112,0
1596160287.3899996,72.19847393035889,0.011111111111111112,0
1596160287.3999996,73.99765682220459,0.011111111111111112,0
1596160287.4099996,75.79636764526367,0.011111111111111112,0
1596160287.4199996,77.59808254241943,0.011111111111111112,0
1596160287.4299996,79.3961067199707,0.011111111111111112,0
1596160287.4399996,81.19657707214355,0.011111111111111112,0
1596160287.4499996,82.99601745605469,0.011111111111111112,0
1596160287.4599996,84.7988052368164,0.011111111111111112,0
1596160287.4699996,86.59627151489258,0.011111111111111112,0
1596160287.4799995,88.39854431152344,0.011111111111111112,0
1596160287.4899995,90.19609642028809,0.011111111111111112,0
1596160287.4999995,91.99776840209961,0.011111111111111112,0
1596160287.5099995,93.79866790771484,0.011111111111111112,0
1596160287.5199995,95.59780788421631,0.011111111111111112,0
1596160287.5299995,97.39763450622559,0.011111111111111112,0
1596160287.5399995,99.1975040435791,0.011111111111111112,0
1596160287.5499995,100.99685859680176,0.011111111111111112,0
1596160287.5599995,102.79797267913818,0.011111111111111112,0
1596160287.5699995,104.5989580154419,0.011111111111111112,0
1596160287.5799994,106.39638137817383,0.011111111111111112,0
1596160287.5899994,108.19758129119873,0.011111111111111112,0
1596160287.5999994,109.99826622009277,0.011111111111111112,0
1596160287.6099994,111.79804992675781,0.011111111111111112,0
1596160287.6199994,113.59873485565186,0.011111111111111112,0
1596160287.6299994,115.39718818664551,0.011111111111111112,0
1596160287.6399994,117.19654273986816,0.011111111111111112,0
1596160287.6499994,118.99821472167969,0.011111111111111112,0
1596160287.6599994,120.79585266113281,0.011111111111111112,0
1596160287.6699994,122.59756755828857,0.011111111111111112,0
1596160287.6799994,124.39572048187256,0.011111111111111112,0
1596160287.6899993,126.19764995574951,0.011111111111111112,0
1596160287.6999993,127.99842071533203,0.011111111111111112,0
1596160287.7099993,129.79601573944092,0.011111111111111112,0
1596160287.7199993,131.59635734558105,0.011111111111111112,0
1596160287.7299993,133.39824390411377,0.011111111111111112,0
1596160287.7399993,135.19571018218994,0.011111111111111112,0
1596160287.7499993,136.99746799468994,0.011111111111111112,0
1596160287.7599993,138.79686546325684,0.011111111111111112,0
1596160287.7699993,140.59832286834717,0.011111111111111112,0
1596160287.7799993,142.39703369140625,0.011111111111111112,0
1596160287.7899992,144.19677448272705,0.011111111111111112,0
1596160287.7999992,145.99844646453857,0.011111111111111112,0
1596160287.8099992,147.79694271087646,0.011111111111111112,0
1596160287.8199992,149.5974988937378,0.011111111111111112,0
1596160287.8299992,151.3966817855835,0.011111111111111112,0
1596160287.8399992,153.19702339172363,0.011111111111111112,0
1596160287.8499992,154.99779415130615,0.011111111111111112,0
1596160287.8599992,156.79594707489014,0.011111111111111112,0
1596160287.8699992,158.59894943237305,0.011111111111111112,0
1596160287.8799992,160.3985185623169,0.011111111111111112,0
1596160287.8899992,162.19710063934326,0.011111111111111112,0
1596160287.8999991,163.99628353118896,0.011111111111111112,0
1596160287.9099991,165.79675388336182,0.011111111111111112,0
1596160287.9199991,167.59700965881348,0.011111111111111112,0
1596160287.929999,169.39730834960938,0.011111111111111112,0
1596160287.939999,171.19825077056885,0.011111111111111112,0
1596160287.949999,172.99859237670898,0.011111111111111112,0
1596160287.959999,174.79816150665283,0.011111111111111112,0
1596160287.969999,176.5984172821045,0.011111111111111112,0
1596160287.979999,178.39661312103271,0.011111111111111112,0
1596160287.989999,180.19695472717285,0.011111111111111112,0
1596160287.999999,181.99643802642822,0.011111111111111112,0
1596160288.009999,183.79587841033936,0.011111111111111112,0
1596160288.019999,185.5958766937256,0.011111111111111112,0
1596160288.029999,187.3977632522583,0.011111111111111112,0
1596160288.039999,189.19711780548096,0.011111111111111112,0
1596160288.049999,190.99617195129395,0.011111111111111112,0
1596160288.059999,192.79758644104004,0.011111111111111112,0
1596160288.069999,194.5970697402954,0.011111111111111112,0
1596160288.079999,196.39801216125488,0.011111111111111112,0
1596160288.089999,198.196551322937,0.011111111111111112,0
1596160288.099999,199.9978370666504,0.011111111111111112,0
1596160288.109999,201.79573249816895,0.011111111111111112,0
1596160288.119999,203.59804821014404,0.011111111111111112,0
1596160288.129999,205.3985185623169,0.011111111111111112,0
1596160288.139999,207.1986026763916,0.011111111111111112,0
1596160288.149999,208.99581146240234,0.011111111111111112,0
1596160288.159999,210.79653930664062,0.011111111111111112,0
1596160288.169999,212.59864044189453,0.011111111111111112,0
1596160288.1799989,214.3963212966919,0.011111111111111112,0
1596160288.1899989,216.1958475112915,0.011111111111111112,0
1596160288.1999989,217.99756240844727,0.011111111111111112,0
1596160288.2099988,219.79854774475098,0.011111111111111112,0
1596160288.2199988,221.59837436676025,0.011111111111111112,0
1596160288.2299988,223.39798641204834,0.011111111111111112,0
1596160288.2399988,225.19583892822266,0.011111111111111112,0
1596160288.2499988,226.9968671798706,0.011111111111111112,0
1596160288.2599988,228.79879665374756,0.011111111111111112,0
1596160288.2699988,230.5957908630371,0.011111111111111112,0
1596160288.2799988,232.3979778289795,0.011111111111111112,0
1596160288.2899988,234.19677448272705,0.011111111111111112,0
1596160288.2999988,235.99788856506348,0.011111111111111112,0
1596160288.3099988,237.7978868484497,0.011111111111111112,0
1596160288.3199987,239.59822845458984,0.011111111111111112,0
1596160288.3299987,241.39663887023926,0.011111111111111112,0
1596160288.3399987,243.19706630706787,0.011111111111111112,0
1596160288.3499987,244.99599170684814,0.011111111111111112,0
1596160288.3599987,246.79779243469238,0.011111111111111112,0
1596160288.3699987,248.5969753265381,0.011111111111111112,0
1596160288.3799987,250.39821815490723,0.011111111111111112,0
1596160288.3899987,252.1969289779663,0.011111111111111112,0
1596160288.3999987,253.99684143066406,0.011111111111111112,0
1596160288.4099987,255.7988567352295,0.011111111111111112,0
1596160288.4199986,257.5964946746826,0.011111111111111112,0
1596160288.4299986,259.3961067199707,0.011111111111111112,0
1596160288.4399986,261.19769287109375,0.011111111111111112,0
1596160288.4499986,262.99666118621826,0.011111111111111112,0
1596160288.4599986,264.7970886230469,0.011111111111111112,0
1596160288.4699986,266.59614276885986,0.011111111111111112,0
1596160288.4799986,268.3962697982788,0.011111111111111112,0
1596160288.4899986,270.1978988647461,0.011111111111111112,0
1596160288.4999986,271.9986696243286,0.011111111111111112,0
1596160288.5099986,273.7977237701416,0.011111111111111112,0
1596160288.5199986,275.5956621170044,0.011111111111111112,0
1596160288.5299985,277.39870738983154,0.011111111111111112,0
1596160288.5399985,279.19767570495605,0.011111111111111112,0
1596160288.5499985,280.9986181259155,0.011111111111111112,0
1596160288.5599985,282.79591274261475,0.011111111111111112,0
1596160288.5699985,284.59586811065674,0.011111111111111112,0
1596160288.5799985,286.39732551574707,0.011111111111111112,0
1596160288.5899985,288.1968517303467,0.011111111111111112,0
1596160288.5999985,289.9960775375366,0.011111111111111112,0
1596160288.6099985,291.7978353500366,0.011111111111111112,0
1596160288.6199985,293.5974473953247,0.011111111111111112,0
1596160288.6299984,295.3986473083496,0.011111111111111112,0
1596160288.6399984,297.19662857055664,0.011111111111111112,0
1596160288.6499984,298.99718475341797,0.011111111111111112,0
1596160288.6599984,300.796067237854,0.011111111111111112,0
1596160288.6699984,302.59799671173096,0.011111111111111112,0
1596160288.6799984,304.3957633972168,0.011111111111111112,0
1596160288.6899984,306.19666290283203,0.011111111111111112,0
1596160288.6999984,307.9964895248413,0.011111111111111112,0
1596160288.7059085,309.0593309402466,0.011111111111111112,0
1596160288.7059085,360.0,0.29411482810974127,0
1596160288.7060704,360,0.29411482810974127,1
1596160288.7060704,0,0,0
1596160288.7147555,1.5633201599121094,0,0
1596160288.7147555,18.443624455844382,0.09377946831073486,0
1596160288.7160704,18.68360706082485,0.09377946831073486,0
1596160288.7260704,20.48360534421108,0.09377946831073486,0
1596160288.7360704,22.28338905087612,0.09377946831073486,0
1596160288.7460704,24.08291526547573,0.09377946831073486,0
1596160288.7560704,25.882827718173484,0.09377946831073486,0
1596160288.7660704,27.68368430844448,0.09377946831073486,0
1596160288.7760704,29.481021840487937,0.09377946831073486,0
1596160288.7860703,31.28325172177456,0.09377946831073486,0
1596160288.7960703,33.083464581881984,0.09377946831073486,0
1596160288.8060703,34.88208957425259,0.09377946831073486,0
1596160288.8160703,36.680972058688624,0.09377946831073486,0
1596160288.8260703,38.481227834140284,0.09377946831073486,0
1596160288.8360703,40.28032489529751,0.09377946831073486,0
1596160288.8460703,42.080966908847316,0.09377946831073486,0
1596160288.8560703,43.88109393826626,0.09377946831073486,0
1596160288.8660703,45.682250935946925,0.09377946831073486,0
1596160288.8760703,47.480489690219386,0.09377946831073486,0
1596160288.8860703,49.281818349277,0.09377946831073486,0
1596160288.8960702,51.08112998715542,0.09377946831073486,0
1596160288.9060702,52.881042439853175,0.09377946831073486,0
1596160288.9160702,54.681813199435695,0.09377946831073486,0
1596160288.9260702,56.480781514560206,0.09377946831073486,0
1596160288.9286358,56.94207854977749,0.09377946831073486,0
1596160288.9286358,360.0,1.7774345874786377,0
1596160288.9287174,360,1.7774345874786377,1
1596160288.9287174,0,0,0
1596160288.936264,1.3583993911743164,0,0
1596160288.936264,16.184746677991033,0.08236859603787064,0
1596160288.9387174,16.627590115185857,0.08236859603787064,0
1596160288.9487174,18.429476673718572,0.08236859603787064,0
1596160288.9587173,20.227844174023748,0.08236859603787064,0
1596160288.9687173,22.02681248914826,0.08236859603787064,0
1596160288.9787173,23.82934277784455,0.08236859603787064,0
1596160288.9887173,25.6263369871341,0.08236859603787064,0
1596160288.9987173,27.42779439222443,0.08236859603787064,0
1596160289.0087173,29.226934368725896,0.08236859603787064,0
1596160289.0187173,31.02787678968537,0.08236859603787064,0
1596160289.0287173,32.82633012067902,0.08236859603787064,0
1596160289.0387173,34.6285170866214,0.08236859603787064,0
1596160289.0438814,35.55587476026642,0.08236859603787064,0
1596160289.0438814,360.0,1.884835958480835,0
1596160289.0439613,360,1.884835958480835,1
1596160289.0439613,0,0,0
1596160289.0539613,1.8026161193847656,0,0
1596160289.0627592,3.383617401123047,0,0
1596160289.0627592,38.509082010907875,0.19514147005436017,0
1596160289.0639613,38.725804499311195,0.19514147005436017,0
1596160289.0739613,40.52824895731901,0.19514147005436017,0
1596160289.0839612,42.32811849467252,0.19514147005436017,0
1596160289.0939612,44.126571825666176,0.19514147005436017,0
1596160289.1039612,45.92742841593717,0.19514147005436017,0
1596160289.1139612,47.72626798502897,0.19514147005436017,0
1596160289.1239612,49.52566545359586,0.19514147005436017,0
1596160289.1339612,51.32583539835905,0.19514147005436017,0
1596160289.1439612,53.128408602399574,0.19514147005436017,0
1596160289.1539612,54.92699067942594,0.19514147005436017,0
1596160289.1639612,56.72771852366422,0.19514147005436017,0
1596160289.1739612,58.527630976361976,0.19514147005436017,0
1596160289.1839612,60.325698069257484,0.19514147005436017,0
1596160289.1939611,62.128185442609535,0.19514147005436017,0
1596160289.2039611,63.926939181012855,0.19514147005436017,0
1596160289.2139611,65.72728078715299,0.19514147005436017,0
1596160289.223961,67.52702157847379,0.19514147005436017,0
1596160289.233961,69.32757776133512,0.19514147005436017,0
1596160289.243961,71.12585943095182,0.19514147005436017,0
1596160289.253961,72.92757432810758,0.19514147005436017,0
1596160289.263961,74.72710054270719,0.19514147005436017,0
1596160289.273961,76.52804296366666,0.19514147005436017,0
1596160289.283961,78.32756917826627,0.19514147005436017,0
1596160289.293961,80.12542169444059,0.19514147005436017,0
1596160289.303961,81.9258491312692,0.19514147005436017,0
1596160289.313961,83.72846525065397,0.19514147005436017,0
1596160289.323961,85.52575986735319,0.19514147005436017,0
1596160289.333961,87.32554357401823,0.19514147005436017,0
1596160289.343961,89.12751596323942,0.19514147005436017,0
1596160289.353961,90.92622678629849,0.19514147005436017,0
1596160289.363961,92.72837083689663,0.19514147005436017,0
1596160289.373961,94.5275108133981,0.19514147005436017,0
1596160289.383961,96.32583539835903,0.19514147005436017,0
1596160289.393961,98.12574785105679,0.19514147005436017,0
1596160289.403961,99.92703359477017,0.19514147005436017,0
1596160289.413961,101.72587316386196,0.19514147005436017,0
1596160289.423961,103.52638643137905,0.19514147005436017,0
1596160289.433961,105.32870214335415,0.19514147005436017,0
1596160289.443961,107.12556760661099,0.19514147005436017,0
1596160289.453961,108.92719667307827,0.19514147005436017,0
1596160289.463961,110.72723787180874,0.19514147005436017,0
1596160289.4739609,112.52616327158901,0.19514147005436017,0
1596160289.4839609,114.32684820048306,0.19514147005436017,0
1596160289.4939609,116.12538736216518,0.19514147005436017,0
1596160289.5039608,117.92568605296108,0.19514147005436017,0
1596160289.5139608,119.72624223582241,0.19514147005436017,0
1596160289.5239608,121.52735631815884,0.19514147005436017,0
1596160289.5339608,123.32611005656216,0.19514147005436017,0
1596160289.5439608,125.125679186506,0.19514147005436017,0
1596160289.5539608,126.92554872385952,0.19514147005436017,0
1596160289.5639608,128.72666280619595,0.19514147005436017,0
1596160289.5739608,130.52816312663052,0.19514147005436017,0
1596160289.5839608,132.32567232005093,0.19514147005436017,0
1596160289.5939608,134.12622850291226,0.19514147005436017,0
1596160289.6039608,135.92772882334683,0.19514147005436017,0
1596160289.6139607,137.7286712443063,0.19514147005436017,0
1596160289.6239607,139.52866952769253,0.19514147005436017,0
1596160289.6339607,141.327809504194,0.19514147005436017,0
1596160289.6439607,143.1272069727609,0.19514147005436017,0
1596160289.6539607,144.92814939372036,0.19514147005436017,0
1596160289.6639607,146.72819059245083,0.19514147005436017,0
1596160289.6739607,148.52848928324673,0.19514147005436017,0
1596160289.6828978,150.1340381418893,0.19514147005436017,0
1596160289.6828978,360.0,1.3610634803771973,0
1596160289.6830237,360,1.3610634803771973,1
1596160289.6830237,0,0,0
1596160289.690509,1.3473701477050781,0,0
1596160289.690509,16.063169381884567,0.08175444018988605,0
1596160289.6930237,16.517342469958297,0.08175444018988605,0
1596160289.7030237,18.317083261279098,0.08175444018988605,0
1596160289.7130237,20.118197343615524,0.08175444018988605,0
1596160289.7230237,21.91905393388652,0.08175444018988605,0
1596160289.7256343,22.38571538713359,0.08175444018988605,0
1596160289.7256343,247.97255971293654,1.3350146864443468,0
1596160289.7330236,249.30392243724074,1.3350146864443468,0
1596160289.7332447,249.34241750102248,1.3350146864443468,0
1596160289.7332447,360.0,1.9497790336608887,0
1596160289.733322,360,1.9497790336608887,1
1596160289.733322,0,0,0
1596160289.743322,1.8002128601074219,0,0
1596160289.753322,3.602914810180664,0,0
1596160289.7633219,5.40226936340332,0,0
1596160289.7658834,5.861077308654785,0,0
1596160289.7658834,65.81855954759823,0.3330971235496858,0
1596160289.7733219,67.15970697038875,0.3330971235496858,0
1596160289.773509,67.19116391771541,0.3330971235496858,0
1596160289.773509,360.0,1.959812879562378,0
1596160289.7735891,360,1.959812879562378,1
1596160289.7735891,0,0,0
1596160289.7835891,1.8018436431884766,0,0
1596160289.7873836,2.4829959869384766,0,0
1596160289.7873836,28.581373310168466,0.1449909851290555,0
1596160289.793589,29.6996613503296,0.1449909851290555,0
1596160289.803589,31.49935922630616,0.1449909851290555,0
1596160289.813589,33.3011599541504,0.1449909851290555,0
1596160289.823589,35.09918413170167,0.1449909851290555,0
1596160289.8262517,35.57764730461427,0.1449909851290555,0
1596160289.8262517,360.0,1.9473373889923096,0
1596160289.8263304,360,1.9473373889923096,1
1596160289.8263304,0,0,0
1596160289.8363304,1.8002557754516602,0,0
1596160289.8401306,2.4840259552001953,0,0
1596160289.8401306,28.592726831983857,0.14504833820435367,0
1596160289.8463304,29.70929825837546,0.14504833820435367,0
1596160289.8563304,31.50899613435202,0.14504833820435367,0
1596160289.8663304,33.31071103150778,0.14504833820435367,0
1596160289.8763304,35.110537653517056,0.14504833820435367,0
1596160289.8863304,36.91199505860739,0.14504833820435367,0
1596160289.8963304,38.71044838960104,0.14504833820435367,0
1596160289.9063303,40.50877297456198,0.14504833820435367,0
1596160289.9163303,42.31194699342184,0.14504833820435367,0
1596160289.9263303,44.10945618684225,0.14504833820435367,0
1596160289.9363303,45.9086819940322,0.14504833820435367,0
1596160289.9463303,47.71168435151511,0.14504833820435367,0
1596160289.9563303,49.510094767164524,0.14504833820435367,0
1596160289.9663303,51.309320574354466,0.14504833820435367,0
1596160289.9763303,53.10979092652732,0.14504833820435367,0
1596160289.9863303,54.911334162306126,0.14504833820435367,0
1596160289.9963303,56.710130816053685,0.14504833820435367,0
1596160290.0063303,58.51154530579978,0.14504833820435367,0
1596160290.0163302,60.30995572144919,0.14504833820435367,0
1596160290.0263302,62.1100398355239,0.14504833820435367,0
1596160290.0363302,63.91003811891013,0.14504833820435367,0
1596160290.0463302,65.70934975678855,0.14504833820435367,0
1596160290.0563302,67.51016343171531,0.14504833820435367,0
1596160290.0663302,69.31119168336326,0.14504833820435367,0
1596160290.0763302,71.11084664399559,0.14504833820435367,0
1596160290.0863302,72.9118319802993,0.14504833820435367,0
1596160290.0963302,74.71131527955467,0.14504833820435367,0
1596160290.1063302,76.50865281159813,0.14504833820435367,0
1596160290.1163301,78.31165516908104,0.14504833820435367,0
1596160290.1263301,80.11148179109031,0.14504833820435367,0
1596160290.1363301,81.91113675172264,0.14504833820435367,0
1596160290.1390028,82.38972867066795,0.14504833820435367,0
1596160290.1390028,360.0,1.6873276233673096,0
1596160290.139085,360,1.6873276233673096,1
1596160290.139085,0,0,0
1596160290.149085,1.8033027648925781,0,0
1596160290.1491253,1.8072509765625,0,0
1596160290.1491253,21.13251687245558,0.1073625883105171,0
1596160290.159085,22.925734531452157,0.1073625883105171,0
1596160290.169085,24.72646237569044,0.1073625883105171,0
1596160290.179085,26.52641774373243,0.1073625883105171,0
1596160290.1879895,28.128061306049325,0.1073625883105171,0
1596160290.1879895,311.27145161580233,1.6803814233647003,0
1596160290.189085,311.4718662733951,1.6803814233647003,0
1596160290.199085,313.27177872609286,1.6803814233647003,0
1596160290.209085,315.0696312422672,1.6803814233647003,0
1596160290.219085,316.8692862028995,1.6803814233647003,0
1596160290.229085,318.6712585921207,1.6803814233647003,0
1596160290.239085,320.47018399190097,1.6803814233647003,0
1596160290.249085,322.27134098958163,1.6803814233647003,0
1596160290.259085,324.07198300313144,1.6803814233647003,0
1596160290.269085,325.87138047169833,1.6803814233647003,0
1596160290.279085,327.6719795699039,1.6803814233647003,0
1596160290.289085,329.4719778532901,1.6803814233647003,0
1596160290.299085,331.27184739064364,1.6803814233647003,0
1596160290.309085,333.0714165205875,1.6803814233647003,0
1596160290.319085,334.8705135817447,1.6803814233647003,0
1596160290.3290849,336.67141308735995,1.6803814233647003,0
1596160290.3390849,338.46913685750155,1.6803814233647003,0
1596160290.3490849,340.27046551655917,1.6803814233647003,0
1596160290.3590848,342.0699059004703,1.6803814233647003,0
1596160290.3690848,343.8694321150699,1.6803814233647003,0
1596160290.3790848,345.6702887053409,1.6803814233647003,0
1596160290.3890848,347.4714457030216,1.6803814233647003,0
1596160290.3990848,349.26878323506503,1.6803814233647003,0
1596160290.4090848,351.0689531798282,1.6803814233647003,0
1596160290.4190848,352.8711401457706,1.6803814233647003,0
1596160290.4290848,354.67126717518954,1.6803814233647003,0
1596160290.4390848,356.4691626067081,1.6803814233647003,0
1596160290.4490848,358.2707916731754,1.6803814233647003,0
1596160290.4587076,360,1.6803814233647003,1
1596160290.4587076,0,0,0
1596160290.4687076,1.800084114074707,0,0
1596160290.4731176,2.5938034057617188,0,0
1596160290.4731176,29.802823032140694,0.15116122014654987,0
1596160290.4744895,30.049757922887764,0.15116122014654987,0
1596160290.4744895,332.4546523732945,1.8311884115376986,0
1596160290.4787076,333.21708637903185,1.8311884115376986,0
1596160290.4887075,335.0139518422887,1.8311884115376986,0
1596160290.4987075,336.8142505330846,1.8311884115376986,0
1596160290.5087075,338.6171241445348,1.8311884115376986,0
1596160290.5187075,340.4169078511998,1.8311884115376986,0
1596160290.5287075,342.21656281183215,1.8311884115376986,0
1596160290.5387075,344.0151448888585,1.8311884115376986,0
1596160290.5487075,345.81445652673693,1.8311884115376986,0
1596160290.5587075,347.6149268789098,1.8311884115376986,0
1596160290.5687075,349.4154401464269,1.8311884115376986,0
1596160290.5787075,351.2150092763707,1.8311884115376986,0
1596160290.5887074,353.0158658666417,1.8311884115376986,0
1596160290.5987074,354.8158212346837,1.8311884115376986,0
1596160290.6087074,356.61461788843127,1.8311884115376986,0
1596160290.6187074,358.4144015950963,1.8311884115376986,0
1596160290.6275215,360,1.8311884115376986,1
1596160290.6275215,0,0,0
1596160290.6375215,1.8032598495483398,0,0
1596160290.6421258,2.628779411315918,0,0
1596160290.6421258,30.188369710454936,0.15310883499521677,0
1596160290.6422515,30.21098609686851,0.15310883499521677,0
1596160290.6422515,334.2318989726129,1.8421139065271301,0
1596160290.6475215,335.18127221785215,1.8421139065271301,0
1596160290.6575215,336.9833304377618,1.8421139065271301,0
1596160290.6675215,338.7829424830499,1.8421139065271301,0
1596160290.6775215,340.58062333784727,1.8421139065271301,0
1596160290.6875215,342.38392610273985,1.8421139065271301,0
1596160290.6975214,344.18186444960264,1.8421139065271301,0
1596160290.7075214,345.9838797541681,1.8421139065271301,0
1596160290.7175214,347.7828480692926,1.8421139065271301,0
1596160290.7275214,349.58241719923643,1.8421139065271301,0
1596160290.7375214,351.38318795881895,1.8421139065271301,0
1596160290.7475214,353.1828858347955,1.8421139065271301,0
1596160290.7575214,354.98052377424864,1.8421139065271301,0
1596160290.7675214,356.7832686396661,1.8421139065271301,0
1596160290.7775214,358.5820652934137,1.8421139065271301,0
1596160290.7854233,360,1.8421139065271301,1
1596160290.7854233,0,0,0
1596160290.7954233,1.8033456802368164,0,0
1596160290.7998629,2.5991249084472656,0,0
1596160290.7998629,29.861482894853538,0.15145754436892372,0
1596160290.802493,30.334924972490256,0.15145754436892372,0
1596160290.802493,335.5980990590102,1.8473640670718126,0
1596160290.8054233,336.1258719624526,1.8473640670718126,0
1596160290.8154233,337.9268572987563,1.8473640670718126,0
1596160290.8254232,339.7275851429946,1.8473640670718126,0
1596160290.8354232,341.5265534581191,1.8473640670718126,0
1596160290.8454232,343.3284400166518,1.8473640670718126,0
1596160290.8554232,345.12663585558005,1.8473640670718126,0
1596160290.8654232,346.9275353611953,1.8473640670718126,0
1596160290.8754232,348.7261603535659,1.8473640670718126,0
1596160290.8854232,350.5279610814101,1.8473640670718126,0
1596160290.8954232,352.3286889256484,1.8473640670718126,0
1596160290.9054232,354.128215140248,1.8473640670718126,0
1596160290.9154232,355.9274838627822,1.8473640670718126,0
1596160290.9254231,357.7264521779067,1.8473640670718126,0
1596160290.9354231,359.52623588457175,1.8473640670718126,0
1596160290.938064,360,1.8473640670718126,1
1596160290.938064,0,0,0
1596160290.948064,1.8018865585327148,0,0
1596160290.9526083,2.617964744567871,0,0
1596160290.9526083,30.069157731393354,0.152506627704586,0
1596160290.9539917,30.31815255866386,0.152506627704586,0
1596160290.9539917,335.4132137830728,1.8474791900624137,0
1596160290.958064,336.14796739177643,1.8474791900624137,0
1596160290.968064,337.9477940137857,1.8474791900624137,0
1596160290.978064,339.7486506040567,1.8474791900624137,0
1596160290.988064,341.54933553295075,1.8474791900624137,0
1596160290.998064,343.348260932731,1.8474791900624137,0
1596160291.008064,345.14632802562653,1.8474791900624137,0
1596160291.018064,346.94800000743805,1.8474791900624137,0
1596160291.028064,348.74774079875885,1.8474791900624137,0
1596160291.038064,350.5479965742105,1.8474791900624137,0
1596160291.048064,352.346235328483,1.8474791900624137,0
1596160291.058064,354.14885144786774,1.8474791900624137,0
1596160291.068064,355.9496651227945,1.8474791900624137,0
1596160291.078064,357.74833303050934,1.8474791900624137,0
1596160291.088064,359.5491467054361,1.8474791900624137,0
1596160291.0905983,360,1.8474791900624137,1
1596160291.0905983,0,0,0
1596160291.1005983,1.8016290664672852,0,0
1596160291.1041112,2.4323129653930664,0,0
1596160291.1041112,28.022685424169563,0.14216873588209164,0
1596160291.1104887,29.170627967199348,0.14216873588209164,0
1596160291.1104887,322.7638478102357,1.7732421794545157,0
1596160291.1105983,322.78556297442026,1.7732421794545157,0
1596160291.1205983,324.5865912260682,1.7732421794545157,0
1596160291.1305983,326.3855166258485,1.7732421794545157,0
1596160291.1405983,328.1847424330384,1.7732421794545157,0
1596160291.1505983,329.9850411238343,1.7732421794545157,0
1596160291.1605983,331.78662727495737,1.7732421794545157,0
1596160291.1705983,333.58375023027963,1.7732421794545157,0
1596160291.1805983,335.38585136553354,1.7732421794545157,0
1596160291.1905982,337.1869225325257,1.7732421794545157,0
1596160291.2005982,338.98580501696176,1.7732421794545157,0
1596160291.2105982,340.78541706224985,1.7732421794545157,0
1596160291.2205982,342.58369873186655,1.7732421794545157,0
1596160291.2305982,344.38442657610483,1.7732421794545157,0
1596160291.2405982,346.18463943621225,1.7732421794545157,0
1596160291.2505982,347.9857535185487,1.7732421794545157,0
1596160291.2605982,349.78515098711557,1.7732421794545157,0
1596160291.2705982,351.58575008532114,1.7732421794545157,0
1596160291.2805982,353.38514755388803,1.7732421794545157,0
1596160291.2905982,355.1868624510438,1.7732421794545157,0
1596160291.3005981,356.98574493547983,1.7732421794545157,0
1596160291.3105981,358.78685901781625,1.7732421794545157,0
1596160291.3173563,360,1.7732421794545157,1
1596160291.3173563,0,0,0
1596160291.3273563,1.802659034729004,0,0
1596160291.3318672,2.6119565963745117,0,0
1596160291.3318672,30.002928854136908,0.15217206809867997,0
1596160291.3332336,30.248876691966498,0.15217206809867997,0
1596160291.3332336,334.64957368554576,1.8432870513963424,0
1596160291.3373563,335.3918803948353,1.8432870513963424,0
1596160291.3473563,337.1946252602528,1.8432870513963424,0
1596160291.3573563,338.99239194573863,1.8432870513963424,0
1596160291.3673563,340.79269063653453,1.8432870513963424,0
1596160291.3773563,342.5941051262806,1.8432870513963424,0
1596160291.3873563,344.3942750710438,1.8432870513963424,0
1596160291.3973563,346.1933292168568,1.8432870513963424,0
1596160291.4073563,347.9938853997181,1.8432870513963424,0
1596160291.4173563,349.7935832756947,1.8432870513963424,0
1596160291.4273562,351.5947831887196,1.8432870513963424,0
1596160291.4373562,353.3929790276478,1.8432870513963424,0
1596160291.4473562,355.19319188775523,1.8432870513963424,0
1596160291.4573562,356.99349057855113,1.8432870513963424,0
1596160291.4673562,358.7922872322987,1.8432870513963424,0
1596160291.4740722,360,1.8432870513963424,1
1596160291.4740722,0,0,0
1596160291.4840722,1.8021869659423828,0,0
1596160291.4883559,2.5710582733154297,0,0
1596160291.4883559,29.552099425384206,0.14989467306704876,0
1596160291.4940722,30.58146687228362,0.14989467306704876,0
1596160291.4959862,30.92556210238616,0.14989467306704876,0
1596160291.4959862,342.10879631880846,1.8786904187138393,0
1596160291.5040722,343.56671639327135,1.8786904187138393,0
1596160291.5140722,345.36744423750963,1.8786904187138393,0
1596160291.5240722,347.16731377486315,1.8786904187138393,0
1596160291.5340722,348.9645654762181,1.8786904187138393,0
1596160291.5440722,350.76443501357164,1.8786904187138393,0
1596160291.5540721,352.5654632652196,1.8786904187138393,0
1596160291.5640721,354.3658907020482,1.8786904187138393,0
1596160291.5740721,356.1642582023534,1.8786904187138393,0
1596160291.584072,357.9658443534764,1.8786904187138393,0
1596160291.594072,359.76751633528795,1.8786904187138393,0
1596160291.5953863,360,1.8786904187138393,1
1596160291.5953863,0,0,0
1596160291.6053863,1.8005561828613281,0,0
1596160291.6086214,2.3823165893554688,0,0
1596160291.6086214,27.471566552714215,0.1393847220186597,0
1596160291.6153862,28.689504022196637,0.1393847220186597,0
1596160291.617487,29.067373628214703,0.1393847220186597,0
1596160291.617487,321.62565701954105,1.7647085186371394,0
1596160291.6253862,323.0503606175635,1.7647085186371394,0
1596160291.6353862,324.84752648823,1.7647085186371394,0
1596160291.6453862,326.65044301502445,1.7647085186371394,0
1596160291.6553862,328.4499263142798,1.7647085186371394,0
1596160291.6653862,330.25095456592777,1.7647085186371394,0
1596160291.6753862,332.05069535724857,1.7647085186371394,0
1596160291.6853862,333.8493203496192,1.7647085186371394,0
1596160291.6953862,335.65073483936527,1.7647085186371394,0
1596160291.7053862,337.44832986347416,1.7647085186371394,0
1596160291.7153862,339.2478131627295,1.7647085186371394,0
1596160291.7253861,341.04901307575443,1.7647085186371394,0
1596160291.7353861,342.8483676289771,1.7647085186371394,0
1596160291.7453861,344.6491383885596,1.7647085186371394,0
1596160291.755386,346.4479779576514,1.7647085186371394,0
1596160291.765386,348.24844830982425,1.7647085186371394,0
1596160291.775386,350.04818910114506,1.7647085186371394,0
1596160291.785386,351.8495606755469,1.7647085186371394,0
1596160291.795386,353.6487006520484,1.7647085186371394,0
1596160291.805386,355.4493855809424,1.7647085186371394,0
1596160291.815386,357.2478818272803,1.7647085186371394,0
1596160291.825386,359.05002587787845,1.7647085186371394,0
1596160291.8306837,360,1.7647085186371394,1
1596160291.8306837,0,0,0
1596160291.8406837,1.8029594421386719,0,0
1596160291.8451014,2.5951766967773438,0,0
1596160291.8451014,29.817961061227862,0.151237690913614,0
1596160291.8464863,30.067256295908038,0.151237690913614,0
1596160291.8464863,332.6475400254716,1.832239267188967,0
1596160291.8506837,333.40478127455606,1.832239267188967,0
1596160291.8606837,335.2037925050248,1.832239267188967,0
1596160291.8706837,337.0053357408036,1.832239267188967,0
1596160291.8806837,338.80421822523965,1.832239267188967,0
1596160291.8906837,340.60438817000284,1.832239267188967,0
1596160291.9006836,342.40627472853555,1.832239267188967,0
1596160291.9106836,344.204513482808,1.832239267188967,0
1596160291.9206836,346.00597088789834,1.832239267188967,0
1596160291.9306836,347.8059691712846,1.832239267188967,0
1596160291.9406836,349.60622494673623,1.832239267188967,0
1596160291.9506836,351.4037770555009,1.832239267188967,0
1596160291.9606836,353.20583527541055,1.832239267188967,0
1596160291.9706836,355.0040311143388,1.832239267188967,0
1596160291.9806836,356.80338566756143,1.832239267188967,0
1596160291.9906836,358.60372727370157,1.832239267188967,0
1596160291.9984546,360,1.832239267188967,1
1596160291.9984546,0,0,0
1596160292.0084546,1.8005990982055664,0,0
1596160292.0116112,2.368197441101074,0,0
1596160292.0116112,27.315928691161613,0.13859850694478076,0
1596160292.0184546,28.547770732177238,0.13859850694478076,0
1596160292.0284545,30.347811930907707,0.13859850694478076,0
1596160292.0384545,32.14961265875194,0.13859850694478076,0
1596160292.0484545,33.94948219610546,0.13859850694478076,0
1596160292.0584545,35.75033878637645,0.13859850694478076,0
1596160292.0629737,36.56118130041454,0.13859850694478076,0
1596160292.0629737,360.0,1.9354808330535889,0
1596160292.0630558,360,1.9354808330535889,1
1596160292.0630558,0,0,0
1596160292.0730557,1.8029165267944336,0,0
1596160292.0781038,2.7086448669433594,0,0
1596160292.0781038,31.068740714556515,0.15755608804229532,0
1596160292.0830557,31.96279608107263,0.15755608804229532,0
1596160292.0869765,32.665835250384156,0.15755608804229532,0
1596160292.0869765,360.0,1.9760792255401611,0
1596160292.0870543,360,1.9760792255401611,1
1596160292.0870543,0,0,0
1596160292.0970542,1.802830696105957,0,0
1596160292.10085,2.4832534790039062,0,0
1596160292.10085,28.58421169062231,0.14500532339788003,0
1596160292.1070542,29.70237098475073,0.14500532339788003,0
1596160292.1084905,29.959476812082272,0.14500532339788003,0
1596160292.1084905,331.4594677650452,1.820005273136563,0
1596160292.1170542,333.0032614433289,1.820005273136563,0
1596160292.1270542,334.8029164039612,1.820005273136563,0
1596160292.1370542,336.6012839042664,1.820005273136563,0
1596160292.1470542,338.40098178024294,1.820005273136563,0
1596160292.1570542,340.2032545768738,1.820005273136563,0
1596160292.1670542,342.0042399131775,1.820005273136563,0
1596160292.1770542,343.8022640907288,1.820005273136563,0
1596160292.1870542,345.60397898788455,1.820005273136563,0
1596160292.1970541,347.4025610649109,1.820005273136563,0
1596160292.2070541,349.2011860572815,1.820005273136563,0
1596160292.2170541,351.002128478241,1.820005273136563,0
1596160292.227054,352.8010967933655,1.820005273136563,0
1596160292.237054,354.6026400291443,1.820005273136563,0
1596160292.247054,356.40263831253054,1.820005273136563,0
1596160292.257054,358.20306574935915,1.820005273136563,0
1596160292.2670553,360,1.820005273136563,1
1596160292.2670553,0,0,0
1596160292.2770553,1.8024873733520508,0,0
1596160292.2811046,2.528872489929199,0,0
1596160292.2811046,29.087078094362234,0.14754558669129464,0
1596160292.2870553,30.16133499133489,0.14754558669129464,0
1596160292.287477,30.234119415163015,0.14754558669129464,0
1596160292.287477,334.48690162044284,1.8378388211650714,0
1596160292.2970552,336.21154055934664,1.8378388211650714,0
1596160292.3070552,338.01175341945407,1.8378388211650714,0
1596160292.3170552,339.81170878749606,1.8378388211650714,0
1596160292.3270552,341.6126082931113,1.8378388211650714,0
1596160292.3370552,343.41097579341647,1.8378388211650714,0
1596160292.3470552,345.21269069057223,1.8378388211650714,0
1596160292.3570552,347.01221690517184,1.8378388211650714,0
1596160292.3670552,348.8117860351157,1.8378388211650714,0
1596160292.3770552,350.6122993026328,1.8378388211650714,0
1596160292.3870552,352.4138425384116,1.8378388211650714,0
1596160292.3970551,354.21396956783053,1.8378388211650714,0
1596160292.4070551,356.01405368190524,1.8378388211650714,0
1596160292.4170551,357.813064912374,1.8378388211650714,0
1596160292.4270551,359.61430774074313,1.8378388211650714,0
1596160292.4292245,360,1.8378388211650714,1
1596160292.4292245,0,0,0
1596160292.4392245,1.8019294738769531,0,0
1596160292.4425979,2.407207489013672,0,0
1596160292.4425979,27.74594332991945,0.14077075467169875,0
1596160292.4492245,28.9401486140381,0.14077075467169875,0
1596160292.4502227,29.11841895400392,0.14077075467169875,0
1596160292.4502227,322.1883386491233,1.7689369752001398,0
1596160292.4592245,323.81178320631324,1.7689369752001398,0
1596160292.4692245,325.61178148969947,1.7689369752001398,0
1596160292.4792244,327.4094194291526,1.7689369752001398,0
1596160292.4892244,329.210533511489,1.7689369752001398,0
1596160292.4992244,331.00864351972876,1.7689369752001398,0
1596160292.5092244,332.8099721787864,1.7689369752001398,0
1596160292.5192244,334.6087259171897,1.7689369752001398,0
1596160292.5292244,336.40941084608374,1.7689369752001398,0
1596160292.5392244,338.2119840501243,1.7689369752001398,0
1596160292.5492244,340.01112402662574,1.7689369752001398,0
1596160292.5592244,341.8088048814231,1.7689369752001398,0
1596160292.5692244,343.6094468949729,1.7689369752001398,0
1596160292.5792243,345.4104322312766,1.7689369752001398,0
1596160292.5892243,347.2094863770896,1.7689369752001398,0
1596160292.5992243,349.00939882978736,1.7689369752001398,0
1596160292.6092243,350.8100837586814,1.7689369752001398,0
1596160292.6192243,352.61033953413306,1.7689369752001398,0
1596160292.6292243,354.40973700269996,1.7689369752001398,0
1596160292.6392243,356.2111085771018,1.7689369752001398,0
1596160292.6492243,358.0099481461936,1.7689369752001398,0
1596160292.6592243,359.809259784072,1.7689369752001398,0
1596160292.660295,360,1.7689369752001398,1
1596160292.660295,0,0,0
1596160292.670295,1.8013286590576172,0,0
1596160292.674107,2.4861717224121094,0,0
1596160292.674107,28.616380002432575,0.14516782377789147,0
1596160292.6779773,29.313024785452594,0.14516782377789147,0
1596160292.6779773,324.33351305388334,1.7841705363802844,0
1596160292.680295,324.7539546813858,1.7841705363802844,0
1596160292.690295,326.55391004942777,1.7841705363802844,0
1596160292.700295,328.35270670317533,1.7841705363802844,0
1596160292.710295,330.15133169554593,1.7841705363802844,0
1596160292.720295,331.95253160857084,1.7841705363802844,0
1596160292.730295,333.75398901366117,1.7841705363802844,0
1596160292.740295,335.55269983672025,1.7841705363802844,0
1596160292.750295,337.3522689666641,1.7841705363802844,0
1596160292.760295,339.15321138762357,1.7841705363802844,0
1596160292.770295,340.9518792953384,1.7841705363802844,0
1596160292.780295,342.7523925628555,1.7841705363802844,0
1596160292.790295,344.5519187774551,1.7841705363802844,0
1596160292.8002949,346.35316160582425,1.7841705363802844,0
1596160292.8102949,348.1528165664566,1.7841705363802844,0
1596160292.8202949,349.95096949004056,1.7841705363802844,0
1596160292.8302948,351.75105360411527,1.7841705363802844,0
1596160292.8402948,353.55100897215726,1.7841705363802844,0
1596160292.8502948,355.35083559416654,1.7841705363802844,0
1596160292.8602948,357.1525504913223,1.7841705363802844,0
1596160292.8702948,358.95156172179105,1.7841705363802844,0
1596160292.8761387,360,1.7841705363802844,1
1596160292.8761387,0,0,0
1596160292.8861387,1.8019723892211914,0,0
1596160292.8906074,2.604360580444336,0,0
1596160292.8906074,29.91919663074841,0.15174908916835597,0
1596160292.8919687,30.164243246348995,0.15174908916835597,0
1596160292.8919687,333.71664428680236,1.8381513171708745,0
1596160292.8961387,334.47006607024963,1.8381513171708745,0
1596160292.9061387,336.2687339779645,1.8381513171708745,0
1596160292.9161386,338.07014846771057,1.8381513171708745,0
1596160292.9261386,339.86988925903137,1.8381513171708745,0
1596160292.9361386,341.67040252654846,1.8381513171708745,0
1596160292.9408543,342.5160493847638,1.8381513171708745,0
1596160292.9408543,360.0,1.9352843761444092,0
1596160292.9409332,360,1.9352843761444092,1
1596160292.9409332,0,0,0
1596160292.9509332,1.8006420135498047,0,0
1596160292.9609332,3.600597381591797,0,0
1596160292.9709332,5.400252342224121,0,0
1596160292.9809332,7.202138900756836,0,0
1596160292.9909332,9.001150131225586,0,0
1596160293.0009332,10.802178382873535,0,0
1596160293.0109332,12.601189613342285,0,0
1596160293.0209332,14.4010591506958,0,0
1596160293.0309331,16.20187282562256,0,0
1596160293.0409331,18.000154495239258,0,0
1596160293.0509331,19.802556037902832,0,0
1596160293.060933,21.601738929748535,0,0
1596160293.070933,23.402552604675293,0,0
1596160293.080933,25.200448036193848,0,0
1596160293.090933,27.00014591217041,0,0
1596160293.100933,28.80087375640869,0,0
1596160293.110933,30.60112953186035,0,0
1596160293.120933,32.400312423706055,0,0
1596160293.130933,34.20112609863281,0,0
1596160293.140933,36.00048065185547,0,0
1596160293.150933,37.80065059661865,0,0
1596160293.160933,39.60270881652832,0,0
1596160293.170933,41.400132179260254,0,0
1596160293.180933,43.20206165313721,0,0
1596160293.190933,45.00051498413086,0,0
1596160293.200933,46.80325984954834,0,0
1596160293.2034738,47.257304191589355,0,0
1596160293.2034738,360.0,1.737459421157837,0
1596160293.2035575,360,1.737459421157837,1
1596160293.2035575,0,0,0
1596160293.2135575,1.8024015426635742,0,0
1596160293.222362,3.3848190307617188,0,0
1596160293.222362,38.52232778635917,0.1952083819755414,0
1596160293.2235575,38.73810613718925,0.1952083819755414,0
1596160293.2335575,40.538190251263956,0.1952083819755414,0
1596160293.2435575,42.34007680979667,0.1952083819755414,0
1596160293.2535574,44.13878763285575,0.1952083819755414,0
1596160293.2635574,45.93942964640556,0.1952083819755414,0
1596160293.2735574,47.73831213084159,0.1952083819755414,0
1596160293.2835574,49.539984112653116,0.1952083819755414,0
1596160293.2935574,51.34058321085868,0.1952083819755414,0
1596160293.3035574,53.13865030375419,0.1952083819755414,0
1596160293.3135574,54.939807301434854,0.1952083819755414,0
1596160293.3235574,56.73770273295341,0.1952083819755414,0
1596160293.3335574,58.53825891581474,0.1952083819755414,0
1596160293.3435574,60.340317135724405,0.1952083819755414,0
1596160293.3535573,62.13872755137382,0.1952083819755414,0
1596160293.3635573,63.93795335856376,0.1952083819755414,0
1596160293.3735573,65.73868120280204,0.1952083819755414,0
1596160293.3835573,67.54043901530204,0.1952083819755414,0
1596160293.3935573,69.33914983836112,0.1952083819755414,0
1596160293.4035573,71.1406501587957,0.1952083819755414,0
1596160293.4135573,72.93841684428153,0.1952083819755414,0
1596160293.4235573,74.738458043012,0.1952083819755414,0
1596160293.4335573,76.5407737549871,0.1952083819755414,0
1596160293.4435573,78.33931291666923,0.1952083819755414,0
1596160293.4535573,80.13896787730155,0.1952083819755414,0
1596160293.4635572,81.9399961289495,0.1952083819755414,0
1596160293.4735572,83.7379344758123,0.1952083819755414,0
1596160293.4835572,85.54063642588554,0.1952083819755414,0
1596160293.4935572,87.33801687327323,0.1952083819755414,0
1596160293.5035572,89.14071882334648,0.1952083819755414,0
1596160293.5135572,90.93981588450372,0.1952083819755414,0
1596160293.5235572,92.73771131602227,0.1952083819755414,0
1596160293.5335572,94.53968370524346,0.1952083819755414,0
1596160293.5435572,96.3394674119085,0.1952083819755414,0
1596160293.5535572,98.13989484873711,0.1952083819755414,0
1596160293.5635571,99.93753278819024,0.1952083819755414,0
1596160293.5735571,101.73933351603448,0.1952083819755414,0
1596160293.5835571,103.5398896988958,0.1952083819755414,0
1596160293.5935571,105.3378280457586,0.1952083819755414,0
1596160293.603557,107.13761175242364,0.1952083819755414,0
1596160293.613557,108.93902624216973,0.1952083819755414,0
1596160293.623557,110.7399686631292,0.1952083819755414,0
1596160293.633557,112.537907009992,0.1952083819755414,0
1596160293.643557,114.34048021403252,0.1952083819755414,0
1596160293.653557,116.1388477143377,0.1952083819755414,0
1596160293.663557,117.9400476273626,0.1952083819755414,0
1596160293.673557,119.73811472025811,0.1952083819755414,0
1596160293.683557,121.53755510416924,0.1952083819755414,0
1596160293.693557,123.33828294840752,0.1952083819755414,0
1596160293.703557,125.13888204661309,0.1952083819755414,0
1596160293.713557,126.9404252823919,0.1952083819755414,0
1596160293.723557,128.73947942820487,0.1952083819755414,0
1596160293.733557,130.54007852641044,0.1952083819755414,0
1596160293.743557,132.34024847117362,0.1952083819755414,0
1596160293.753557,134.13844431010185,0.1952083819755414,0
1596160293.763557,135.93994463053642,0.1952083819755414,0
1596160293.773557,137.73874128428398,0.1952083819755414,0
1596160293.783557,139.5386108216375,0.1952083819755414,0
1596160293.793557,141.3389095124334,0.1952083819755414,0
1596160293.803557,143.13998067942558,0.1952083819755414,0
1596160293.813557,144.93821943369804,0.1952083819755414,0
1596160293.823557,146.74044931498466,0.1952083819755414,0
1596160293.833557,148.53782976237235,0.1952083819755414,0
1596160293.843557,150.33933008280692,0.1952083819755414,0
1596160293.8535569,152.13958585825858,0.1952083819755414,0
1596160293.8635569,153.93748128977714,0.1952083819755414,0
1596160293.8735569,155.73945367899833,0.1952083819755414,0
1596160293.8835568,157.5398382004827,0.1952083819755414,0
1596160293.8935568,159.3394502457708,0.1952083819755414,0
1596160293.9035568,161.14060724345146,0.1952083819755414,0
1596160293.9135568,162.93777311411796,0.1952083819755414,0
1596160293.9235568,164.73854387370048,0.1952083819755414,0
1596160293.9335568,166.5394433793157,0.1952083819755414,0
1596160293.9435568,168.33965623942314,0.1952083819755414,0
1596160293.9535568,170.13896787730155,0.1952083819755414,0
1596160293.9635568,171.93900907603202,0.1952083819755414,0
1596160293.9735568,173.73797739115653,0.1952083819755414,0
1596160293.9835567,175.53853357401786,0.1952083819755414,0
1596160293.9935567,177.33994806376396,0.1952083819755414,0
1596160294.0035567,179.13801515665946,0.1952083819755414,0
1596160294.0135567,180.93754137125907,0.1952083819755414,0
1596160294.0235567,182.73784006205497,0.1952083819755414,0
1596160294.0335567,184.5390828904241,0.1952083819755414,0
1596160294.0435567,186.33766496745048,0.1952083819755414,0
1596160294.0535567,188.14049566355644,0.1952083819755414,0
1596160294.0635567,189.93890607920585,0.1952083819755414,0
1596160294.0735567,191.74074972239433,0.1952083819755414,0
1596160294.0835567,193.53825891581474,0.1952083819755414,0
1596160294.0935566,195.3376134690374,0.1952083819755414,0
1596160294.1035566,197.14001501170097,0.1952083819755414,0
1596160294.1135566,198.9377816971868,0.1952083819755414,0
1596160294.1235566,200.73760831919608,0.1952083819755414,0
1596160294.1335566,202.53889406290946,0.1952083819755414,0
1596160294.1435566,204.33953607645927,0.1952083819755414,0
1596160294.143725,204.36764562693534,0.1952083819755414,0
1596160294.143725,360.0,1.0598325729370117,0
1596160294.1438296,360,1.0598325729370117,1
1596160294.1438296,0,0,0
1596160294.1500823,1.125497817993164,0,0
1596160294.1500823,13.617431557486274,0.06939963188607283,0
1596160294.1538296,14.294807350943305,0.06939963188607283,0
1596160294.1627228,15.89271727831147,0.06939963188607283,0
1596160294.1627228,176.39909632021806,0.9611017376744427,0
1596160294.1638296,176.60019762331865,0.9611017376744427,0
1596160294.1738296,178.3992088537874,0.9611017376744427,0
1596160294.1838295,180.2010954123201,0.9611017376744427,0
1596160294.1938295,182.00044996554274,0.9611017376744427,0
1596160294.2038295,183.79954702669997,0.9611017376744427,0
1596160294.2138295,185.60036070162673,0.9611017376744427,0
1596160294.2238295,187.39937193209548,0.9611017376744427,0
1596160294.2338295,189.20117265993972,0.9611017376744427,0
1596160294.2438295,190.9996689062776,0.9611017376744427,0
1596160294.2538295,192.79893762881179,0.9611017376744427,0
1596160294.2638295,194.60078127200026,0.9611017376744427,0
1596160294.2738295,196.4012516241731,0.9611017376744427,0
1596160294.2838295,198.20069200808425,0.9611017376744427,0
1596160294.2938294,200.0011623602571,0.9611017376744427,0
1596160294.3038294,201.80017359072585,0.9611017376744427,0
1596160294.3138294,203.5997427206697,0.9611017376744427,0
1596160294.3238294,205.40158636385817,0.9611017376744427,0
1596160294.3338294,207.20119840914626,0.9611017376744427,0
1596160294.3438294,209.00016672427077,0.9611017376744427,0
1596160294.3538294,210.79831964785475,0.9611017376744427,0
1596160294.3638294,212.5996912222566,0.9611017376744427,0
1596160294.3738294,214.4002044897737,0.9611017376744427,0
1596160294.3838294,216.19852907473464,0.9611017376744427,0
1596160294.3938293,217.99929983431716,0.9611017376744427,0
1596160294.4038293,219.80007059389968,0.9611017376744427,0
1596160294.4138293,221.6011846762361,0.9611017376744427,0
1596160294.4238293,223.39843637759108,0.9611017376744427,0
1596160294.4338293,225.20083792025466,0.9611017376744427,0
1596160294.4438293,227.00053579623122,0.9611017376744427,0
1596160294.4538293,228.80006201083083,0.9611017376744427,0
1596160294.4638293,230.60130483919997,0.9611017376744427,0
1596160294.4738293,232.40014440829177,0.9611017376744427,0
1596160294.4838293,234.19894106203932,0.9611017376744427,0
1596160294.4938293,235.99923975283522,0.9611017376744427,0
1596160294.5038292,237.8003967505159,0.9611017376744427,0
1596160294.5138292,239.60146791750807,0.9611017376744427,0
1596160294.5238292,241.40065080935378,0.9611017376744427,0
1596160294.5338292,243.20082075411696,0.9611017376744427,0
1596160294.5438292,245.00021822268386,0.9611017376744427,0
1596160294.5538292,246.7985428076448,0.9611017376744427,0
1596160294.5638292,248.60167391116042,0.9611017376744427,0
1596160294.5738292,250.4012859564485,0.9611017376744427,0
1596160294.5838292,252.2010267477693,0.9611017376744427,0
1596160294.5938292,253.99978048617263,0.9611017376744427,0
1596160294.6038291,255.798362563199,0.9611017376744427,0
1596160294.6138291,257.6007211905183,0.9611017376744427,0
1596160294.6238291,259.4011486273469,0.9611017376744427,0
1596160294.633829,261.20058901125805,0.9611017376744427,0
1596160294.643829,262.9983556967439,0.9611017376744427,0
1596160294.653829,264.798868964261,0.9611017376744427,0
1596160294.663829,266.60139925295726,0.9611017376744427,0
1596160294.673829,268.4010971289338,0.9611017376744427,0
1596160294.683829,270.1992071371736,0.9611017376744427,0
1596160294.693829,271.9982183676423,0.9611017376744427,0
1596160294.703829,273.79989034945385,0.9611017376744427,0
1596160294.713829,275.599330733365,0.9611017376744427,0
1596160294.723829,277.4007452231111,0.9611017376744427,0
1596160294.733829,279.20057184512035,0.9611017376744427,0
1596160294.743829,281.0007847052278,0.9611017376744427,0
1596160294.753829,282.79872305209057,0.9611017376744427,0
1596160294.763829,284.5992792349519,0.9611017376744427,0
1596160294.773829,286.39953501040355,0.9611017376744427,0
1596160294.783829,288.2000911932649,0.9611017376744427,0
1596160294.793829,289.99880201632396,0.9611017376744427,0
1596160294.803829,291.8000448446931,0.9611017376744427,0
1596160294.813829,293.59961397463695,0.9611017376744427,0
1596160294.823829,295.399397681302,0.9611017376744427,0
1596160294.833829,297.20034010226146,0.9611017376744427,0
1596160294.843829,299.0005529623689,0.9611017376744427,0
1596160294.853829,300.8005512457551,0.9611017376744427,0
1596160294.863829,302.60089285189525,0.9611017376744427,0
1596160294.873829,304.39827329928295,0.9611017376744427,0
1596160294.8838289,306.2014044027986,0.9611017376744427,0
1596160294.8938289,307.99878485018627,0.9611017376744427,0
1596160294.9038289,309.7982252340974,0.9611017376744427,0
1596160294.9138288,311.5981806021394,0.9611017376744427,0
1596160294.9238288,313.401483367032,0.9611017376744427,0
1596160294.9338288,315.1995933752717,0.9611017376744427,0
1596160294.9438288,317.0004499655427,0.9611017376744427,0
1596160294.9538288,318.79989034945385,0.9611017376744427,0
1596160294.9638288,320.59950239474193,0.9611017376744427,0
1596160294.9738288,322.40005857760326,0.9611017376744427,0
1596160294.9838288,324.20125849062816,0.9611017376744427,0
1596160294.9938288,326.0011709433259,0.9611017376744427,0
1596160295.0038288,327.7984226446809,0.9611017376744427,0
1596160295.0138288,329.6008671026887,0.9611017376744427,0
1596160295.0238287,331.3995779257478,0.9611017376744427,0
1596160295.0338287,333.199576209134,0.9611017376744427,0
1596160295.0438287,334.9982870321931,0.9611017376744427,0
1596160295.0538287,336.80098898226635,0.9611017376744427,0
1596160295.0638287,338.59944231326,0.9611017376744427,0
1596160295.0738287,340.3985393744172,0.9611017376744427,0
1596160295.0838287,342.20076925570385,0.9611017376744427,0
1596160295.0938287,343.9996946554841,0.9611017376744427,0
1596160295.1038287,345.80102331454174,0.9611017376744427,0
1596160295.1138287,347.59943373019115,0.9611017376744427,0
1596160295.1238286,349.40140611941234,0.9611017376744427,0
1596160295.1338286,351.20149023348705,0.9611017376744427,0
1596160295.1438286,353.0004156332673,0.9611017376744427,0
1596160295.1538286,354.7982252340974,0.9611017376744427,0
1596160295.1638286,356.5991676550569,0.9611017376744427,0
1596160295.1738286,358.3984792929353,0.9611017376744427,0
1596160295.1827295,360,0.9611017376744427,1
1596160295.1827295,0,0,0
1596160295.1927295,1.802229881286621,0,0
1596160295.1965845,2.493896484375,0,0
1596160295.1965845,28.70153141604799,0.14559797184262774,0
1596160295.197957,28.948595052827777,0.14559797184262774,0
1596160295.197957,320.31633983281006,1.7643076650647516,0
1596160295.2027295,321.1766637387549,1.7643076650647516,0
1596160295.2127295,322.9776490750586,1.7643076650647516,0
1596160295.2227294,324.7764886441504,1.7643076650647516,0
1596160295.2327294,326.57751689579834,1.7643076650647516,0
1596160295.2427294,328.3778585019385,1.7643076650647516,0
1596160295.2527294,330.1757110181128,1.7643076650647516,0
1596160295.2627294,331.9775975766455,1.7643076650647516,0
1596160295.2727294,333.77751002934326,1.7643076650647516,0
1596160295.2827294,335.5778516354834,1.7643076650647516,0
1596160295.2927294,337.37583289769043,1.7643076650647516,0
1596160295.3027294,339.17763362553467,1.7643076650647516,0
1596160295.3127294,340.9760869565283,1.7643076650647516,0
1596160295.3227293,342.7770293774878,1.7643076650647516,0
1596160295.3327293,344.5782292905127,1.7643076650647516,0
1596160295.3427293,346.37569556858887,1.7643076650647516,0
1596160295.3527293,348.1756938519751,1.7643076650647516,0
1596160295.3627293,349.9772370877539,1.7643076650647516,0
1596160295.3727293,351.7765058102881,1.7643076650647516,0
1596160295.3827293,353.5767186703955,1.7643076650647516,0
1596160295.3927293,355.377489429978,1.7643076650647516,0
1596160295.4027293,357.17615733769287,1.7643076650647516,0
1596160295.4127293,358.9758122983252,1.7643076650647516,0
1596160295.4184222,360,1.7643076650647516,1
1596160295.4184222,0,0,0
1596160295.4284222,1.8024444580078125,0,0
1596160295.4318237,2.412271499633789,0,0
1596160295.4318237,27.801764812178458,0.14105274062524817,0
1596160295.4344456,28.273704852766837,0.14105274062524817,0
1596160295.4344456,312.87690611997164,1.7221816365541636,0
1596160295.4384222,313.5957810513071,1.7221816365541636,0
1596160295.4484222,315.3955647579721,1.7221816365541636,0
1596160295.4584222,317.1929452053598,1.7221816365541636,0
1596160295.4684222,318.99272891202486,1.7221816365541636,0
1596160295.4784222,320.7927701107553,1.7221816365541636,0
1596160295.4884222,322.595729552894,1.7221816365541636,0
1596160295.4984221,324.39315291562593,1.7221816365541636,0
1596160295.5084221,326.1927220455698,1.7221816365541636,0
1596160295.5184221,327.99323531308687,1.7221816365541636,0
1596160295.528422,329.7928902737192,1.7221816365541636,0
1596160295.538422,331.59301730313814,1.7221816365541636,0
1596160295.548422,333.3955046764902,1.7221816365541636,0
1596160295.558422,335.19352885404146,1.7221816365541636,0
1596160295.568422,336.9944283596567,1.7221816365541636,0
1596160295.578422,338.7951991192392,1.7221816365541636,0
1596160295.588422,340.5941245190195,1.7221816365541636,0
1596160295.598422,342.3955819241098,1.7221816365541636,0
1596160295.608422,344.19600936093843,1.7221816365541636,0
1596160295.618422,345.9935614697031,1.7221816365541636,0
1596160295.628422,347.79313059964693,1.7221816365541636,0
1596160295.638422,349.5942875973276,1.7221816365541636,0
1596160295.648422,351.39553042569673,1.7221816365541636,0
1596160295.658422,353.1934258572153,1.7221816365541636,0
1596160295.668422,354.9941966167978,1.7221816365541636,0
1596160295.678422,356.79509612241304,1.7221816365541636,0
1596160295.688422,358.59350653806246,1.7221816365541636,0
1596160295.6962495,360,1.7221816365541636,1
1596160295.6962495,0,0,0
1596160295.7062495,1.8016719818115234,0,0
1596160295.710836,2.625560760498047,0,0
1596160295.710836,30.152889954781852,0.15292960663491004,0
1596160295.7121959,30.397679078317008,0.15292960663491004,0
1596160295.7121959,336.28984863614784,1.8523305486228592,0
1596160295.7162495,337.0205252871488,1.8523305486228592,0
1596160295.7262495,338.82211143827186,1.8523305486228592,0
1596160295.7362494,340.62095100736366,1.8523305486228592,0
1596160295.7462494,342.4217646822904,1.8523305486228592,0
1596160295.7562494,344.2219346270536,1.8523305486228592,0
1596160295.7662494,346.0200017199491,1.8523305486228592,0
1596160295.7762494,347.8225320086454,1.8523305486228592,0
1596160295.7862494,349.6225302920316,1.8523305486228592,0
1596160295.7962494,351.42274315213905,1.8523305486228592,0
1596160295.8062494,353.22102482175575,1.8523305486228592,0
1596160295.8162494,355.0196927294706,1.8523305486228592,0
1596160295.8262494,356.82239467954383,1.8523305486228592,0
1596160295.8362494,358.6213200793241,1.8523305486228592,0
1596160295.8439238,360,1.8523305486228592,1
1596160295.8439238,0,0,0
1596160295.8539238,1.8009424209594727,0,0
1596160295.8585865,2.639293670654297,0,0
1596160295.8585865,30.304270245653687,0.15369431430555217,0
1596160295.8599563,30.550818898302612,0.15369431430555217,0
1596160295.8599563,337.97793588274897,1.8616227419969207,0
1596160295.8639238,338.69427880877436,1.8616227419969207,0
1596160295.8739238,340.4924746477026,1.8616227419969207,0
1596160295.8839238,342.2938891374487,1.8616227419969207,0
1596160295.8939238,344.09393033617914,1.8616227419969207,0
1596160295.9039237,345.89491567248285,1.8616227419969207,0
1596160295.9139237,347.6937981569189,1.8616227419969207,0
1596160295.9239237,349.4937535249609,1.8616227419969207,0
1596160295.9339237,351.29422387713373,1.8616227419969207,0
1596160295.9439237,353.09499463671625,1.8616227419969207,0
1596160295.9539237,354.89271840685785,1.8616227419969207,0
1596160295.9639237,356.69280252093256,1.8616227419969207,0
1596160295.9739237,358.4947319948095,1.8616227419969207,0
1596160295.9823198,360,1.8616227419969207,1
1596160295.9823198,0,0,0
1596160295.9923198,1.8008995056152344,0,0
1596160295.9963272,2.5213193893432617,0,0
1596160295.9963272,29.003818934382714,0.1471249974724414,0
1596160295.9977093,29.25259918493203,0.1471249974724414,0
1596160295.9977093,323.6674310014388,1.7827629520085901,0
1596160296.0023198,324.4999457643172,1.7827629520085901,0
1596160296.0123198,326.2977553651473,1.7827629520085901,0
1596160296.0223198,328.100543145909,1.7827629520085901,0
1596160296.0323198,329.90011227585285,1.7827629520085901,0
1596160296.0423198,331.6980935380599,1.7827629520085901,0
1596160296.0523198,333.49770558334797,1.7827629520085901,0
1596160296.0623198,335.3004075334212,1.7827629520085901,0
1596160296.0723197,337.0993329332015,1.7827629520085901,0
1596160296.0823197,338.8996316239974,1.7827629520085901,0
1596160296.0923197,340.6980420396468,1.7827629520085901,0
1596160296.1023197,342.5002290055892,1.7827629520085901,0
1596160296.1123197,344.2997552201888,1.7827629520085901,0
1596160296.1223197,346.09966767288654,1.7827629520085901,0
1596160296.1323197,347.90052426315754,1.7827629520085901,0
1596160296.1423197,349.69962132431476,1.7827629520085901,0
1596160296.1523197,351.4998341844222,1.7827629520085901,0
1596160296.1623197,353.2989312455794,1.7827629520085901,0
1596160296.1723197,355.1005603120467,1.7827629520085901,0
1596160296.1823196,356.89931405045,1.7827629520085901,0
1596160296.1923196,358.69888318039386,1.7827629520085901,0
1596160296.199561,360,1.7827629520085901,1
1596160296.199561,0,0,0
1596160296.209561,1.8005132675170898,0,0
1596160296.2128167,2.386007308959961,0,0
1596160296.2128167,27.512250005886013,0.13959023720514474,0
1596160296.21544,27.984447538539822,0.13959023720514474,0
1596160296.21544,309.6883717258563,1.7046120382457919,0
1596160296.2168312,309.9387827594867,1.7046120382457919,0
1596160296.2168312,360.0,1.9827299118041992,0
1596160296.2169077,360,1.9827299118041992,1
1596160296.2169077,0,0,0
1596160296.2269077,1.8022727966308594,0,0
1596160296.2369077,3.6022281646728516,0,0
1596160296.2469077,5.402483940124512,0,0
1596160296.2569077,7.203125953674316,0,0
1596160296.2669077,9.003124237060547,0,0
1596160296.2769077,10.803079605102539,0,0
1596160296.2869077,12.601361274719238,0,0
1596160296.2969077,14.40183162689209,0,0
1596160296.3069077,16.20084285736084,0,0
1596160296.3169076,18.001270294189453,0,0
1596160296.3269076,19.80208396911621,0,0
1596160296.3369076,21.60238265991211,0,0
1596160296.3469076,23.40259552001953,0,0
1596160296.3569076,25.203280448913574,0,0
1596160296.3669076,27.000575065612793,0,0
1596160296.3769076,28.80263328552246,0,0
1596160296.3869076,30.60142993927002,0,0
1596160296.3969076,32.403316497802734,0,0
1596160296.4069076,34.20022487640381,0,0
1596160296.4169075,36.00202560424805,0,0
1596160296.4269075,37.80296802520752,0,0
1596160296.4369075,39.60240840911865,0,0
1596160296.4469075,41.400132179260254,0,0
1596160296.4569075,43.20146083831787,0,0
1596160296.4669075,45.00133037567139,0,0
1596160296.4769075,46.802616119384766,0,0
1596160296.4869075,48.60252857208252,0,0
1596160296.4969075,50.401926040649414,0,0
1596160296.5069075,52.20256805419922,0,0
1596160296.5169075,54.0032958984375,0,0
1596160296.5269074,55.80222129821777,0,0
1596160296.5369074,57.6007604598999,0,0
1596160296.5469074,59.40088748931885,0,0
1596160296.5569074,61.20333194732666,0,0
1596160296.5669074,63.00066947937012,0,0
1596160296.5769074,64.80186939239502,0,0
1596160296.5869074,66.60122394561768,0,0
1596160296.5969074,68.40268135070801,0,0
1596160296.6069074,70.20083427429199,0,0
1596160296.6169074,72.00014591217041,0,0
1596160296.6269073,73.80130290985107,0,0
1596160296.6369073,75.60306072235107,0,0
1596160296.6469073,77.40301609039307,0,0
1596160296.6569073,79.20069694519043,0,0
1596160296.6669073,81.00296974182129,0,0
1596160296.6769073,82.80009269714355,0,0
1596160296.6869073,84.60305213928223,0,0
1596160296.6969073,86.40172004699707,0,0
1596160296.7069073,88.2011604309082,0,0
1596160296.7169073,90.00094413757324,0,0
1596160296.7269073,91.80150032043457,0,0
1596160296.7369072,93.60201358795166,0,0
1596160296.7469072,95.40141105651855,0,0
1596160296.7569072,97.2024393081665,0,0
1596160296.7669072,99.00106430053711,0,0
1596160296.7769072,100.80235004425049,0,0
1596160296.7869072,102.60028839111328,0,0
1596160296.7969072,104.40024375915527,0,0
1596160296.8069072,106.20307445526123,0,0
1596160296.8169072,108.0001974105835,0,0
1596160296.8269072,109.80006694793701,0,0
1596160296.8369071,111.60186767578125,0,0
1596160296.8469071,113.40268135070801,0,0
1596160296.8569071,115.20164966583252,0,0
1596160296.8669071,117.00083255767822,0,0
1596160296.876907,118.80091667175293,0,0
1596160296.886907,120.60203075408936,0,0
1596160296.896907,122.40262985229492,0,0
1596160296.906907,124.20065402984619,0,0
1596160296.916907,126.00146770477295,0,0
1596160296.926907,127.80039310455322,0,0
1596160296.936907,129.60034847259521,0,0
1596160296.946907,131.4033079147339,0,0
1596160296.956907,133.2024049758911,0,0
1596160296.966907,134.99995708465576,0,0
1596160296.976907,136.8011999130249,0,0
1596160296.986907,138.60089778900146,0,0
1596160296.996907,140.40025234222412,0,0
1596160297.006907,142.20059394836426,0,0
1596160297.016907,143.99990558624268,0,0
1596160297.026907,145.80243587493896,0,0
1596160297.036907,147.60294914245605,0,0
1596160297.046907,149.40316200256348,0,0
1596160297.056907,151.20230197906494,0,0
1596160297.066907,153.00268650054932,0,0
1596160297.076907,154.8022985458374,0,0
1596160297.086907,156.60070896148682,0,0
1596160297.096907,158.40208053588867,0,0
1596160297.106907,160.2013921737671,0,0
1596160297.116907,162.0003604888916,0,0
1596160297.1269069,163.79992961883545,0,0
1596160297.1369069,165.6013011932373,0,0
1596160297.1469069,167.39988327026367,0,0
1596160297.1569068,169.2012119293213,0,0
1596160297.1669068,171.0028839111328,0,0
1596160297.1769068,172.80253887176514,0,0
1596160297.1869068,174.60283756256104,0,0
1596160297.1969068,176.39987468719482,0,0
1596160297.2069068,178.2024049758911,0,0
1596160297.2169068,180.00115871429443,0,0
1596160297.2269068,181.80180072784424,0,0
1596160297.2369068,183.60102653503418,0,0
1596160297.2469068,185.4021406173706,0,0
1596160297.2569067,187.20273971557617,0,0
1596160297.2607017,187.8829050064087,0,0
1596160297.2607017,360.0,0.9562060832977295,0
1596160297.2607992,360,0.9562060832977295,1
1596160297.2607992,0,0,0
1596160297.2670577,1.1265277862548828,0,0
1596160297.2670577,13.628785079301657,0.06945698496137097,0
1596160297.2707992,14.30414385157949,0.06945698496137097,0
1596160297.2784317,15.676104491533103,0.06945698496137097,0
1596160297.2784317,174.01133536525765,0.9490971564820629,0
1596160297.2807992,174.4408750457386,0.9490971564820629,0
1596160297.2907991,176.23778342433968,0.9490971564820629,0
1596160297.3007991,178.04027079769173,0.9490971564820629,0
1596160297.3107991,179.83936785884896,0.9490971564820629,0
1596160297.320799,181.639151565514,0.9490971564820629,0
1596160297.330799,183.4383344573597,0.9490971564820629,0
1596160297.340799,185.23798941799203,0.9490971564820629,0
1596160297.350799,187.0385885161976,0.9490971564820629,0
1596160297.360799,188.84043215938607,0.9490971564820629,0
1596160297.370799,190.6402158660511,0.9490971564820629,0
1596160297.380799,192.43896960445443,0.9490971564820629,0
1596160297.390799,194.23862456508675,0.9490971564820629,0
1596160297.400799,196.03939532466927,0.9490971564820629,0
1596160297.410799,197.83999442287484,0.9490971564820629,0
1596160297.420799,199.637460700951,0.9490971564820629,0
1596160297.430799,201.44016265102425,0.9490971564820629,0
1596160297.440799,203.2393884582142,0.9490971564820629,0
1596160297.450799,205.03895758815804,0.9490971564820629,0
1596160297.460799,206.83981417842904,0.9490971564820629,0
1596160297.470799,208.63925456234017,0.9490971564820629,0
1596160297.480799,210.43899535366097,0.9490971564820629,0
1596160297.490799,212.24040984340706,0.9490971564820629,0
1596160297.500799,214.0399789733509,0.9490971564820629,0
1596160297.510799,215.83954810329476,0.9490971564820629,0
1596160297.520799,217.6376581115345,0.9490971564820629,0
1596160297.530799,219.44010256954232,0.9490971564820629,0
1596160297.540799,221.24078749843636,0.9490971564820629,0
1596160297.550799,223.03829669185677,0.9490971564820629,0
1596160297.560799,224.83911036678353,0.9490971564820629,0
1596160297.5707989,226.63855075069466,0.9490971564820629,0
1596160297.5807989,228.43884944149056,0.9490971564820629,0
1596160297.5907989,230.24034976192513,0.9490971564820629,0
1596160297.6007988,232.0383739394764,0.9490971564820629,0
1596160297.6107988,233.83970259853402,0.9490971564820629,0
1596160297.6207988,235.6400871200184,0.9490971564820629,0
1596160297.6307988,237.43901251979867,0.9490971564820629,0
1596160297.6407988,239.23909663387337,0.9490971564820629,0
1596160297.6507988,241.03956698604622,0.9490971564820629,0
1596160297.6607988,242.8406381530384,0.9490971564820629,0
1596160297.6707988,244.6403789443592,0.9490971564820629,0
1596160297.6807988,246.43870352932015,0.9490971564820629,0
1596160297.6907988,248.23913096614876,0.9490971564820629,0
1596160297.7007987,250.0398158950428,0.9490971564820629,0
1596160297.7107987,251.83839797206917,0.9490971564820629,0
1596160297.7207987,253.63955496974984,0.9490971564820629,0
1596160297.7307987,255.44006823726693,0.9490971564820629,0
1596160297.7407987,257.2380065841297,0.9490971564820629,0
1596160297.7507987,259.0384769363026,0.9490971564820629,0
1596160297.7607987,260.8403634948353,0.9490971564820629,0
1596160297.7707987,262.6388597411732,0.9490971564820629,0
1596160297.7807987,264.4400596541981,0.9490971564820629,0
1596160297.7907987,266.2379121703724,0.9490971564820629,0
1596160297.8007987,268.0385541839222,0.9490971564820629,0
1596160297.8107986,269.8389816207508,0.9490971564820629,0
1596160297.8207986,271.6397094649891,0.9490971564820629,0
1596160297.8307986,273.43794821926156,0.9490971564820629,0
1596160297.8407986,275.23837565609017,0.9490971564820629,0
1596160297.8507986,277.0384597701649,0.9490971564820629,0
1596160297.8607986,278.839702598534,0.9490971564820629,0
1596160297.8707986,280.63982962795296,0.9490971564820629,0
1596160297.8807986,282.4402570647816,0.9490971564820629,0
1596160297.8907986,284.2394828719715,0.9490971564820629,0
1596160297.9007986,286.03948115535775,0.9490971564820629,0
1596160297.9107985,287.83797740169564,0.9490971564820629,0
1596160297.9207985,289.63909148403206,0.9490971564820629,0
1596160297.9307985,291.4408063811878,0.9490971564820629,0
1596160297.9407985,293.23887347408333,0.9490971564820629,0
1596160297.9507985,295.03805636592904,0.9490971564820629,0
1596160297.9607985,296.8389987868885,0.9490971564820629,0
1596160297.9707985,298.6388254088978,0.9490971564820629,0
1596160297.9807985,300.43886660762826,0.9490971564820629,0
1596160297.9907985,302.2384357375721,0.9490971564820629,0
1596160298.0007985,304.0406656188587,0.9490971564820629,0
1596160298.0107985,305.83899020381966,0.9490971564820629,0
1596160298.0207984,307.64044760891,0.9490971564820629,0
1596160298.0307984,309.4376134795765,0.9490971564820629,0
1596160298.0407984,311.24044417568246,0.9490971564820629,0
1596160298.0507984,313.0400133056263,0.9490971564820629,0
1596160298.0607984,314.8387241286854,0.9490971564820629,0
1596160298.0707984,316.63910865016976,0.9490971564820629,0
1596160298.0807984,318.4385490340809,0.9490971564820629,0
1596160298.0907984,320.23867606349984,0.9490971564820629,0
1596160298.1007984,322.0376014632801,0.9490971564820629,0
1596160298.1107984,323.83953093715706,0.9490971564820629,0
1596160298.1207983,325.63914298244515,0.9490971564820629,0
1596160298.1307983,327.4391841811756,0.9490971564820629,0
1596160298.1407983,329.2383241576771,0.9490971564820629,0
1596160298.1507983,331.038622848473,0.9490971564820629,0
1596160298.1607983,332.8389215392689,0.9490971564820629,0
1596160298.1707983,334.639263145409,0.9490971564820629,0
1596160298.1807983,336.43801688381234,0.9490971564820629,0
1596160298.1907983,338.2378005904774,0.9490971564820629,0
1596160298.2007983,340.03942965694466,0.9490971564820629,0
1596160298.2107983,341.8385696334461,0.9490971564820629,0
1596160298.2207983,343.6399841231922,0.9490971564820629,0
1596160298.2307982,345.43775080867806,0.9490971564820629,0
1596160298.2407982,347.23736285396615,0.9490971564820629,0
1596160298.2507982,349.0376186294178,0.9490971564820629,0
1596160298.2607982,350.8391618651966,0.9490971564820629,0
1596160298.2707982,352.6397609634022,0.9490971564820629,0
1596160298.2807982,354.44048880764046,0.9490971564820629,0
1596160298.2907982,356.23739718624154,0.9490971564820629,0
1596160298.3007982,358.0373096389393,0.9490971564820629,0
1596160298.3107982,359.83777999111214,0.9490971564820629,0
1596160298.3117135,360,0.9490971564820629,1
1596160298.3117135,0,0,0
1596160298.3217134,1.8028736114501953,0,0
1596160298.3260543,2.581357955932617,0,0
1596160298.3260543,29.665634643538095,0.15046820382003043,0
1596160298.329924,30.362193595869638,0.15046820382003043,0
1596160298.329924,335.8986859041784,1.8478931610884126,0
1596160298.3317134,336.22179553094844,1.8478931610884126,0
1596160298.3417134,338.0234245974157,1.8478931610884126,0
1596160298.3517134,339.8229078966711,1.8478931610884126,0
1596160298.3617134,341.6211037355993,1.8478931610884126,0
1596160298.3717134,343.42380568567256,1.8478931610884126,0
1596160298.3817134,345.2226881701086,1.8478931610884126,0
1596160298.3917134,347.023072691593,1.8478931610884126,0
1596160298.4017134,348.8234142977331,1.8478931610884126,0
1596160298.4117134,350.621910544071,1.8478931610884126,0
1596160298.4217134,352.4216513353918,1.8478931610884126,0
1596160298.4317133,354.2224220949743,1.8478931610884126,0
1596160298.4417133,356.02207705560664,1.8478931610884126,0
1596160298.4517133,357.8210024553869,1.8478931610884126,0
1596160298.4617133,359.6236185747717,1.8478931610884126,0
1596160298.4638348,360,1.8478931610884126,1
1596160298.4638348,0,0,0
1596160298.4738348,1.8008995056152344,0,0
1596160298.4775505,2.4688339233398438,0,0
1596160298.4775505,28.42526238520686,0.14420238034370564,0
1596160298.4789343,28.674343043165845,0.14420238034370564,0
1596160298.4789343,317.2932115575606,1.74764053875701,0
1596160298.4838347,318.1784263631636,1.74764053875701,0
1596160298.4938347,319.97606430261675,1.74764053875701,0
1596160298.5038347,321.7756334325606,1.74764053875701,0
1596160298.5138347,323.5759321233565,1.74764053875701,0
1596160298.5238347,325.37799034326616,1.74764053875701,0
1596160298.5338347,327.17828903406206,1.74764053875701,0
1596160298.5438347,328.9785018941695,1.74764053875701,0
1596160298.5538347,330.7786289235884,1.74764053875701,0
1596160298.5638347,332.5779834768111,1.74764053875701,0
1596160298.5738347,334.3771663686568,1.74764053875701,0
1596160298.5838346,336.17720756738726,1.74764053875701,0
1596160298.5938346,337.9782358190352,1.74764053875701,0
1596160298.6038346,339.77690372675005,1.74764053875701,0
1596160298.6138346,341.57707367151323,1.74764053875701,0
1596160298.6238346,343.3764711400801,1.74764053875701,0
1596160298.6338346,345.1772848150069,1.74764053875701,0
1596160298.6438346,346.977626421147,1.74764053875701,0
1596160298.6538346,348.77771053522173,1.74764053875701,0
1596160298.6638346,350.57861004083696,1.74764053875701,0
1596160298.6738346,352.37753544061724,1.74764053875701,0
1596160298.6838346,354.1759887716109,1.74764053875701,0
1596160298.6938345,355.97813282220903,1.74764053875701,0
1596160298.7038345,357.7774873754317,1.74764053875701,0
1596160298.7138345,359.5774856588179,1.74764053875701,0
1596160298.7161999,360,1.74764053875701,1
1596160298.7161999,0,0,0
1596160298.7261999,1.8024015426635742,0,0
1596160298.7303085,2.5395584106445312,0,0
1596160298.7303085,29.204870883196893,0.1481406248475131,0
1596160298.7316768,29.45116204378039,0.1481406248475131,0
1596160298.7316768,325.8562244171685,1.7948354158107804,0
1596160298.7330532,326.1039746994561,1.7948354158107804,0
1596160298.7330532,360.0,1.9831466674804688,0
1596160298.7331293,360,1.9831466674804688,1
1596160298.7331293,0,0,0
1596160298.7431293,1.8015432357788086,0,0
1596160298.7531292,3.6008548736572266,0,0
1596160298.7631292,5.4021406173706055,0,0
1596160298.7731292,7.202010154724121,0,0
1596160298.7831292,9.002995491027832,0,0
1596160298.7931292,10.802865028381348,0,0
1596160298.8031292,12.601103782653809,0,0
1596160298.8131292,14.401144981384277,0,0
1596160298.8231292,16.203417778015137,0,0
1596160298.8331292,18.000025749206543,0,0
1596160298.8431292,19.800925254821777,0,0
1596160298.8531291,21.602168083190918,0,0
1596160298.8631291,23.40083599090576,0,0
1596160298.8731291,25.2011775970459,0,0
1596160298.8831291,27.00040340423584,0,0
1596160298.893129,28.801002502441406,0,0
1596160298.903129,30.600056648254395,0,0
1596160298.913129,32.40262985229492,0,0
1596160298.923129,34.202070236206055,0,0
1596160298.933129,36.00095272064209,0,0
1596160298.943129,37.80202388763428,0,0
1596160298.953129,39.60253715515137,0,0
1596160298.963129,41.40275001525879,0,0
1596160298.973129,43.203091621398926,0,0
1596160298.983129,45.00266075134277,0,0
1596160298.993129,46.802144050598145,0,0
1596160299.003129,48.600125312805176,0,0
1596160299.013129,50.40046691894531,0,0
1596160299.023129,52.200422286987305,0,0
1596160299.033129,54.003167152404785,0,0
1596160299.043129,55.8015775680542,0,0
1596160299.053129,57.601962089538574,0,0
1596160299.063129,59.40028667449951,0,0
1596160299.073129,61.20037078857422,0,0
1596160299.083129,63.002943992614746,0,0
1596160299.093129,64.80088233947754,0,0
1596160299.103129,66.60118103027344,0,0
1596160299.113129,68.40036392211914,0,0
1596160299.123129,70.20074844360352,0,0
1596160299.133129,72.00220584869385,0,0
1596160299.1431289,73.80143165588379,0,0
1596160299.1531289,75.60306072235107,0,0
1596160299.1631289,77.40147113800049,0,0
1596160299.1731288,79.20091152191162,0,0
1596160299.1831288,81.00069522857666,0,0
1596160299.1931288,82.80198097229004,0,0
1596160299.2031288,84.60004806518555,0,0
1596160299.2131288,86.4019775390625,0,0
1596160299.2231288,88.19995880126953,0,0
1596160299.2331288,90.00227451324463,0,0
1596160299.2431288,91.80162906646729,0,0
1596160299.2531288,93.60008239746094,0,0
1596160299.2631288,95.40029525756836,0,0
1596160299.2731287,97.20325469970703,0,0
1596160299.2831287,99.00089263916016,0,0
1596160299.2931287,100.80230712890625,0,0
1596160299.3031287,102.60320663452148,0,0
1596160299.3131287,104.40234661102295,0,0
1596160299.3231287,106.2031602859497,0,0
1596160299.3331287,108.00041198730469,0,0
1596160299.3431287,109.80079650878906,0,0
1596160299.3531287,111.60255432128906,0,0
1596160299.3631287,113.40062141418457,0,0
1596160299.3731287,115.20087718963623,0,0
1596160299.3831286,117.00113296508789,0,0
1596160299.3931286,118.80319118499756,0,0
1596160299.4031286,120.60245990753174,0,0
1596160299.4131286,122.39992618560791,0,0
1596160299.4231286,124.20237064361572,0,0
1596160299.4331286,126.00322723388672,0,0
1596160299.4431286,127.80189514160156,0,0
1596160299.4531286,129.60129261016846,0,0
1596160299.4631286,131.39991760253906,0,0
1596160299.4731286,133.20086002349854,0,0
1596160299.4831285,134.99991416931152,0,0
1596160299.4931285,136.8028736114502,0,0
1596160299.501914,138.38125705718994,0,0
1596160299.501914,360.0,1.231215238571167,0
1596160299.5021727,360,1.231215238571167,1
1596160299.5021727,0,0,0
1596160299.5120482,1.7775964736938477,0,0
1596160299.5120482,20.80563005685419,0.10571129768422413,0
1596160299.5121727,20.828203527923527,0.10571129768422413,0
1596160299.5221727,22.628030149932805,0.10571129768422413,0
1596160299.5321727,24.43111833810419,0.10571129768422413,0
1596160299.5421727,26.230043737884465,0.10571129768422413,0
1596160299.5521727,28.029484121795598,0.10571129768422413,0
1596160299.5621727,29.831241934295598,0.10571129768422413,0
1596160299.5721726,31.628794043060246,0.10571129768422413,0
1596160299.5821729,33.428062765594426,0.10571129768422413,0
1596160299.5821729,360.0,1.9199998378753662,0
1596160299.5821726,360.0,1.9199998378753662,0
1596160299.582255,360,1.9199998378753662,1
1596160299.582255,0,0,0
1596160299.5922549,1.8021869659423828,0,0
1596160299.5960503,2.4831676483154297,0,0
1596160299.5960503,28.583265563804353,0.14500054397493847,0
1596160299.6022549,29.701596519309724,0.14500054397493847,0
1596160299.6122549,31.502581855613435,0.14500054397493847,0
1596160299.6222548,33.30249430831119,0.14500054397493847,0
1596160299.6322548,35.100389739829744,0.14500054397493847,0
1596160299.6349127,35.578509589988435,0.14500054397493847,0
1596160299.6349127,360.0,1.9473421573638916,0
1596160299.6349945,360,1.9473421573638916,1
1596160299.6349945,0,0,0
1596160299.6449945,1.8028736114501953,0,0
1596160299.648798,2.4846267700195312,0,0
1596160299.648798,28.59934971970949,0.1450817941649442,0
1596160299.6549945,29.71720860642824,0.1450817941649442,0
1596160299.6649945,31.517593127912615,0.1450817941649442,0
1596160299.6749945,33.31583188218507,0.1450817941649442,0
1596160299.6849945,35.11608765763673,0.1450817941649442,0
1596160299.6949944,36.915270549482436,0.1450817941649442,0
1596160299.7049944,38.717071277326674,0.1450817941649442,0
1596160299.7149944,40.51698373002443,0.1450817941649442,0
1596160299.7249944,42.31775448960695,0.1450817941649442,0
1596160299.7349944,44.11775277299318,0.1450817941649442,0
1596160299.7449944,45.91603444260988,0.1450817941649442,0
1596160299.7549944,47.71474526566896,0.1450817941649442,0
1596160299.7649944,49.517876369184584,0.1450817941649442,0
1596160299.7749944,51.316372615522475,0.1450817941649442,0
1596160299.7849944,53.11770127458009,0.1450817941649442,0
1596160299.7949944,54.91752789658937,0.1450817941649442,0
1596160299.8049943,56.71585248155031,0.1450817941649442,0
1596160299.8149943,58.514906627363295,0.1450817941649442,0
1596160299.8249943,60.31705067796144,0.1450817941649442,0
1596160299.8349943,62.11507485551271,0.1450817941649442,0
1596160299.8449943,63.91713307542238,0.1450817941649442,0
1596160299.8549943,65.71708844346438,0.1450817941649442,0
1596160299.8649943,67.5156276051465,0.1450817941649442,0
1596160299.8749943,69.31498215836916,0.1450817941649442,0
1596160299.8814204,70.47137902421389,0.1450817941649442,0
1596160299.8814204,360.0,1.7535741329193115,0
1596160299.8815029,360,1.7535741329193115,1
1596160299.8815029,0,0,0
1596160299.8877845,1.130690574645996,0,0
1596160299.8877845,13.674672229972185,0.06968878697403438,0
1596160299.8915029,14.344065769400896,0.06968878697403438,0
1596160299.9015028,16.144064052787126,0.06968878697403438,0
1596160299.9115028,17.94397650548488,0.06968878697403438,0
1596160299.9215028,19.745047672477067,0.06968878697403438,0
1596160299.9315028,21.54697714635402,0.06968878697403438,0
1596160299.9415028,23.345559223380388,0.06968878697403438,0
1596160299.9515028,25.146115406241716,0.06968878697403438,0
1596160299.9615028,26.946929081168474,0.06968878697403438,0
1596160299.9715028,28.747399433341325,0.06968878697403438,0
1596160299.9815028,30.544436557975114,0.06968878697403438,0
1596160299.9915028,32.34585104772121,0.06968878697403438,0
1596160300.0015028,34.14537726232082,0.06968878697403438,0
1596160300.0115027,35.94571886846096,0.06968878697403438,0
1596160300.0215027,37.745760067191426,0.06968878697403438,0
1596160300.0315027,39.54601584264309,0.06968878697403438,0
1596160300.0415027,41.34545622655422,0.06968878697403438,0
1596160300.0515027,43.147085293021505,0.06968878697403438,0
1596160300.0615027,44.94450865575344,0.06968878697403438,0
1596160300.0715027,46.74682436772853,0.06968878697403438,0
1596160300.0815027,48.54437647649318,0.06968878697403438,0
1596160300.0854254,49.250033481803236,0.06968878697403438,0
1596160300.0854254,360.0,1.7960774898529053,0
1596160300.085525,360,1.7960774898529053,1
1596160300.085525,0,0,0
1596160300.0942864,1.5770530700683594,0,0
1596160300.0942864,18.59500474671623,0.09454417598137707,0
1596160300.095525,18.820353219311446,0.09454417598137707,0
1596160300.105525,20.618591973583907,0.09454417598137707,0
1596160300.115525,22.41901941041252,0.09454417598137707,0
1596160300.125525,24.220905968945235,0.09454417598137707,0
1596160300.135525,26.019616792004317,0.09454417598137707,0
1596160300.145525,27.820130059521407,0.09454417598137707,0
1596160300.155525,29.62107248048088,0.09454417598137707,0
1596160300.165525,31.419740388195724,0.09454417598137707,0
1596160300.175525,33.22059697846672,0.09454417598137707,0
1596160300.185525,35.02016610841057,0.09454417598137707,0
1596160300.195525,36.81947774628899,0.09454417598137707,0
1596160300.205525,38.621364304821704,0.09454417598137707,0
1596160300.215525,40.421362588207934,0.09454417598137707,0
1596160300.225525,42.21818513612053,0.09454417598137707,0
1596160300.235525,44.0187842343261,0.09454417598137707,0
1596160300.245525,45.81895417908928,0.09454417598137707,0
1596160300.2555249,47.62045449952385,0.09454417598137707,0
1596160300.2655249,49.42049569825432,0.09454417598137707,0
1596160300.2755249,51.22027940491936,0.09454417598137707,0
1596160300.2855248,53.02147931794426,0.09454417598137707,0
1596160300.2955248,54.81885976533196,0.09454417598137707,0
1596160300.3055248,56.62036008576653,0.09454417598137707,0
1596160300.3155248,58.420186707775805,0.09454417598137707,0
1596160300.3255248,60.22181577424309,0.09454417598137707,0
1596160300.3355248,62.019968697827075,0.09454417598137707,0
1596160300.3455248,63.819451997082446,0.09454417598137707,0
1596160300.3555248,65.62005109528802,0.09454417598137707,0
1596160300.3606734,66.54466218690179,0.09454417598137707,0
1596160300.3606734,360.0,1.7248516082763672,0
1596160300.360756,360,1.7248516082763672,1
1596160300.360756,0,0,0
1596160300.3670335,1.1299610137939453,0,0
1596160300.3670335,13.666630152019628,0.06964816187903157,0
1596160300.370756,14.339843157085546,0.06964816187903157,0
1596160300.380756,16.137695673259863,0.06964816187903157,0
1596160300.390756,17.938166025432714,0.06964816187903157,0
1596160300.400756,19.73704850986875,0.06964816187903157,0
1596160300.4107559,21.538849237712988,0.06964816187903157,0
1596160300.4207559,23.339577081951266,0.06964816187903157,0
1596160300.4221654,23.59037435367978,0.06964816187903157,0
1596160300.4221654,261.2517279796965,1.3899890153569026,0
1596160300.4285328,262.39786807826835,1.3899890153569026,0
1596160300.4285328,360.0,1.9322230815887451,0
1596160300.428612,360,1.9322230815887451,1
1596160300.428612,0,0,0
1596160300.438612,1.8024015426635742,0,0
1596160300.448612,3.6002111434936523,0,0
1596160300.458612,5.400724411010742,0,0
1596160300.468612,7.202138900756836,0,0
1596160300.478612,9.001193046569824,0,0
1596160300.488612,10.800890922546387,0,0
1596160300.498612,12.60183334350586,0,0
1596160300.508612,14.401144981384277,0,0
1596160300.518612,16.200671195983887,0,0
1596160300.528612,18.000669479370117,0,0
1596160300.538612,19.803156852722168,0,0
1596160300.5486119,21.602425575256348,0,0
1596160300.5586119,23.401436805725098,0,0
1596160300.5686119,25.20237922668457,0,0
1596160300.5786119,27.002334594726562,0,0
1596160300.5886118,28.80168914794922,0,0
1596160300.5986118,30.6024169921875,0,0
1596160300.6086118,32.40151405334473,0,0
1596160300.6149147,33.53447914123535,0,0
1596160300.6149147,360.0,1.813697338104248,0
1596160300.615,360,1.813697338104248,1
1596160300.615,0,0,0
1596160300.6212869,1.1316347122192383,0,0
1596160300.6212869,13.68507962496963,0.06974136062639107,0
1596160300.625,14.354773571808009,0.06974136062639107,0
1596160300.635,16.153999378997952,0.06974136062639107,0
1596160300.645,17.953740170318753,0.06974136062639107,0
1596160300.655,19.75657086642471,0.06974136062639107,0
1596160300.665,21.553779652435452,0.06974136062639107,0
1596160300.675,23.355279972870022,0.06974136062639107,0
1596160300.685,25.155192425567776,0.06974136062639107,0
1596160300.695,26.953903248626858,0.06974136062639107,0
1596160300.705,28.754030278045803,0.06974136062639107,0
1596160300.715,30.555788090545803,0.06974136062639107,0
1596160300.725,32.353983929474026,0.06974136062639107,0
1596160300.735,34.15432553561416,0.06974136062639107,0
1596160300.745,35.95535378726211,0.06974136062639107,0
1596160300.7549999,37.75449376376358,0.06974136062639107,0
1596160300.7649999,39.556766560394436,0.06974136062639107,0
1596160300.7749999,41.35672192843643,0.06974136062639107,0
1596160300.7849998,43.15375905307022,0.06974136062639107,0
1596160300.7949998,44.955302288849026,0.06974136062639107,0
1596160300.8049998,46.753841450531155,0.06974136062639107,0
1596160300.8149998,48.554569294769436,0.06974136062639107,0
1596160300.8249998,50.354610493499905,0.06974136062639107,0
1596160300.8349998,52.154394200164944,0.06974136062639107,0
1596160300.8449998,53.954649975616604,0.06974136062639107,0
1596160300.8549998,55.75409035952774,0.06974136062639107,0
1596160300.8649998,57.553874066192776,0.06974136062639107,0
1596160300.8676608,58.03238015444961,0.06974136062639107,0
1596160300.8676608,360.0,1.7473392486572266,0
1596160300.867743,360,1.7473392486572266,1
1596160300.867743,0,0,0
1596160300.8740337,1.1323213577270508,0,0
1596160300.8740337,13.692648639513232,0.06977959600992323,0
1596160300.877743,14.363072147203662,0.06977959600992323,0
1596160300.887743,16.16208337767241,0.06977959600992323,0
1596160300.897743,17.962682475877976,0.06977959600992323,0
1596160300.907743,19.76336740477202,0.06977959600992323,0
1596160300.917743,21.56113409025786,0.06977959600992323,0
1596160300.927743,23.361261119676804,0.06977959600992323,0
1596160300.937743,25.162461032701707,0.06977959600992323,0
1596160300.947743,26.961000194383836,0.06977959600992323,0
1596160300.957743,28.76044057829497,0.06977959600992323,0
1596160300.967743,30.56086801512358,0.06977959600992323,0
1596160300.977743,32.361552944017625,0.06977959600992323,0
1596160300.987743,34.163267841173386,0.06977959600992323,0
1596160300.997743,35.96051954252837,0.06977959600992323,0
1596160301.007743,37.76111864073393,0.06977959600992323,0
1596160301.0177429,39.56296228392241,0.06977959600992323,0
1596160301.0277429,41.36253141386626,0.06977959600992323,0
1596160301.0377429,43.162830104662156,0.06977959600992323,0
1596160301.0477428,44.96201299650786,0.06977959600992323,0
1596160301.0577428,46.76355623228667,0.06977959600992323,0
1596160301.0677428,48.56226705534575,0.06977959600992323,0
1596160301.0777428,50.361664523912644,0.06977959600992323,0
1596160301.0877428,52.16260694487212,0.06977959600992323,0
1596160301.0879116,52.19067358000395,0.06977959600992323,0
1596160301.0879116,360.0,1.7798314094543457,0
1596160301.0879943,360,1.7798314094543457,1
1596160301.0879943,0,0,0
1596160301.0942898,1.1331796646118164,0,0
1596160301.0942898,13.702109907692723,0.06982739023933837,0
1596160301.0979943,14.370430563515477,0.06982739023933837,0
1596160301.1079943,16.171544645851903,0.06982739023933837,0
1596160301.1179943,17.969225500649266,0.06982739023933837,0
1596160301.1279943,19.769009207314305,0.06982739023933837,0
1596160301.1379943,21.569093321389012,0.06982739023933837,0
1596160301.1479943,23.37110862595444,0.06982739023933837,0
1596160301.1579943,25.171965216225438,0.06982739023933837,0
1596160301.1679943,26.97089061600571,0.06982739023933837,0
1596160301.1779943,28.771618460243992,0.06982739023933837,0
1596160301.1879942,30.5717025743187,0.06982739023933837,0
1596160301.1979942,32.369555090493016,0.06982739023933837,0
1596160301.2079942,34.17088374955063,0.06982739023933837,0
1596160301.2179942,35.97045287949448,0.06982739023933837,0
1596160301.2279942,37.76929244858628,0.06982739023933837,0
1596160301.2379942,39.57225189072495,0.06982739023933837,0
1596160301.2479942,41.37220725876694,0.06982739023933837,0
1596160301.256905,42.972863768166356,0.06982739023933837,0
1596160301.256905,360.0,1.8310892581939697,0
1596160301.2569861,360,1.8310892581939697,1
1596160301.2569861,0,0,0
1596160301.2669861,1.802229881286621,0,0
1596160301.2670407,1.8098258972167969,0,0
1596160301.2670407,21.16090067699405,0.10750597099876251,0
1596160301.2769861,22.95338877513858,0.10750597099876251,0
1596160301.286986,24.754116619376862,0.10750597099876251,0
1596160301.296986,26.55269869640323,0.10750597099876251,0
1596160301.305905,28.15648802593204,0.10750597099876251,0
1596160301.305905,311.58480436299266,1.682107728426877,0
1596160301.306986,311.78208620045604,1.682107728426877,0
1596160301.316986,313.58105451558055,1.682107728426877,0
1596160301.326986,315.3808811375898,1.682107728426877,0
1596160301.336986,317.1819093892378,1.682107728426877,0
1596160301.346986,318.9795473286909,1.682107728426877,0
1596160301.356986,320.78023225758494,1.682107728426877,0
1596160301.366986,322.58246213887156,1.682107728426877,0
1596160301.376986,324.38173086140574,1.682107728426877,0
1596160301.386986,326.1823299596113,1.682107728426877,0
1596160301.396986,327.9803541371626,1.682107728426877,0
1596160301.406986,329.7824981877607,1.682107728426877,0
1596160301.416986,331.5822389790815,1.682107728426877,0
1596160301.426986,333.38232309315623,1.682107728426877,0
1596160301.436986,335.1809051701826,1.682107728426877,0
1596160301.446986,336.98111803029,1.682107728426877,0
1596160301.456986,338.7795713612837,1.682107728426877,0
1596160301.466986,340.5826166341108,1.682107728426877,0
1596160301.476986,342.3823145100874,1.682107728426877,0
1596160301.486986,344.1823127934736,1.682107728426877,0
1596160301.496986,345.9804657170576,1.682107728426877,0
1596160301.506986,347.7818802068037,1.682107728426877,0
1596160301.516986,349.5812776753706,1.682107728426877,0
1596160301.526986,351.38054639790477,1.682107728426877,0
1596160301.5369859,353.17938596699656,1.682107728426877,0
1596160301.5469859,354.9819591710371,1.682107728426877,0
1596160301.5569859,356.7801120946211,1.682107728426877,0
1596160301.5669858,358.5825565526289,1.682107728426877,0
1596160301.5748942,360,1.682107728426877,1
1596160301.5748942,0,0,0
1596160301.5848942,1.8013715744018555,0,0
1596160301.588564,2.4605512619018555,0,0
1596160301.588564,28.33396114727481,0.14374116602984974,0
1596160301.5899484,28.58317055126651,0.14374116602984974,0
1596160301.5899484,316.2882010982917,1.7421024468466566,0
1596160301.5948942,317.1812264965461,1.7421024468466566,0
1596160301.6048942,318.98156810268625,1.7421024468466566,0
1596160301.6148942,320.77972102627024,1.7421024468466566,0
1596160301.6163135,321.0339086101936,1.7421024468466566,0
1596160301.6163135,360.0,1.958580732345581,0
1596160301.6164875,360,1.958580732345581,1
1596160301.6164875,0,0,0
1596160301.6264875,1.8007278442382812,0,0
1596160301.6364875,3.60201358795166,0,0
1596160301.6464875,5.400209426879883,0,0
1596160301.6564875,7.202439308166504,0,0
1596160301.6664875,9.002437591552734,0,0
1596160301.6764874,10.80054759979248,0,0
1596160301.6864874,12.603034973144531,0,0
1596160301.6964874,14.401702880859375,0,0
1596160301.7064874,16.20260238647461,0,0
1596160301.7164874,18.000154495239258,0,0
1596160301.7264874,19.80109691619873,0,0
1596160301.7364874,21.601996421813965,0,0
1596160301.7464874,23.400578498840332,0,0
1596160301.7564874,25.20040512084961,0,0
1596160301.7664874,27.00139045715332,0,0
1596160301.7764874,28.800787925720215,0,0
1596160301.7864873,30.603318214416504,0,0
1596160301.7964873,32.40314483642578,0,0
1596160301.8064873,34.20249938964844,0,0
1596160301.8164873,36.00193977355957,0,0
1596160301.8264873,37.80146598815918,0,0
1596160301.8364873,39.60172176361084,0,0
1596160301.8464873,41.401076316833496,0,0
1596160301.8564873,43.200087547302246,0,0
1596160301.8664873,45.001158714294434,0,0
1596160301.8764873,46.8002986907959,0,0
1596160301.8864872,48.602871894836426,0,0
1596160301.8964872,50.400123596191406,0,0
1596160301.9064872,52.201924324035645,0,0
1596160301.9164872,54.00252342224121,0,0
1596160301.9264872,55.80286502838135,0,0
1596160301.9364872,57.60234832763672,0,0
1596160301.9464872,59.40024375915527,0,0
1596160301.9564872,61.200714111328125,0,0
1596160301.9664872,63.00277233123779,0,0
1596160301.9764872,64.80216979980469,0,0
1596160301.9864872,66.60109519958496,0,0
1596160301.9964871,68.40096473693848,0,0
