Type = Mirollor Strogatz (-ish),Function = Peskin,Refract =0.05,Epsilon =0.3,Gamma =3,Start_phase =46
Timestamp,Phase,Offset,Ping?
1596167563,46,0,0
1596167563.01,47.79476261138916,0.25555555555555554,0
1596167563.02,49.59471797943115,0.25555555555555554,0
1596167563.03,51.3972053527832,0.25555555555555554,0
1596167563.04,53.193899154663086,0.25555555555555554,0
1596167563.05,54.99677276611328,0.25555555555555554,0
1596167563.06,56.794968605041504,0.25555555555555554,0
1596167563.07,58.595181465148926,0.25555555555555554,0
1596167563.08,60.396939277648926,0.25555555555555554,0
1596167563.09,62.19457721710205,0.25555555555555554,0
1596167563.1,63.995004653930664,0.25555555555555554,0
1596167563.11,65.7968053817749,0.25555555555555554,0
1596167563.12,67.59491539001465,0.25555555555555554,0
1596167563.1299999,69.39384078979492,0.25555555555555554,0
1596167563.1399999,71.19555568695068,0.25555555555555554,0
1596167563.1499999,72.99405193328857,0.25555555555555554,0
1596167563.1599998,74.79641056060791,0.25555555555555554,0
1596167563.1699998,76.59426307678223,0.25555555555555554,0
1596167563.1799998,78.39675045013428,0.25555555555555554,0
1596167563.1899998,80.19456005096436,0.25555555555555554,0
1596167563.1999998,81.9955883026123,0.25555555555555554,0
1596167563.2099998,83.79661655426025,0.25555555555555554,0
1596167563.2199998,85.59421157836914,0.25555555555555554,0
1596167563.2299998,87.39425277709961,0.25555555555555554,0
1596167563.2399998,89.19395065307617,0.25555555555555554,0
1596167563.2499998,90.99476432800293,0.25555555555555554,0
1596167563.2599998,92.7948055267334,0.25555555555555554,0
1596167563.2699997,94.59416007995605,0.25555555555555554,0
1596167563.2799997,96.395188331604,0.25555555555555554,0
1596167563.2899997,98.19531536102295,0.25555555555555554,0
1596167563.2999997,99.99677276611328,0.25555555555555554,0
1596167563.3099997,101.7966423034668,0.25555555555555554,0
1596167563.3199997,103.59715557098389,0.25555555555555554,0
1596167563.3299997,105.39505100250244,0.25555555555555554,0
1596167563.3399997,107.19513511657715,0.25555555555555554,0
1596167563.3499997,108.99474716186523,0.25555555555555554,0
1596167563.3599997,110.79405879974365,0.25555555555555554,0
1596167563.3699996,112.59688949584961,0.25555555555555554,0
1596167563.3799996,114.39723110198975,0.25555555555555554,0
1596167563.3899996,116.1942253112793,0.25555555555555554,0
1596167563.3999996,117.99611186981201,0.25555555555555554,0
1596167563.4099996,119.79499435424805,0.25555555555555554,0
1596167563.4199996,121.59409141540527,0.25555555555555554,0
1596167563.4299996,123.39705085754395,0.25555555555555554,0
1596167563.4399996,125.19623374938965,0.25555555555555554,0
1596167563.4499996,126.9958028793335,0.25555555555555554,0
1596167563.4599996,128.79537200927734,0.25555555555555554,0
1596167563.4699996,130.59421157836914,0.25555555555555554,0
1596167563.4799995,132.39451026916504,0.25555555555555554,0
1596167563.4899995,134.19669723510742,0.25555555555555554,0
1596167563.4999995,135.99648094177246,0.25555555555555554,0
1596167563.5099995,137.79579257965088,0.25555555555555554,0
1596167563.5199995,139.5939884185791,0.25555555555555554,0
1596167563.5299995,141.39458751678467,0.25555555555555554,0
1596167563.5399995,143.19651699066162,0.25555555555555554,0
1596167563.5499995,144.99394035339355,0.25555555555555554,0
1596167563.5599995,146.79582691192627,0.25555555555555554,0
1596167563.5699995,148.5954818725586,0.25555555555555554,0
1596167563.5799994,150.39453601837158,0.25555555555555554,0
1596167563.5899994,152.1959934234619,0.25555555555555554,0
1596167563.5999994,153.9969358444214,0.25555555555555554,0
1596167563.6099994,155.7968053817749,0.25555555555555554,0
1596167563.6199994,157.59615993499756,0.25555555555555554,0
1596167563.6299994,159.39444160461426,0.25555555555555554,0
1596167563.6399994,161.1958990097046,0.25555555555555554,0
1596167563.6499994,162.99456691741943,0.25555555555555554,0
1596167563.6599994,164.794264793396,0.25555555555555554,0
1596167563.6699994,166.5955934524536,0.25555555555555554,0
1596167563.6799994,168.39383220672607,0.25555555555555554,0
1596167563.6899993,170.1964054107666,0.25555555555555554,0
1596167563.6999993,171.99687576293945,0.25555555555555554,0
1596167563.7099993,173.79558658599854,0.25555555555555554,0
1596167563.7199993,175.59558486938477,0.25555555555555554,0
1596167563.7299993,177.39622688293457,0.25555555555555554,0
1596167563.7399993,179.19605350494385,0.25555555555555554,0
1596167563.7499993,180.9951934814453,0.25555555555555554,0
1596167563.7599993,182.7950201034546,0.25555555555555554,0
1596167563.7699993,184.59373092651367,0.25555555555555554,0
1596167563.7799993,186.39441585540771,0.25555555555555554,0
1596167563.7899992,188.1957015991211,0.25555555555555554,0
1596167563.7999992,189.99449825286865,0.25555555555555554,0
1596167563.8099992,191.79578399658203,0.25555555555555554,0
1596167563.8199992,193.5943660736084,0.25555555555555554,0
1596167563.8299992,195.39453601837158,0.25555555555555554,0
1596167563.8399992,197.1962080001831,0.25555555555555554,0
1596167563.8499992,198.99410343170166,0.25555555555555554,0
1596167563.8599992,200.79491710662842,0.25555555555555554,0
1596167563.8699992,202.59392833709717,0.25555555555555554,0
1596167563.8799992,204.39710235595703,0.25555555555555554,0
1596167563.8899992,206.19667148590088,0.25555555555555554,0
1596167563.8999991,207.994309425354,0.25555555555555554,0
1596167563.9099991,209.79465103149414,0.25555555555555554,0
1596167563.9199991,211.59555053710938,0.25555555555555554,0
1596167563.929999,213.39400386810303,0.25555555555555554,0
1596167563.939999,215.19430255889893,0.25555555555555554,0
1596167563.949999,216.99571704864502,0.25555555555555554,0
1596167563.959999,218.79708862304688,0.25555555555555554,0
1596167563.969999,220.5968723297119,0.25555555555555554,0
1596167563.979999,222.39691352844238,0.25555555555555554,0
1596167563.989999,224.19433689117432,0.25555555555555554,0
1596167563.999999,225.9950647354126,0.25555555555555554,0
1596167564.009999,227.79574966430664,0.25555555555555554,0
1596167564.019999,229.59506130218506,0.25555555555555554,0
1596167564.029999,231.39390087127686,0.25555555555555554,0
1596167564.039999,233.19600200653076,0.25555555555555554,0
1596167564.049999,234.99458408355713,0.25555555555555554,0
1596167564.059999,236.79561233520508,0.25555555555555554,0
1596167564.069999,238.5958251953125,0.25555555555555554,0
1596167564.079999,240.3942356109619,0.25555555555555554,0
1596167564.089999,242.1960792541504,0.25555555555555554,0
1596167564.099999,243.99431800842285,0.25555555555555554,0
1596167564.109999,245.79598999023438,0.25555555555555554,0
1596167564.119999,247.5939712524414,0.25555555555555554,0
1596167564.129999,249.39375495910645,0.25555555555555554,0
1596167564.139999,251.19607067108154,0.25555555555555554,0
1596167564.149999,252.99568271636963,0.25555555555555554,0
1596167564.159999,254.79675388336182,0.25555555555555554,0
1596167564.169999,256.5939197540283,0.25555555555555554,0
1596167564.1799989,258.39546298980713,0.25555555555555554,0
1596167564.1899989,260.193959236145,0.25555555555555554,0
1596167564.1999989,261.99700450897217,0.25555555555555554,0
1596167564.2099988,263.7949857711792,0.25555555555555554,0
1596167564.2199988,265.59670066833496,0.25555555555555554,0
1596167564.2299988,267.39442443847656,0.25555555555555554,0
1596167564.2399988,269.19450855255127,0.25555555555555554,0
1596167564.2499988,270.9940776824951,0.25555555555555554,0
1596167564.2599988,272.7970371246338,0.25555555555555554,0
1596167564.2699988,274.5937738418579,0.25555555555555554,0
1596167564.2799988,276.396089553833,0.25555555555555554,0
1596167564.2899988,278.19578742980957,0.25555555555555554,0
1596167564.2999988,279.996000289917,0.25555555555555554,0
1596167564.305234,280.93597507476807,0.25555555555555554,0
1596167564.305234,280.93597507476807,0.25555555555555554,0
1596167564.3099988,281.79466819763184,0.25555555555555554,0
1596167564.3199987,283.595009803772,0.25555555555555554,0
1596167564.3299987,285.3957805633545,0.25555555555555554,0
1596167564.3399987,287.19693756103516,0.25555555555555554,0
1596167564.3499987,288.99444675445557,0.25555555555555554,0
1596167564.3599987,290.79474544525146,0.25555555555555554,0
1596167564.3699987,292.5969753265381,0.25555555555555554,0
1596167564.3799987,294.39680194854736,0.25555555555555554,0
1596167564.3899987,296.1966714859009,0.25555555555555554,0
1596167564.3999987,297.9955539703369,0.25555555555555554,0
1596167564.4099987,299.79568099975586,0.25555555555555554,0
1596167564.4199986,301.5939197540283,0.25555555555555554,0
1596167564.4299986,303.39524841308594,0.25555555555555554,0
1596167564.4399986,305.1943025588989,0.25555555555555554,0
1596167564.4499986,306.9936571121216,0.25555555555555554,0
1596167564.4599986,308.7952003479004,0.25555555555555554,0
1596167564.4699986,310.5962715148926,0.25555555555555554,0
1596167564.4799986,312.39472484588623,0.25555555555555554,0
1596167564.4899986,314.19652557373047,0.25555555555555554,0
1596167564.4999986,315.99635219573975,0.25555555555555554,0
1596167564.5099986,317.79643630981445,0.25555555555555554,0
1596167564.5199986,319.5967779159546,0.25555555555555554,0
1596167564.5299985,321.39634704589844,0.25555555555555554,0
1596167564.5399985,323.19385623931885,0.25555555555555554,0
1596167564.5499985,324.9959144592285,0.25555555555555554,0
1596167564.5599985,326.79479694366455,0.25555555555555554,0
1596167564.5699985,328.593936920166,0.25555555555555554,0
1596167564.5799985,330.3946647644043,0.25555555555555554,0
1596167564.5899985,332.1940622329712,0.25555555555555554,0
1596167564.5999985,333.99667835235596,0.25555555555555554,0
1596167564.6099985,335.79538917541504,0.25555555555555554,0
1596167564.6199985,337.59624576568604,0.25555555555555554,0
1596167564.6299984,339.39396953582764,0.25555555555555554,0
1596167564.6399984,341.1962423324585,0.25555555555555554,0
1596167564.640346,341.25615215301514,0.25555555555555554,0
1596167564.640346,341.25615215301514,0.25555555555555554,0
1596167564.6499984,342.9955539703369,0.25555555555555554,0
1596167564.6599984,344.7953805923462,0.25555555555555554,0
1596167564.6699984,346.59396266937256,0.25555555555555554,0
1596167564.6799984,348.3951196670532,0.25555555555555554,0
1596167564.6899984,350.1943883895874,0.25555555555555554,0
1596167564.6999984,351.9951591491699,0.25555555555555554,0
1596167564.7099984,353.79382705688477,0.25555555555555554,0
1596167564.7199984,355.5943832397461,0.25555555555555554,0
1596167564.7299984,357.3961410522461,0.25555555555555554,0
1596167564.7399983,359.1937789916992,0.25555555555555554,0
1596167564.7444866,360,0.25555555555555554,1
1596167564.7444866,0,0,0
1596167564.7544866,1.8001270294189453,0,0
1596167564.7644866,3.6011123657226562,0,0
1596167564.7744865,5.40252685546875,0,0
1596167564.7844865,7.2019243240356445,0,0
1596167564.7944865,9.002737998962402,0,0
1596167564.8044865,10.802907943725586,0,0
1596167564.8144865,12.602262496948242,0,0
1596167564.8244865,14.401402473449707,0,0
1596167564.8344865,16.200542449951172,0,0
1596167564.8444865,18.00058364868164,0,0
1596167564.8544865,19.80259895324707,0,0
1596167564.8644865,21.6031551361084,0,0
1596167564.8744864,23.40165138244629,0,0
1596167564.8844864,25.202207565307617,0,0
1596167564.8944864,27.000746726989746,0,0
1596167564.9044864,28.800787925720215,0,0
1596167564.9144864,30.600528717041016,0,0
1596167564.9244864,32.401814460754395,0,0
1596167564.9344864,34.20116901397705,0,0
1596167564.9444864,36.00193977355957,0,0
1596167564.9544864,37.801551818847656,0,0
1596167564.9644864,39.602580070495605,0,0
1596167564.9744864,41.40300750732422,0,0
1596167564.9844863,43.20090293884277,0,0
1596167564.9944863,45.00120162963867,0,0
1596167565.0044863,46.80098533630371,0,0
1596167565.0144863,48.60085487365723,0,0
1596167565.0244863,50.40274143218994,0,0
1596167565.0344863,52.20304012298584,0,0
1596167565.0444863,54.00029182434082,0,0
1596167565.0544863,55.803465843200684,0,0
1596167565.0644863,57.600674629211426,0,0
1596167565.0744863,59.40007209777832,0,0
1596167565.0844862,61.20084285736084,0,0
1596167565.0944862,63.001999855041504,0,0
1596167565.1044862,64.8022985458374,0,0
1596167565.1144862,66.60139560699463,0,0
1596167565.1244862,68.40147972106934,0,0
1596167565.1344862,70.20250797271729,0,0
1596167565.1444862,72.0000171661377,0,0
1596167565.1544862,73.80207538604736,0,0
1596167565.1644862,75.6003999710083,0,0
1596167565.1744862,77.4001407623291,0,0
1596167565.1844862,79.20048236846924,0,0
1596167565.1944861,81.00026607513428,0,0
1596167565.2044861,82.80150890350342,0,0
1596167565.2144861,84.60090637207031,0,0
1596167565.224486,86.40300750732422,0,0
1596167565.234486,88.20111751556396,0,0
1596167565.244486,90.00064373016357,0,0
1596167565.254486,91.80089950561523,0,0
1596167565.264486,93.60051155090332,0,0
1596167565.274486,95.40261268615723,0,0
1596167565.284486,97.20329761505127,0,0
1596167565.294486,99.00115013122559,0,0
1596167565.304486,100.80299377441406,0,0
1596167565.314486,102.60230541229248,0,0
1596167565.324486,104.402174949646,0,0
1596167565.334486,106.20294570922852,0,0
1596167565.344486,108.00230026245117,0,0
1596167565.354486,109.80178356170654,0,0
1596167565.364486,111.60191059112549,0,0
1596167565.374486,113.40040683746338,0,0
1596167565.384486,115.19989013671875,0,0
1596167565.394486,116.99997425079346,0,0
1596167565.404486,118.8017749786377,0,0
1596167565.414486,120.60173034667969,0,0
1596167565.424486,122.40052700042725,0,0
1596167565.434486,124.20232772827148,0,0
1596167565.444486,126.00065231323242,0,0
1596167565.454486,127.80172348022461,0,0
1596167565.464486,129.60034847259521,0,0
1596167565.4744859,131.40111923217773,0,0
1596167565.4844859,133.2017183303833,0,0
1596167565.4944859,135.00231742858887,0,0
1596167565.5044858,136.80128574371338,0,0
1596167565.5144858,138.60257148742676,0,0
1596167565.5244858,140.4010248184204,0,0
1596167565.5344858,142.2032117843628,0,0
1596167565.5444858,144.00089263916016,0,0
1596167565.5544858,145.8032512664795,0,0
1596167565.5644858,147.60015964508057,0,0
1596167565.5744858,149.40097332000732,0,0
1596167565.5844858,151.2022590637207,0,0
1596167565.5944858,153.00302982330322,0,0
1596167565.6044858,154.8031997680664,0,0
1596167565.6144857,156.60216808319092,0,0
1596167565.6244857,158.40044975280762,0,0
1596167565.6344857,160.2029800415039,0,0
1596167565.6444857,162.0018196105957,0,0
1596167565.6544857,163.80147457122803,0,0
1596167565.6644857,165.60082912445068,0,0
1596167565.6744857,167.40198612213135,0,0
1596167565.6844857,169.20116901397705,0,0
1596167565.6944857,171.0018539428711,0,0
1596167565.7044857,172.80009269714355,0,0
1596167565.7144856,174.60215091705322,0,0
1596167565.7244856,176.40335083007812,0,0
1596167565.7344856,178.20270538330078,0,0
1596167565.7444856,180.0020170211792,0,0
1596167565.7544856,181.802659034729,0,0
1596167565.7644856,183.60231399536133,0,0
1596167565.7744856,185.40081024169922,0,0
1596167565.7844856,187.20055103302002,0,0
1596167565.7944856,189.00230884552002,0,0
1596167565.8042057,190.7494354248047,0,0
1596167565.8042057,190.7494354248047,0.0,0
1596167565.8044856,190.80295085906982,0.0,0
1596167565.8144855,192.60037422180176,0.0,0
1596167565.8244855,194.40277576446533,0.0,0
1596167565.8344855,196.20311737060547,0.0,0
1596167565.8444855,198.00169944763184,0.0,0
1596167565.8544855,199.80032444000244,0.0,0
1596167565.8644855,201.60109519958496,0.0,0
1596167565.8744855,203.4021234512329,0.0,0
1596167565.8844855,205.20092010498047,0.0,0
1596167565.8944855,207.00194835662842,0.0,0
1596167565.9044855,208.8006591796875,0.0,0
1596167565.9144855,210.60014247894287,0.0,0
1596167565.9244854,212.40198612213135,0.0,0
1596167565.9344854,214.1998815536499,0.0,0
1596167565.9444854,216.00009441375732,0.0,0
1596167565.9544854,217.8027105331421,0.0,0
1596167565.9644854,219.60210800170898,0.0,0
1596167565.9744854,221.40210628509521,0.0,0
1596167565.9844854,223.20107460021973,0.0,0
1596167565.9944854,225.00030040740967,0.0,0
1596167566.0044854,226.8028736114502,0.0,0
1596167566.0144854,228.60076904296875,0.0,0
1596167566.0244853,230.40072441101074,0.0,0
1596167566.0344853,232.1998643875122,0.0,0
1596167566.0444853,234.00209426879883,0.0,0
1596167566.0544853,235.80059051513672,0.0,0
1596167566.0644853,237.602219581604,0.0,0
1596167566.0744853,239.4023895263672,0.0,0
1596167566.0844853,241.20311737060547,0.0,0
1596167566.0944853,243.00049781799316,0.0,0
1596167566.1044853,244.80212688446045,0.0,0
1596167566.1144853,246.60173892974854,0.0,0
1596167566.1244853,248.4001064300537,0.0,0
1596167566.1344852,250.20225048065186,0.0,0
1596167566.1444852,252.00083255767822,0.0,0
1596167566.1544852,253.8019895553589,0.0,0
1596167566.1644852,255.60142993927002,0.0,0
1596167566.1744852,257.4006128311157,0.0,0
1596167566.1844852,259.20073986053467,0.0,0
1596167566.1944852,260.9997510910034,0.0,0
1596167566.2044852,262.80232429504395,0.0,0
1596167566.2144852,264.6023225784302,0.0,0
1596167566.2244852,266.4008617401123,0.0,0
1596167566.2344851,268.20008754730225,0.0,0
1596167566.2444851,270.00025749206543,0.0,0
1596167566.2544851,271.8030881881714,0.0,0
1596167566.2644851,273.60209941864014,0.0,0
1596167566.274485,275.4012393951416,0.0,0
1596167566.284485,277.2014093399048,0.0,0
1596167566.294485,279.0019226074219,0.0,0
1596167566.304485,280.8014917373657,0.0,0
1596167566.314485,282.60106086730957,0.0,0
1596167566.324339,284.37342166900635,0.0,0
1596167566.324339,284.37342166900635,0.0,0
1596167566.324485,284.41144466400146,0.0,0
1596167566.334485,286.20221614837646,0.0,0
1596167566.344485,288.00307273864746,0.0,0
1596167566.354485,289.80032444000244,0.0,0
1596167566.364485,291.60264015197754,0.0,0
1596167566.374485,293.40306758880615,0.0,0
1596167566.384485,295.2007484436035,0.0,0
1596167566.394485,296.99997425079346,0.0,0
1596167566.404485,298.80117416381836,0.0,0
1596167566.414485,300.60147285461426,0.0,0
1596167566.424485,302.40121364593506,0.0,0
1596167566.434485,304.2029285430908,0.0,0
1596167566.444485,306.0017681121826,0.0,0
1596167566.454485,307.8006076812744,0.0,0
1596167566.464485,309.59970474243164,0.0,0
1596167566.474485,311.4018487930298,0.0,0
1596167566.484485,313.200945854187,0.0,0
1596167566.494485,315.0024890899658,0.0,0
1596167566.504485,316.8028736114502,0.0,0
1596167566.514485,318.6005115509033,0.0,0
1596167566.5244849,320.40093898773193,0.0,0
1596167566.5344849,322.1999931335449,0.0,0
1596167566.5444849,324.00243759155273,0.0,0
1596167566.5544848,325.80243587493896,0.0,0
1596167566.5644848,327.60294914245605,0.0,0
1596167566.5744848,329.4017457962036,0.0,0
1596167566.5844848,331.2006711959839,0.0,0
1596167566.5944848,333.0004119873047,0.0,0
1596167566.6044848,334.8007106781006,0.0,0
1596167566.6144848,336.6016101837158,0.0,0
1596167566.6244848,338.4005355834961,0.0,0
1596167566.6344848,340.20263671875,0.0,0
1596167566.6444848,342.00267791748047,0.0,0
1596167566.6544847,343.8012170791626,0.0,0
1596167566.6644847,345.6016445159912,0.0,0
1596167566.6744847,347.40241527557373,0.0,0
1596167566.6844847,349.2002248764038,0.0,0
1596167566.6944847,350.99979400634766,0.0,0
1596167566.7044847,352.8024959564209,0.0,0
1596167566.7144847,354.6028804779053,0.0,0
1596167566.7244847,356.40034675598145,0.0,0
1596167566.7344847,358.20055961608887,0.0,0
1596167566.7444987,360,0.0,1
1596167566.7444987,0,0,0
1596167566.7544987,1.8012428283691406,0,0
1596167566.7644987,3.601241111755371,0,0
1596167566.7744987,5.4015398025512695,0,0
1596167566.7844987,7.200121879577637,0,0
1596167566.7944987,9.000077247619629,0,0
1596167566.8044987,10.802993774414062,0,0
1596167566.8144987,12.601704597473145,0,0
1596167566.8244987,14.40131664276123,0,0
1596167566.8344986,16.203289031982422,0,0
1596167566.8444986,18.00307273864746,0,0
1596167566.8544986,19.80058193206787,0,0
1596167566.8644986,21.60182476043701,0,0
1596167566.8744986,23.400535583496094,0,0
1596167566.8844986,25.20212173461914,0,0
1596167566.8944986,27.001562118530273,0,0
1596167566.9044986,28.80018711090088,0,0
1596167566.9144986,30.601258277893066,0,0
1596167566.9244986,32.400784492492676,0,0
1596167566.9344985,34.200439453125,0,0
1596167566.9444985,36.003313064575195,0,0
1596167566.9544985,37.801551818847656,0,0
1596167566.9644985,39.60197925567627,0,0
1596167566.9744985,41.40090465545654,0,0
1596167566.9844985,43.20197582244873,0,0
1596167566.9944985,45.00120162963867,0,0
1596167567.0044985,46.80197238922119,0,0
1596167567.0094552,47.69216537475586,0,0
1596167567.0094552,123.83008205880581,0.42298842602249975,0
1596167567.0144985,124.74065983285367,0.42298842602249975,0
1596167567.0244985,126.53804028024136,0.42298842602249975,0
1596167567.0344985,128.33928310861052,0.42298842602249975,0
1596167567.0444984,130.1407834290451,0.42298842602249975,0
1596167567.0544984,131.9406529663986,0.42298842602249975,0
1596167567.0644984,133.73944962014616,0.42298842602249975,0
1596167567.0744984,135.53919041146696,0.42298842602249975,0
1596167567.0844984,137.34039032449186,0.42298842602249975,0
1596167567.0944984,139.14103233804167,0.42298842602249975,0
1596167567.1044984,140.93914234628141,0.42298842602249975,0
1596167567.1144984,142.74081432809294,0.42298842602249975,0
1596167567.1244984,144.53931057443083,0.42298842602249975,0
1596167567.1344984,146.33784973611296,0.42298842602249975,0
1596167567.1444983,148.13814842690886,0.42298842602249975,0
1596167567.1544983,149.9379321335739,0.42298842602249975,0
1596167567.1644983,151.73930370797575,0.42298842602249975,0
1596167567.1744983,153.53844368447722,0.42298842602249975,0
1596167567.1844983,155.34020149697722,0.42298842602249975,0
1596167567.1944983,157.14054310311735,0.42298842602249975,0
1596167567.2044983,158.93861019601286,0.42298842602249975,0
1596167567.2144983,160.7410975693649,0.42298842602249975,0
1596167567.2244983,162.53912174691618,0.42298842602249975,0
1596167567.2344983,164.33890545358122,0.42298842602249975,0
1596167567.2444983,166.13856041421354,0.42298842602249975,0
1596167567.2544982,167.94074738015593,0.42298842602249975,0
1596167567.2644982,169.7400161026901,0.42298842602249975,0
1596167567.2744982,171.53992855538786,0.42298842602249975,0
1596167567.2844982,173.34057056893766,0.42298842602249975,0
1596167567.2944982,175.13906681527556,0.42298842602249975,0
1596167567.3044982,176.94048130502165,0.42298842602249975,0
1596167567.3144982,178.73902046670378,0.42298842602249975,0
1596167567.3244982,180.54056370248256,0.42298842602249975,0
1596167567.3344982,182.3391028641647,0.42298842602249975,0
1596167567.3444982,184.14111816873012,0.42298842602249975,0
1596167567.3544981,185.93884193887172,0.42298842602249975,0
1596167567.3644981,187.7402564286178,0.42298842602249975,0
1596167567.3744981,189.53913891305385,0.42298842602249975,0
1596167567.3844981,191.3390513657516,0.42298842602249975,0
1596167567.394498,193.14007961739955,0.42298842602249975,0
1596167567.404498,194.94012081613002,0.42298842602249975,0
1596167567.414498,196.74020493020473,0.42298842602249975,0
1596167567.424498,198.53818619241176,0.42298842602249975,0
1596167567.434498,200.33814156045375,0.42298842602249975,0
1596167567.444498,202.13934147347865,0.42298842602249975,0
1596167567.454498,203.94109928597865,0.42298842602249975,0
1596167567.464498,205.73946678628383,0.42298842602249975,0
1596167567.474498,207.53886425485072,0.42298842602249975,0
1596167567.484498,209.33783256997523,0.42298842602249975,0
1596167567.494498,211.13804543008266,0.42298842602249975,0
1596167567.504498,212.94027531136928,0.42298842602249975,0
1596167567.514498,214.74074566354213,0.42298842602249975,0
1596167567.524498,216.54117310037074,0.42298842602249975,0
1596167567.534498,218.33876812447963,0.42298842602249975,0
1596167567.544498,220.13829433907924,0.42298842602249975,0
1596167567.554498,221.93953716744838,0.42298842602249975,0
1596167567.564498,223.73893463601527,0.42298842602249975,0
1596167567.574498,225.53786003579555,0.42298842602249975,0
1596167567.584498,227.33914577950893,0.42298842602249975,0
1596167567.594498,229.14047443856654,0.42298842602249975,0
1596167567.604498,230.93819820870814,0.42298842602249975,0
1596167567.614498,232.73862564553676,0.42298842602249975,0
1596167567.624498,234.5378514527267,0.42298842602249975,0
1596167567.634498,236.34046757211146,0.42298842602249975,0
1596167567.6444979,238.14063751687465,0.42298842602249975,0
1596167567.6544979,239.9384042023605,0.42298842602249975,0
1596167567.6644979,241.73887455453334,0.42298842602249975,0
1596167567.6744978,243.540932774443,0.42298842602249975,0
1596167567.6844978,245.3394290207809,0.42298842602249975,0
1596167567.6944978,247.13959896554408,0.42298842602249975,0
1596167567.7044978,248.93886768807826,0.42298842602249975,0
1596167567.7058263,249.17687618722377,0.42298842602249975,0
1596167567.7058263,249.17687618722377,0.42298842602249975,0
1596167567.7121973,250.32366001595912,0.42298842602249975,0
1596167567.7121973,250.32366001595912,0.42298842602249975,0
1596167567.7144978,250.73800766457973,0.42298842602249975,0
1596167567.7244978,252.53925049294887,0.42298842602249975,0
1596167567.7344978,254.33997833718715,0.42298842602249975,0
1596167567.7444978,256.1403628586715,0.42298842602249975,0
1596167567.7544978,257.93825829019005,0.42298842602249975,0
1596167567.7644978,259.7382565735763,0.42298842602249975,0
1596167567.7744977,261.53851234902794,0.42298842602249975,0
1596167567.7844977,263.3405705689376,0.42298842602249975,0
1596167567.7944977,265.1399680375045,0.42298842602249975,0
1596167567.8044977,266.9394942521041,0.42298842602249975,0
1596167567.8144977,268.73884880532677,0.42298842602249975,0
1596167567.8244977,270.5407353638595,0.42298842602249975,0
1596167567.8344977,272.33833038796837,0.42298842602249975,0
1596167567.8444977,274.1398736237472,0.42298842602249975,0
1596167567.8544977,275.94068729867394,0.42298842602249975,0
1596167567.8644977,277.7391406296676,0.42298842602249975,0
1596167567.8744977,279.54016888131554,0.42298842602249975,0
1596167567.8844976,281.3378497361129,0.42298842602249975,0
1596167567.8944976,283.1380196808761,0.42298842602249975,0
1596167567.9044976,284.93904793252403,0.42298842602249975,0
1596167567.9144976,286.7406340836471,0.42298842602249975,0
1596167567.9244976,288.5388299225753,0.42298842602249975,0
1596167567.9344976,290.34041607369835,0.42298842602249975,0
1596167567.9444976,292.13912689675743,0.42298842602249975,0
1596167567.9544976,293.9383527039474,0.42298842602249975,0
1596167567.9644976,295.74118340005333,0.42298842602249975,0
1596167567.9744976,297.5404092072433,0.42298842602249975,0
1596167567.9844975,299.3389483689254,0.42298842602249975,0
1596167567.9944975,301.1391183136886,0.42298842602249975,0
1596167568.0044975,302.9381724595016,0.42298842602249975,0
1596167568.0144975,304.73967277993614,0.42298842602249975,0
1596167568.0244975,306.5403577088302,0.42298842602249975,0
1596167568.0344975,308.33838188638146,0.42298842602249975,0
1596167568.0444975,310.1376935242599,0.42298842602249975,0
1596167568.0544975,311.93863594521935,0.42298842602249975,0
1596167568.0644975,313.7386342286056,0.42298842602249975,0
1596167568.0744975,315.53858959664757,0.42298842602249975,0
1596167568.0844975,317.33875954141075,0.42298842602249975,0
1596167568.0944974,319.1394444703048,0.42298842602249975,0
1596167568.1044974,320.939614415068,0.42298842602249975,0
1596167568.1144974,322.7380248307174,0.42298842602249975,0
1596167568.1244974,324.54064095010216,0.42298842602249975,0
1596167568.1344974,326.3405104874557,0.42298842602249975,0
1596167568.1444974,328.13943588723595,0.42298842602249975,0
1596167568.1544974,329.9377604721969,0.42298842602249975,0
1596167568.1644974,331.7398616074508,0.42298842602249975,0
1596167568.1744974,333.5396023987716,0.42298842602249975,0
1596167568.1844974,335.3408023117965,0.42298842602249975,0
1596167568.1944973,337.1407576798385,0.42298842602249975,0
1596167568.2044973,338.93899643411095,0.42298842602249975,0
1596167568.2144973,340.74032509316856,0.42298842602249975,0
1596167568.2244973,342.5394221543258,0.42298842602249975,0
1596167568.2344973,344.34057915200646,0.42298842602249975,0
1596167568.2444973,346.13808834542687,0.42298842602249975,0
1596167568.2544973,347.93804371346886,0.42298842602249975,0
1596167568.2644973,349.7403165100997,0.42298842602249975,0
1596167568.2744973,351.538340687651,0.42298842602249975,0
1596167568.2844973,353.34061348428185,0.42298842602249975,0
1596167568.2944973,355.140955090422,0.42298842602249975,0
1596167568.3044972,356.94022381295616,0.42298842602249975,0
1596167568.3144972,358.73829090585167,0.42298842602249975,0
1596167568.3215156,360,0.42298842602249975,1
1596167568.3215156,0,0,0
1596167568.3315156,1.8015432357788086,0,0
1596167568.3415155,3.600640296936035,0,0
1596167568.3515155,5.400381088256836,0,0
1596167568.3615155,7.202095985412598,0,0
1596167568.3715155,9.000163078308105,0,0
1596167568.3815155,10.801191329956055,0,0
1596167568.3915155,12.600288391113281,0,0
1596167568.4015155,14.402518272399902,0,0
1596167568.4115155,16.20311737060547,0,0
1596167568.4215155,18.000755310058594,0,0
1596167568.4315155,19.8013973236084,0,0
1596167568.4415154,21.600451469421387,0,0
1596167568.4515154,23.40010643005371,0,0
1596167568.4615154,25.202035903930664,0,0
1596167568.4715154,27.001347541809082,0,0
1596167568.4815154,28.802289962768555,0,0
1596167568.4915154,30.602030754089355,0,0
1596167568.5015154,32.40185737609863,0,0
1596167568.5115154,34.200096130371094,0,0
1596167568.5215154,36.00288391113281,0,0
1596167568.5315154,37.80288219451904,0,0
1596167568.5415154,39.60266590118408,0,0
1596167568.5515153,41.403136253356934,0,0
1596167568.5615153,43.20128917694092,0,0
1596167568.5715153,45.00094413757324,0,0
1596167568.5815153,46.8011999130249,0,0
1596167568.583567,47.1692419052124,0,0
1596167568.583567,122.8457206724682,0.42042488204031003,0
1596167568.5915153,124.2785352705517,0.42042488204031003,0
1596167568.6015153,126.07810440049555,0.42042488204031003,0
1596167568.6115153,127.87831726060297,0.42042488204031003,0
1596167568.6215153,129.6784013746777,0.42042488204031003,0
1596167568.6236947,130.06871643052486,0.42042488204031003,0
1596167568.6236947,360.0,1.6978209018707275,0
1596167568.6237757,360,1.6978209018707275,1
1596167568.6237757,0,0,0
1596167568.6337757,1.8029594421386719,0,0
1596167568.6437757,3.601713180541992,0,0
1596167568.6537757,5.400209426879883,0,0
1596167568.6637757,7.200894355773926,0,0
1596167568.6737757,9.00278091430664,0,0
1596167568.6837757,10.803122520446777,0,0
1596167568.6937757,12.60157585144043,0,0
1596167568.7037756,14.40084457397461,0,0
1596167568.7137756,16.202902793884277,0,0
1596167568.7237756,18.00006866455078,0,0
1596167568.7337756,19.80259895324707,0,0
1596167568.7437756,21.60191059112549,0,0
1596167568.7537756,23.400793075561523,0,0
1596167568.7637756,25.200233459472656,0,0
1596167568.7737756,27.001261711120605,0,0
1596167568.7837756,28.80216121673584,0,0
1596167568.7937756,30.601000785827637,0,0
1596167568.8037755,32.40065574645996,0,0
1596167568.8137755,34.202842712402344,0,0
1596167568.8237755,36.000351905822754,0,0
1596167568.8337755,37.800092697143555,0,0
1596167568.8437755,39.60322380065918,0,0
1596167568.8537755,41.40056133270264,0,0
1596167568.8637755,43.20150375366211,0,0
1596167568.8737755,45.00017166137695,0,0
1596167568.8837755,46.80167198181152,0,0
1596167568.8937755,48.601369857788086,0,0
1596167568.9037755,50.401926040649414,0,0
1596167568.9137754,52.20012187957764,0,0
1596167568.9237754,54.00286674499512,0,0
1596167568.9337754,55.8010196685791,0,0
1596167568.9437754,57.602434158325195,0,0
1596167568.9537754,59.40131664276123,0,0
1596167568.9637754,61.20285987854004,0,0
1596167568.9737754,63.002257347106934,0,0
1596167568.9837754,64.80332851409912,0,0
1596167568.9937754,66.60053730010986,0,0
1596167569.0037754,68.40049266815186,0,0
1596167569.0137753,70.20087718963623,0,0
1596167569.0237753,72.00250625610352,0,0
1596167569.0337753,73.80151748657227,0,0
1596167569.0437753,75.60031414031982,0,0
1596167569.0537753,77.40241527557373,0,0
1596167569.0637753,79.20035362243652,0,0
1596167569.0737753,81.00060939788818,0,0
1596167569.0837753,82.8022813796997,0,0
1596167569.0937753,84.6013355255127,0,0
1596167569.1037753,86.4025354385376,0,0
1596167569.1137753,88.20296287536621,0,0
1596167569.1237752,90.00072956085205,0,0
1596167569.1337752,91.80334568023682,0,0
1596167569.1437752,93.60106945037842,0,0
1596167569.1537752,95.39995193481445,0,0
1596167569.1637752,97.20059394836426,0,0
1596167569.1737752,99.00067806243896,0,0
1596167569.1837752,100.80295085906982,0,0
1596167569.1937752,102.60324954986572,0,0
1596167569.2037752,104.40088748931885,0,0
1596167569.2137752,106.20015621185303,0,0
1596167569.2237751,108.00341606140137,0,0
1596167569.2337751,109.80036735534668,0,0
1596167569.2437751,111.60264015197754,0,0
1596167569.2537751,113.40075016021729,0,0
1596167569.263775,115.20199298858643,0,0
1596167569.273775,117.00006008148193,0,0
1596167569.283775,118.80271911621094,0,0
1596167569.293775,120.60245990753174,0,0
1596167569.303775,122.39996910095215,0,0
1596167569.313775,124.2015552520752,0,0
1596167569.323775,126.00198268890381,0,0
1596167569.333775,127.80009269714355,0,0
1596167569.343775,129.60052013397217,0,0
1596167569.353775,131.40326499938965,0,0
1596167569.363775,133.2010316848755,0,0
1596167569.373775,135.00317573547363,0,0
1596167569.383775,136.80077075958252,0,0
1596167569.393775,138.60214233398438,0,0
1596167569.403775,140.4017972946167,0,0
1596167569.413775,142.2026538848877,0,0
1596167569.423775,144.00153636932373,0,0
1596167569.433775,145.8010196685791,0,0
1596167569.443775,147.60058879852295,0,0
1596167569.453775,149.40299034118652,0,0
1596167569.463775,151.20195865631104,0,0
1596167569.473775,153.00264358520508,0,0
1596167569.483775,154.8004961013794,0,0
1596167569.493775,156.60298347473145,0,0
1596167569.503775,158.40160846710205,0,0
1596167569.5137749,160.20122051239014,0,0
1596167569.5237749,162.00246334075928,0,0
1596167569.5337749,163.8024616241455,0,0
1596167569.5437748,165.60267448425293,0,0
1596167569.5537748,167.40267276763916,0,0
1596167569.5637748,169.20292854309082,0,0
1596167569.5737748,171.00279808044434,0,0
1596167569.5837748,172.8032684326172,0,0
1596167569.5937748,174.60142135620117,0,0
1596167569.6037748,176.4025354385376,0,0
1596167569.6137748,178.20098876953125,0,0
1596167569.6237748,180.00266075134277,0,0
1596167569.6337748,181.80205821990967,0,0
1596167569.6437747,183.59999656677246,0,0
1596167569.6537747,185.40042400360107,0,0
1596167569.6637747,187.20179557800293,0,0
1596167569.6737747,189.00175094604492,0,0
1596167569.6837747,190.802264213562,0,0
1596167569.6937747,192.60028839111328,0,0
1596167569.7037747,194.40294742584229,0,0
1596167569.7137747,196.203031539917,0,0
1596167569.7237747,198.00122737884521,0,0
1596167569.7337747,199.7999382019043,0,0
1596167569.7437747,201.6016960144043,0,0
1596167569.7537746,203.402681350708,0,0
1596167569.7637746,205.20315170288086,0,0
1596167569.7737746,207.00263500213623,0,0
1596167569.7837746,208.80306243896484,0,0
1596167569.7937746,210.6017303466797,0,0
1596167569.8037746,212.40198612213135,0,0
1596167569.8137746,214.20232772827148,0,0
1596167569.8237746,216.00266933441162,0,0
1596167569.8337746,217.80236721038818,0,0
1596167569.8437746,219.60150718688965,0,0
1596167569.8537745,221.4027500152588,0,0
1596167569.8637745,223.20257663726807,0,0
1596167569.8737745,225.0021457672119,0,0
1596167569.8837745,226.8011999130249,0,0
1596167569.8937745,228.60042572021484,0,0
1596167569.9037745,230.40106773376465,0,0
1596167569.9137745,232.20033645629883,0,0
1596167569.9237745,234.00222301483154,0,0
1596167569.9337745,235.80162048339844,0,0
1596167569.9437745,237.60294914245605,0,0
1596167569.9537745,239.3999433517456,0,0
1596167569.9637744,241.20007038116455,0,0
1596167569.9737744,243.0013132095337,0,0
1596167569.9837744,244.80096817016602,0,0
1596167569.9937744,246.60156726837158,0,0
1596167570.0037744,248.40250968933105,0,0
1596167570.0137744,250.2000617980957,0,0
1596167570.0237744,252.00229167938232,0,0
1596167570.0337744,253.80276203155518,0,0
1596167570.0437744,255.60082912445068,0,0
1596167570.0537744,257.4010419845581,0,0
1596167570.0637743,259.2014265060425,0,0
1596167570.0737743,261.0012102127075,0,0
1596167570.0837743,262.8011226654053,0,0
1596167570.0937743,264.6008634567261,0,0
1596167570.1037743,266.40090465545654,0,0
1596167570.1137743,268.2009029388428,0,0
1596167570.1237743,270.002703666687,0,0
1596167570.1337743,271.7997407913208,0,0
1596167570.1437743,273.60154151916504,0,0
1596167570.1537743,275.4009819030762,0,0
1596167570.1637743,277.20128059387207,0,0
1596167570.1737742,279.00102138519287,0,0
1596167570.1837742,280.8003759384155,0,0
1596167570.1937742,282.6023054122925,0,0
1596167570.2037742,284.4023895263672,0,0
1596167570.2137742,286.20110034942627,0,0
1596167570.2237742,288.0027723312378,0,0
1596167570.2337742,289.8020839691162,0,0
1596167570.2437742,291.60027980804443,0,0
1596167570.2537742,293.4031105041504,0,0
1596167570.2637742,295.20066261291504,0,0
1596167570.2737741,297.0021629333496,0,0
1596167570.2837741,298.8022470474243,0,0
1596167570.2937741,300.6001853942871,0,0
1596167570.303774,302.4019432067871,0,0
1596167570.3050551,302.630295753479,0,0
1596167570.3050551,302.630295753479,0.0,0
1596167570.313774,304.1997528076172,0.0,0
1596167570.323774,306.00202560424805,0.0,0
1596167570.333774,307.80052185058594,0.0,0
1596167570.343774,309.60039138793945,0.0,0
1596167570.353774,311.4003896713257,0.0,0
1596167570.363774,313.2015037536621,0.0,0
1596167570.373774,315.00072956085205,0.0,0
1596167570.383774,316.80248737335205,0.0,0
1596167570.393774,318.6005973815918,0.0,0
1596167570.403774,320.4011535644531,0.0,0
1596167570.413774,322.19990730285645,0.0,0
1596167570.423774,324.00187969207764,0.0,0
1596167570.433774,325.8003330230713,0.0,0
1596167570.443774,327.6029062271118,0.0,0
1596167570.453774,329.4000291824341,0.0,0
1596167570.463774,331.2017869949341,0.0,0
1596167570.473774,333.00036907196045,0.0,0
1596167570.483774,334.8030710220337,0.0,0
1596167570.493774,336.6025114059448,0.0,0
1596167570.503774,338.40147972106934,0.0,0
1596167570.513774,340.2021646499634,0.0,0
1596167570.523774,342.0022916793823,0.0,0
1596167570.533774,343.80117416381836,0.0,0
1596167570.543774,345.6022882461548,0.0,0
1596167570.5537739,347.4015140533447,0.0,0
1596167570.5637739,349.2018985748291,0.0,0
1596167570.5737739,351.00181102752686,0.0,0
1596167570.5837739,352.8020668029785,0.0,0
1596167570.5937738,354.6022367477417,0.0,0
1596167570.6037738,356.40193462371826,0.0,0
1596167570.6137738,358.2013750076294,0.0,0
1596167570.6237812,360,0.0,1
1596167570.6237812,0,0,0
1596167570.6337812,1.8012428283691406,0,0
1596167570.6437812,3.600039482116699,0,0
1596167570.6537812,5.401325225830078,0,0
1596167570.6637812,7.200465202331543,0,0
1596167570.6737812,9.000463485717773,0,0
1596167570.6837811,10.80029010772705,0,0
1596167570.6937811,12.600717544555664,0,0
1596167570.7037811,14.400458335876465,0,0
1596167570.713781,16.203289031982422,0,0
1596167570.723781,18.001956939697266,0,0
1596167570.733781,19.800710678100586,0,0
1596167570.743781,21.601266860961914,0,0
1596167570.753781,23.40165138244629,0,0
1596167570.763781,25.200233459472656,0,0
1596167570.773781,27.001218795776367,0,0
1596167570.783781,28.802762031555176,0,0
1596167570.793781,30.60117244720459,0,0
1596167570.803781,32.40185737609863,0,0
1596167570.813781,34.20022487640381,0,0
1596167570.823781,36.002197265625,0,0
1596167570.833781,37.803311347961426,0,0
1596167570.843781,39.60172176361084,0,0
1596167570.853781,41.40056133270264,0,0
1596167570.863781,43.20000171661377,0,0
1596167570.873781,45.0025749206543,0,0
1596167570.883781,46.802916526794434,0,0
1596167570.893781,48.603386878967285,0,0
1596167570.903781,50.402398109436035,0,0
1596167570.913781,52.20205307006836,0,0
1596167570.923781,54.003167152404785,0,0
1596167570.933781,55.802178382873535,0,0
1596167570.943781,57.60136127471924,0,0
1596167570.953781,59.402732849121094,0,0
1596167570.9637809,61.200242042541504,0,0
1596167570.9737809,63.002257347106934,0,0
1596167570.9837809,64.80225563049316,0,0
1596167570.9937809,66.60006523132324,0,0
1596167571.0037808,68.40023517608643,0,0
1596167571.0137808,70.20302295684814,0,0
1596167571.0237808,72.00070381164551,0,0
1596167571.0337808,73.80087375640869,0,0
1596167571.0437808,75.60177326202393,0,0
1596167571.0537808,77.40061283111572,0,0
1596167571.0637808,79.20018196105957,0,0
1596167571.0737808,81.00086688995361,0,0
1596167571.0837808,82.80296802520752,0,0
1596167571.0937808,84.60202217102051,0,0
1596167571.1037807,86.4016342163086,0,0
1596167571.1137807,88.20193290710449,0,0
1596167571.1237807,90.0031328201294,0,0
1596167571.1337807,91.80257320404053,0,0
1596167571.1437807,93.60214233398438,0,0
1596167571.1537807,95.40020942687988,0,0
1596167571.1637807,97.2009801864624,0,0
1596167571.1737807,99.0003776550293,0,0
1596167571.1837807,100.80239295959473,0,0
1596167571.1937807,102.60174751281738,0,0
1596167571.2037807,104.40256118774414,0,0
1596167571.2137806,106.20148658752441,0,0
1596167571.2237806,108.0022144317627,0,0
1596167571.2337806,109.80113983154297,0,0
1596167571.2437806,111.60070896148682,0,0
1596167571.2537806,113.40281009674072,0,0
1596167571.2637806,115.20323753356934,0,0
1596167571.2737806,117.00310707092285,0,0
1596167571.2837806,118.80254745483398,0,0
1596167571.2937806,120.60301780700684,0,0
1596167571.3037806,122.40112781524658,0,0
1596167571.3137805,124.1998815536499,0,0
1596167571.3237805,126.00078105926514,0,0
1596167571.3337805,127.80168056488037,0,0
1596167571.3437805,129.60322380065918,0,0
1596167571.3537805,131.40034675598145,0,0
1596167571.3637805,133.2004737854004,0,0
1596167571.3737805,135.00004291534424,0,0
1596167571.3837805,136.80205821990967,0,0
1596167571.3937805,138.60270023345947,0,0
1596167571.4037805,140.4017972946167,0,0
1596167571.4137805,142.2002077102661,0,0
1596167571.4237804,144.00312423706055,0,0
1596167571.4337804,145.80217838287354,0,0
1596167571.4437804,147.6002025604248,0,0
1596167571.4537804,149.39990043640137,0,0
1596167571.4637804,151.2014865875244,0,0
1596167571.4737804,153.00337314605713,0,0
1596167571.4837804,154.80247020721436,0,0
1596167571.4937804,156.6020393371582,0,0
1596167571.5037804,158.40246677398682,0,0
1596167571.5137804,160.2033233642578,0,0
1596167571.5237803,162.00087547302246,0,0
1596167571.5337803,163.80237579345703,0,0
1596167571.5437803,165.60112953186035,0,0
1596167571.5537803,167.40018367767334,0,0
1596167571.5637803,169.20215606689453,0,0
1596167571.5737803,171.00327014923096,0,0
1596167571.5837803,172.80142307281494,0,0
1596167571.5937803,174.60124969482422,0,0
1596167571.6037803,176.40013217926025,0,0
1596167571.6137803,178.2015895843506,0,0
1596167571.6237803,180.00137329101562,0,0
1596167571.6337802,181.8006420135498,0,0
1596167571.6437802,183.60033988952637,0,0
1596167571.6537802,185.40188312530518,0,0
1596167571.6637802,187.2009801864624,0,0
1596167571.6737802,189.00265216827393,0,0
1596167571.6837802,190.8012342453003,0,0
1596167571.6937802,192.60058879852295,0,0
1596167571.7037802,194.40191745758057,0,0
1596167571.7137802,196.20110034942627,0,0
1596167571.7237802,198.00294399261475,0,0
1596167571.7337801,199.80088233947754,0,0
1596167571.7437801,201.6007947921753,0,0
1596167571.7537801,203.40263843536377,0,0
1596167571.76378,205.20315170288086,0,0
1596167571.77378,207.0021629333496,0,0
1596167571.78378,208.8028907775879,0,0
1596167571.79378,210.60078620910645,0,0
1596167571.80378,212.40026950836182,0,0
1596167571.81378,214.20039653778076,0,0
1596167571.8216794,215.62166690826416,0,0
1596167571.8216794,215.62166690826416,0.0,0
1596167571.82378,216.00279808044434,0.0,0
1596167571.83378,217.7999210357666,0.0,0
1596167571.84378,219.60288047790527,0.0,0
1596167571.85378,221.4017629623413,0.0,0
1596167571.86378,223.20051670074463,0.0,0
1596167571.87378,224.99995708465576,0.0,0
1596167571.88378,226.80188655853271,0.0,0
1596167571.89378,228.6027431488037,0.0,0
1596167571.90378,230.40020942687988,0.0,0
1596167571.91378,232.20128059387207,0.0,0
1596167571.92378,234.0020513534546,0.0,0
1596167571.93378,235.80174922943115,0.0,0
1596167571.94378,237.60196208953857,0.0,0
1596167571.95378,239.40054416656494,0.0,0
1596167571.96378,241.2010145187378,0.0,0
1596167571.97378,242.9997682571411,0.0,0
1596167571.98378,244.800066947937,0.0,0
1596167571.99378,246.60062313079834,0.0,0
1596167572.00378,248.40087890625,0.0,0
1596167572.0137799,250.20212173461914,0.0,0
1596167572.0237799,251.99975967407227,0.0,0
1596167572.0337799,253.80151748657227,0.0,0
1596167572.0437799,255.60121536254883,0.0,0
1596167572.0537798,257.4000120162964,0.0,0
1596167572.0637798,259.2025852203369,0.0,0
1596167572.0737798,261.00236892700195,0.0,0
1596167572.0837798,262.8027534484863,0.0,0
1596167572.0937798,264.601035118103,0.0,0
1596167572.1037798,266.4007329940796,0.0,0
1596167572.1137798,268.2003879547119,0.0,0
1596167572.1237798,270.002703666687,0.0,0
1596167572.1337798,271.8029594421387,0.0,0
1596167572.1437798,273.6016273498535,0.0,0
1596167572.1537797,275.40265560150146,0.0,0
1596167572.1637797,277.20093727111816,0.0,0
1596167572.1737797,279.0004634857178,0.0,0
1596167572.1837797,280.8016633987427,0.0,0
1596167572.1937797,282.6026487350464,0.0,0
1596167572.2037797,284.4000291824341,0.0,0
1596167572.2137797,286.2017011642456,0.0,0
1596167572.2237797,288.0009698867798,0.0,0
1596167572.2337797,289.80268478393555,0.0,0
1596167572.2437797,291.6026830673218,0.0,0
1596167572.2537796,293.40272426605225,0.0,0
1596167572.2637796,295.199933052063,0.0,0
1596167572.2737796,297.00289249420166,0.0,0
1596167572.2837796,298.8008737564087,0.0,0
1596167572.2937796,300.60271739959717,0.0,0
1596167572.3037796,302.40185737609863,0.0,0
1596167572.3137796,304.2000102996826,0.0,0
1596167572.3237796,306.0026693344116,0.0,0
1596167572.3337796,307.80043601989746,0.0,0
1596167572.3437796,309.60073471069336,0.0,0
1596167572.3537796,311.40227794647217,0.0,0
1596167572.3637795,313.20141792297363,0.0,0
1596167572.3737795,315.00171661376953,0.0,0
1596167572.3837795,316.8003845214844,0.0,0
1596167572.3937795,318.60089778900146,0.0,0
1596167572.4037795,320.4002094268799,0.0,0
1596167572.4137795,322.2018814086914,0.0,0
1596167572.4237795,324.00007724761963,0.0,0
1596167572.4337795,325.8008909225464,0.0,0
1596167572.4437795,327.6026916503906,0.0,0
1596167572.4537795,329.4014024734497,0.0,0
1596167572.4637794,331.20255947113037,0.0,0
1596167572.4737794,333.00036907196045,0.0,0
1596167572.4837794,334.8010540008545,0.0,0
1596167572.4937794,336.60311222076416,0.0,0
1596167572.5037794,338.4002351760864,0.0,0
1596167572.5137794,340.2007484436035,0.0,0
1596167572.5237794,342.0001029968262,0.0,0
1596167572.5337794,343.80061626434326,0.0,0
1596167572.5437794,345.6008720397949,0.0,0
1596167572.5537794,347.4030590057373,0.0,0
1596167572.5637794,349.2003536224365,0.0,0
1596167572.5737793,351.0003089904785,0.0,0
1596167572.5837793,352.80219554901123,0.0,0
1596167572.5937793,354.6002197265625,0.0,0
1596167572.6037793,356.40111923217773,0.0,0
1596167572.6137793,358.20141792297363,0.0,0
1596167572.623075,359.8728847503662,0.0,0
1596167572.623075,359.8728847503662,0.0,0
1596167572.6237793,359.99982833862305,0.0,0
1596167572.623803,360,0.0,1
1596167572.623803,0,0,0
1596167572.633803,1.8033027648925781,0,0
1596167572.643803,3.6008548736572266,0,0
1596167572.6538029,5.401754379272461,0,0
1596167572.6638029,7.202053070068359,0,0
1596167572.6738029,9.002008438110352,0,0
1596167572.6838028,10.80256462097168,0,0
1596167572.6938028,12.60157585144043,0,0
1596167572.7038028,14.402389526367188,0,0
1596167572.7138028,16.20084285736084,0,0
1596167572.7238028,18.00161361694336,0,0
1596167572.7338028,19.800195693969727,0,0
1596167572.7438028,21.600494384765625,0,0
1596167572.7538028,23.40341091156006,0,0
1596167572.7638028,25.202937126159668,0,0
1596167572.7738028,27.002849578857422,0,0
1596167572.7838027,28.80044460296631,0,0
1596167572.7938027,30.60314655303955,0,0
1596167572.8038027,32.40245819091797,0,0
1596167572.8138027,34.201340675354004,0,0
1596167572.8238027,36.00314140319824,0,0
1596167572.8338027,37.80228137969971,0,0
1596167572.8438027,39.601593017578125,0,0
1596167572.8538027,41.402878761291504,0,0
1596167572.8638027,43.2002592086792,0,0
1596167572.8738027,45.00042915344238,0,0
1596167572.8838027,46.80270195007324,0,0
1596167572.8938026,48.60171318054199,0,0
1596167572.9038026,50.400424003601074,0,0
1596167572.9138026,52.20029354095459,0,0
1596167572.9238026,54.0032958984375,0,0
1596167572.9338026,55.80329418182373,0,0
1596167572.9438026,57.60011672973633,0,0
1596167572.9538026,59.40024375915527,0,0
1596167572.9638026,61.20058536529541,0,0
1596167572.9738026,63.00182819366455,0,0
1596167572.9838026,64.80036735534668,0,0
1596167572.9938025,66.6002368927002,0,0
1596167573.0038025,68.401780128479,0,0
1596167573.0138025,70.20070552825928,0,0
1596167573.0238025,72.00263500213623,0,0
1596167573.0338025,73.80053043365479,0,0
1596167573.0438025,75.60018539428711,0,0
1596167573.0538025,77.40095615386963,0,0
1596167573.0638025,79.20069694519043,0,0
1596167573.0738025,81.00305557250977,0,0
1596167573.0838025,82.80180931091309,0,0
1596167573.0938025,84.60300922393799,0,0
1596167573.1038024,86.40279293060303,0,0
1596167573.1138024,88.20030212402344,0,0
1596167573.1238024,90.00274658203125,0,0
1596167573.1338024,91.80150032043457,0,0
1596167573.1438024,93.60021114349365,0,0
1596167573.1538024,95.40201187133789,0,0
1596167573.1638024,97.2004222869873,0,0
1596167573.1738024,99.00033473968506,0,0
1596167573.1838024,100.79998970031738,0,0
1596167573.1938024,102.60303497314453,0,0
1596167573.2038023,104.40268993377686,0,0
1596167573.2138023,106.20037078857422,0,0
1596167573.2238023,108.00114154815674,0,0
1596167573.2338023,109.80152606964111,0,0
1596167573.2438023,111.60105228424072,0,0
1596167573.2538023,113.40014934539795,0,0
1596167573.2638023,115.20336627960205,0,0
1596167573.2738023,117.00104713439941,0,0
1596167573.2838023,118.80224704742432,0,0
1596167573.2938023,120.60104370117188,0,0
1596167573.3038023,122.40099906921387,0,0
1596167573.3138022,124.1998815536499,0,0
1596167573.3238022,125.99996566772461,0,0
1596167573.3338022,127.80176639556885,0,0
1596167573.3438022,129.60219383239746,0,0
1596167573.3538022,131.40262126922607,0,0
1596167573.3638022,133.20326328277588,0,0
1596167573.3738022,135.0031328201294,0,0
1596167573.3838022,136.80111408233643,0,0
1596167573.3938022,138.6018419265747,0,0
1596167573.4038022,140.40334224700928,0,0
1596167573.4138021,142.2018814086914,0,0
1596167573.4238021,144.00187969207764,0,0
1596167573.4338021,145.80063343048096,0,0
1596167573.443802,147.60251998901367,0,0
1596167573.453802,149.4014024734497,0,0
1596167573.463802,151.20277404785156,0,0
1596167573.473802,153.00320148468018,0,0
1596167573.483802,154.80045318603516,0,0
1596167573.493802,156.60195350646973,0,0
1596167573.503802,158.40087890625,0,0
1596167573.513802,160.20070552825928,0,0
1596167573.523802,162.00319290161133,0,0
1596167573.533802,163.8001012802124,0,0
1596167573.543802,165.60044288635254,0,0
1596167573.553802,167.40026950836182,0,0
1596167573.563802,169.20288562774658,0,0
1596167573.573802,171.00060939788818,0,0
1596167573.583802,172.80022144317627,0,0
1596167573.593802,174.60017681121826,0,0
1596167573.603802,176.40081882476807,0,0
1596167573.613802,178.20313453674316,0,0
1596167573.623802,180.00231742858887,0,0
1596167573.633802,181.80162906646729,0,0
1596167573.643802,183.60111236572266,0,0
1596167573.653802,185.40171146392822,0,0
1596167573.663802,187.20218181610107,0,0
1596167573.673802,189.0029525756836,0,0
1596167573.683802,190.80162048339844,0,0
1596167573.6938019,192.6020050048828,0,0
1596167573.7038019,194.40221786499023,0,0
1596167573.7138019,196.20328903198242,0,0
1596167573.7238019,198.00015449523926,0,0
1596167573.7338018,199.80058193206787,0,0
1596167573.7438018,201.6024684906006,0,0
1596167573.7538018,203.40002059936523,0,0
1596167573.7638018,205.20216464996338,0,0
1596167573.7738018,207.00242042541504,0,0
1596167573.7838018,208.80319118499756,0,0
1596167573.7938018,210.60245990753174,0,0
1596167573.8038018,212.39988327026367,0,0
1596167573.8138018,214.20069694519043,0,0
1596167573.8219163,215.66041946411133,0,0
1596167573.8219163,215.66041946411133,0.0,0
1596167573.8238018,216.00103855133057,0.0,0
1596167573.8338017,217.80313968658447,0.0,0
1596167573.8438017,219.60180759429932,0.0,0
1596167573.8538017,221.4006471633911,0.0,0
1596167573.8638017,223.20141792297363,0.0,0
1596167573.8738017,225.00081539154053,0.0,0
1596167573.8838017,226.8028736114502,0.0,0
1596167573.8938017,228.60214233398438,0.0,0
1596167573.9038017,230.4012393951416,0.0,0
1596167573.9138017,232.20201015472412,0.0,0
1596167573.9238017,234.00192260742188,0.0,0
1596167573.9338017,235.80200672149658,0.0,0
1596167573.9438016,237.60050296783447,0.0,0
1596167573.9538016,239.40020084381104,0.0,0
1596167573.9638016,241.20290279388428,0.0,0
1596167573.9738016,243.00251483917236,0.0,0
1596167573.9838016,244.80302810668945,0.0,0
1596167573.9938016,246.60324096679688,0.0,0
1596167574.0038016,248.40117931365967,0.0,0
1596167574.0138016,250.201735496521,0.0,0
1596167574.0238016,251.99988842010498,0.0,0
1596167574.0338016,253.79980087280273,0.0,0
1596167574.0438015,255.6017303466797,0.0,0
1596167574.0538015,257.4029302597046,0.0,0
1596167574.0638015,259.2029285430908,0.0,0
1596167574.0738015,260.99987983703613,0.0,0
1596167574.0838015,262.8029251098633,0.0,0
1596167574.0938015,264.6031379699707,0.0,0
1596167574.1038015,266.3997459411621,0.0,0
1596167574.1138015,268.2030916213989,0.0,0
1596167574.1238015,270.0021028518677,0.0,0
1596167574.1338015,271.8003845214844,0.0,0
1596167574.1438015,273.6019706726074,0.0,0
1596167574.1538014,275.4013681411743,0.0,0
1596167574.1638014,277.20012187957764,0.0,0
1596167574.1738014,279.00110721588135,0.0,0
1596167574.1838014,280.80230712890625,0.0,0
1596167574.1938014,282.60101795196533,0.0,0
1596167574.2038014,284.40213203430176,0.0,0
1596167574.2138014,286.20028495788574,0.0,0
1596167574.2238014,287.99981117248535,0.0,0
1596167574.2338014,289.8013973236084,0.0,0
1596167574.2438014,291.6014814376831,0.0,0
1596167574.2538013,293.4025526046753,0.0,0
1596167574.2638013,295.2020788192749,0.0,0
1596167574.2738013,297.0001459121704,0.0,0
1596167574.2838013,298.8018608093262,0.0,0
1596167574.2938013,300.5999279022217,0.0,0
1596167574.3038013,302.4025011062622,0.0,0
1596167574.3138013,304.19983863830566,0.0,0
1596167574.3238013,306.00202560424805,0.0,0
1596167574.3338013,307.80073642730713,0.0,0
1596167574.3438013,309.5998764038086,0.0,0
1596167574.3538013,311.4026212692261,0.0,0
1596167574.3638012,313.20098876953125,0.0,0
1596167574.3738012,315.00025749206543,0.0,0
1596167574.3838012,316.8012857437134,0.0,0
1596167574.3938012,318.6023139953613,0.0,0
1596167574.4038012,320.40162563323975,0.0,0
1596167574.4138012,322.20003604888916,0.0,0
1596167574.4238012,324.00243759155273,0.0,0
1596167574.4338012,325.8019208908081,0.0,0
1596167574.4438012,327.6023054122925,0.0,0
1596167574.4538012,329.4016170501709,0.0,0
1596167574.4638011,331.20255947113037,0.0,0
1596167574.4738011,333.0031156539917,0.0,0
1596167574.4838011,334.8030710220337,0.0,0
1596167574.493801,336.60118103027344,0.0,0
1596167574.503801,338.4009647369385,0.0,0
1596167574.513801,340.2013063430786,0.0,0
1596167574.523801,342.0030212402344,0.0,0
1596167574.533801,343.8030195236206,0.0,0
1596167574.543801,345.6028890609741,0.0,0
1596167574.553801,347.4022436141968,0.0,0
1596167574.563801,349.20069694519043,0.0,0
1596167574.573801,351.0009956359863,0.0,0
1596167574.583801,352.8015947341919,0.0,0
1596167574.593801,354.603009223938,0.0,0
1596167574.603801,356.40193462371826,0.0,0
1596167574.613801,358.2001733779907,0.0,0
1596167574.6232898,359.9076461791992,0.0,0
1596167574.6232898,359.9076461791992,0.0,0
1596167574.623815,360,0.0,1
1596167574.623815,0,0,0
1596167574.633815,1.8033885955810547,0,0
1596167574.643815,3.600897789001465,0,0
1596167574.653815,5.4032135009765625,0,0
1596167574.663815,7.20179557800293,0,0
1596167574.673815,9.001107215881348,0,0
1596167574.683815,10.801920890808105,0,0
1596167574.693815,12.600417137145996,0,0
1596167574.703815,14.401659965515137,0,0
1596167574.713815,16.201658248901367,0,0
1596167574.723815,18.000926971435547,0,0
1596167574.733815,19.800024032592773,0,0
1596167574.743815,21.60289764404297,0,0
1596167574.753815,23.40139389038086,0,0
1596167574.763815,25.202507972717285,0,0
1596167574.773815,27.003321647644043,0,0
1596167574.783815,28.803062438964844,0,0
1596167574.793815,30.603361129760742,0,0
1596167574.803815,32.400312423706055,0,0
1596167574.8138149,34.20262813568115,0,0
1596167574.8238149,36.000566482543945,0,0
1596167574.8338149,37.80043601989746,0,0
1596167574.8438148,39.60163593292236,0,0
1596167574.8538148,41.40077590942383,0,0
1596167574.8638148,43.20090293884277,0,0
1596167574.8738148,45.00205993652344,0,0
1596167574.8838148,46.80317401885986,0,0
1596167574.8938148,48.60321521759033,0,0
1596167574.9038148,50.40085315704346,0,0
1596167574.9138148,52.20183849334717,0,0
1596167574.9238148,54.002180099487305,0,0
1596167574.9338148,55.800461769104004,0,0
1596167574.9438148,57.602949142456055,0,0
1596167574.9538147,59.4025182723999,0,0
1596167574.9638147,61.20251655578613,0,0
1596167574.9738147,63.00139904022217,0,0
1596167574.9838147,64.80238437652588,0,0
1596167574.9938147,66.60165309906006,0,0
1596167575.0038147,68.40281009674072,0,0
1596167575.0138147,70.20302295684814,0,0
1596167575.0238147,72.00066089630127,0,0
1596167575.0338147,73.80160331726074,0,0
1596167575.0438147,75.60125827789307,0,0
1596167575.0538146,77.40056991577148,0,0
1596167575.0638146,79.20275688171387,0,0
1596167575.0738146,81.00013732910156,0,0
1596167575.0838146,82.80215263366699,0,0
1596167575.0938146,84.60013389587402,0,0
1596167575.1038146,86.40184879302979,0,0
1596167575.1138146,88.20253372192383,0,0
1596167575.1238146,90.0016736984253,0,0
1596167575.1338146,91.80244445800781,0,0
1596167575.1438146,93.60119819641113,0,0
1596167575.1538146,95.40196895599365,0,0
1596167575.1638145,97.20226764678955,0,0
1596167575.1738145,99.0021800994873,0,0
1596167575.1838145,100.80265045166016,0,0
1596167575.1938145,102.60011672973633,0,0
1596167575.2038145,104.40290451049805,0,0
1596167575.2138145,106.20204448699951,0,0
1596167575.2238145,108.00260066986084,0,0
1596167575.2338145,109.80208396911621,0,0
1596167575.2438145,111.60242557525635,0,0
1596167575.2538145,113.40173721313477,0,0
1596167575.2638144,115.20306587219238,0,0
1596167575.2738144,117.00023174285889,0,0
1596167575.2838144,118.80164623260498,0,0
1596167575.2938144,120.60224533081055,0,0
1596167575.3038144,122.40039825439453,0,0
1596167575.3138144,124.20031070709229,0,0
1596167575.3238144,126.00116729736328,0,0
1596167575.3338144,127.8010368347168,0,0
1596167575.3438144,129.6004343032837,0,0
1596167575.3538144,131.40283584594727,0,0
1596167575.3638144,133.20231914520264,0,0
1596167575.3738143,135.00025749206543,0,0
1596167575.3838143,136.80171489715576,0,0
1596167575.3938143,138.6012840270996,0,0
1596167575.4038143,140.40287017822266,0,0
1596167575.4138143,142.20059394836426,0,0
1596167575.4238143,144.0018367767334,0,0
1596167575.4338143,145.79986095428467,0,0
1596167575.4438143,147.60071754455566,0,0
1596167575.4538143,149.4027328491211,0,0
1596167575.4638143,151.20208740234375,0,0
1596167575.4738142,153.0016565322876,0,0
1596167575.4838142,154.80019569396973,0,0
1596167575.4938142,156.60199642181396,0,0
1596167575.5038142,158.40173721313477,0,0
1596167575.5138142,160.2020788192749,0,0
1596167575.5238142,162.0007038116455,0,0
1596167575.5338142,163.80083084106445,0,0
1596167575.5438142,165.60228824615479,0,0
1596167575.5538142,167.40121364593506,0,0
1596167575.5638142,169.20297145843506,0,0
1596167575.5738142,171.00065231323242,0,0
1596167575.5838141,172.79996395111084,0,0
1596167575.5938141,174.6031379699707,0,0
1596167575.6038141,176.40034675598145,0,0
1596167575.613814,178.20017337799072,0,0
1596167575.623814,180.00240325927734,0,0
1596167575.633814,181.80111408233643,0,0
1596167575.643814,183.60167026519775,0,0
1596167575.653814,185.4032564163208,0,0
1596167575.663814,187.20325469970703,0,0
1596167575.673814,189.00282382965088,0,0
1596167575.683814,190.80119132995605,0,0
1596167575.693814,192.60093212127686,0,0
1596167575.703814,194.40058708190918,0,0
1596167575.713814,196.20127201080322,0,0
1596167575.723814,198.00066947937012,0,0
1596167575.733814,199.8010540008545,0,0
1596167575.743814,201.60066604614258,0,0
1596167575.753814,203.40087890625,0,0
1596167575.763814,205.2004909515381,0,0
1596167575.773814,207.00100421905518,0,0
1596167575.783814,208.80057334899902,0,0
1596167575.793814,210.6031036376953,0,0
1596167575.803814,212.4023723602295,0,0
1596167575.813814,214.20262813568115,0,0
1596167575.820901,215.47545433044434,0,0
1596167575.820901,215.47545433044434,0.0,0
1596167575.823814,216.00172519683838,0.0,0
1596167575.833814,217.80009269714355,0.0,0
1596167575.843814,219.60215091705322,0.0,0
1596167575.853814,221.40094757080078,0.0,0
1596167575.8638139,223.20274829864502,0.0,0
1596167575.8738139,225.00253200531006,0.0,0
1596167575.8838139,226.80248737335205,0.0,0
1596167575.8938138,228.60235691070557,0.0,0
1596167575.9038138,230.4011106491089,0.0,0
1596167575.9138138,232.20252513885498,0.0,0
1596167575.9238138,234.00282382965088,0.0,0
1596167575.9338138,235.80265045166016,0.0,0
1596167575.9438138,237.60294914245605,0.0,0
1596167575.9538138,239.40054416656494,0.0,0
1596167575.9638138,241.20062828063965,0.0,0
1596167575.9738138,243.00084114074707,0.0,0
1596167575.9838138,244.8006248474121,0.0,0
1596167575.9938138,246.6014814376831,0.0,0
1596167576.0038137,248.40216636657715,0.0,0
1596167576.0138137,250.19976139068604,0.0,0
1596167576.0238137,252.00143337249756,0.0,0
1596167576.0338137,253.80125999450684,0.0,0
1596167576.0438137,255.60155868530273,0.0,0
1596167576.0538137,257.4015998840332,0.0,0
1596167576.0638137,259.20228481292725,0.0,0
1596167576.0738137,261.0024118423462,0.0,0
1596167576.0838137,262.80219554901123,0.0,0
1596167576.0938137,264.60082054138184,0.0,0
1596167576.1038136,266.40180587768555,0.0,0
1596167576.1138136,268.2020616531372,0.0,0
1596167576.1238136,269.99974250793457,0.0,0
1596167576.1338136,271.8000841140747,0.0,0
1596167576.1438136,273.60179901123047,0.0,0
1596167576.1538136,275.4008102416992,0.0,0
1596167576.1638136,277.2029113769531,0.0,0
1596167576.1738136,279.0004634857178,0.0,0
1596167576.1838136,280.80243587493896,0.0,0
1596167576.1938136,282.60157585144043,0.0,0
1596167576.2038136,284.40157413482666,0.0,0
1596167576.2138135,286.201229095459,0.0,0
1596167576.2238135,288.0015277862549,0.0,0
1596167576.2338135,289.8002815246582,0.0,0
1596167576.2438135,291.60152435302734,0.0,0
1596167576.2538135,293.40139389038086,0.0,0
1596167576.2638135,295.20246505737305,0.0,0
1596167576.2738135,296.99984550476074,0.0,0
1596167576.2838135,298.80035877227783,0.0,0
1596167576.2938135,300.6017732620239,0.0,0
1596167576.3038135,302.40099906921387,0.0,0
1596167576.3138134,304.1997957229614,0.0,0
1596167576.3238134,306.00279808044434,0.0,0
1596167576.3338134,307.8005647659302,0.0,0
1596167576.3438134,309.6004343032837,0.0,0
1596167576.3538134,311.40223503112793,0.0,0
1596167576.3638134,313.20064544677734,0.0,0
1596167576.3738134,315.00085830688477,0.0,0
1596167576.3838134,316.80235862731934,0.0,0
1596167576.3938134,318.6006832122803,0.0,0
1596167576.4038134,320.401668548584,0.0,0
1596167576.4138134,322.20226764678955,0.0,0
1596167576.4238133,324.0027379989624,0.0,0
1596167576.4338133,325.8023929595947,0.0,0
1596167576.4438133,327.601318359375,0.0,0
1596167576.4538133,329.4014883041382,0.0,0
1596167576.4638133,331.20208740234375,0.0,0
1596167576.4738133,333.0016565322876,0.0,0
1596167576.4838133,334.80169773101807,0.0,0
1596167576.4938133,336.60040855407715,0.0,0
1596167576.5038133,338.4022521972656,0.0,0
1596167576.5138133,340.2021646499634,0.0,0
1596167576.5238132,342.0005750656128,0.0,0
1596167576.5338132,343.8021183013916,0.0,0
1596167576.5438132,345.6010437011719,0.0,0
1596167576.5538132,347.3997116088867,0.0,0
1596167576.5638132,349.20151233673096,0.0,0
1596167576.5738132,351.0013818740845,0.0,0
1596167576.5838132,352.8025817871094,0.0,0
1596167576.5938132,354.6000051498413,0.0,0
1596167576.6038132,356.402063369751,0.0,0
1596167576.6138132,358.2011604309082,0.0,0
1596167576.6238196,360,0.0,1
1596167576.6238196,0,0,0
1596167576.6338196,1.8015432357788086,0,0
1596167576.6438196,3.600125312805176,0,0
1596167576.6538196,5.402183532714844,0,0
1596167576.6638196,7.202181816101074,0,0
1596167576.6738195,9.000935554504395,0,0
1596167576.6838195,10.800461769104004,0,0
1596167576.6938195,12.601447105407715,0,0
1596167576.7038195,14.4010591506958,0,0
1596167576.7138195,16.201014518737793,0,0
1596167576.7238195,18.002429008483887,0,0
1596167576.7338195,19.801526069641113,0,0
1596167576.7438195,21.601223945617676,0,0
1596167576.7538195,23.40135097503662,0,0
1596167576.7638195,25.201048851013184,0,0
1596167576.7738194,27.00066089630127,0,0
1596167576.7838194,28.80014419555664,0,0
1596167576.7938194,30.602717399597168,0,0
1596167576.8038194,32.40211486816406,0,0
1596167576.8138194,34.20086860656738,0,0
1596167576.8238194,36.000823974609375,0,0
1596167576.8338194,37.80146598815918,0,0
1596167576.8438194,39.60146427154541,0,0
1596167576.8538194,41.40116214752197,0,0
1596167576.8638194,43.203349113464355,0,0
1596167576.8738194,45.00171661376953,0,0
1596167576.8838193,46.802659034729004,0,0
1596167576.8938193,48.59999656677246,0,0
1596167576.9038193,50.401368141174316,0,0
1596167576.9138193,52.20145225524902,0,0
1596167576.9238193,54.00033473968506,0,0
1596167576.9338193,55.802950859069824,0,0
1596167576.9438193,57.60329246520996,0,0
1596167576.9538193,59.40213203430176,0,0
1596167576.9638193,61.20161533355713,0,0
1596167576.9738193,63.00187110900879,0,0
1596167576.9838192,64.80221271514893,0,0
1596167576.9938192,66.60036563873291,0,0
1596167577.0038192,68.40319633483887,0,0
1596167577.0138192,70.20285129547119,0,0
1596167577.0238192,72.0000171661377,0,0
1596167577.0338192,73.79997253417969,0,0
1596167577.0438192,75.60293197631836,0,0
1596167577.0538192,77.4030590057373,0,0
1596167577.0638192,79.20048236846924,0,0
1596167577.0738192,81.0001802444458,0,0
1596167577.0838192,82.8008222579956,0,0
1596167577.0938191,84.6018934249878,0,0
1596167577.1038191,86.40189170837402,0,0
1596167577.1138191,88.20038795471191,0,0
1596167577.123819,90.00120162963867,0,0
1596167577.133819,91.80089950561523,0,0
1596167577.143819,93.60029697418213,0,0
1596167577.153819,95.40244102478027,0,0
1596167577.163819,97.20222473144531,0,0
1596167577.173819,99.00012016296387,0,0
1596167577.183819,100.80187797546387,0,0
1596167577.193819,102.60153293609619,0,0
1596167577.203819,104.40213203430176,0,0
1596167577.213819,106.20320320129395,0,0
1596167577.223819,108.00302982330322,0,0
1596167577.233819,109.80182647705078,0,0
1596167577.243819,111.59989356994629,0,0
1596167577.253819,113.40281009674072,0,0
1596167577.263819,115.201735496521,0,0
1596167577.273819,117.00323581695557,0,0
1596167577.283819,118.80044460296631,0,0
1596167577.293819,120.60057163238525,0,0
1596167577.303819,122.39996910095215,0,0
1596167577.313819,124.20138359069824,0,0
1596167577.323819,126.00013732910156,0,0
1596167577.333819,127.79996395111084,0,0
1596167577.343819,129.6018934249878,0,0
1596167577.353819,131.40043258666992,0,0
1596167577.363819,133.20210456848145,0,0
1596167577.3738189,135.00253200531006,0,0
1596167577.3838189,136.80222988128662,0,0
1596167577.3938189,138.60321521759033,0,0
1596167577.4038188,140.4021406173706,0,0
1596167577.4138188,142.20291137695312,0,0
1596167577.4238188,144.00213718414307,0,0
1596167577.4338188,145.80114841461182,0,0
1596167577.4438188,147.60286331176758,0,0
1596167577.4538188,149.40333366394043,0,0
1596167577.4638188,151.20019912719727,0,0
1596167577.4738188,153.00045490264893,0,0
1596167577.4838188,154.80122566223145,0,0
1596167577.4938188,156.6013526916504,0,0
1596167577.5038188,158.40315341949463,0,0
1596167577.5138187,160.2033233642578,0,0
1596167577.5238187,162.00246334075928,0,0
1596167577.5338187,163.80207538604736,0,0
1596167577.5438187,165.60087203979492,0,0
1596167577.5538187,167.40005493164062,0,0
1596167577.5638187,169.20086860656738,0,0
1596167577.5738187,171.00146770477295,0,0
1596167577.5838187,172.80009269714355,0,0
1596167577.5938187,174.59983348846436,0,0
1596167577.6038187,176.40034675598145,0,0
1596167577.6138186,178.2030487060547,0,0
1596167577.6238186,180.0014591217041,0,0
1596167577.6338186,181.8002986907959,0,0
1596167577.6438186,183.6007261276245,0,0
1596167577.6538186,185.4024839401245,0,0
1596167577.6638186,187.2023105621338,0,0
1596167577.6738186,189.00209426879883,0,0
1596167577.6838186,190.80265045166016,0,0
1596167577.6938186,192.60149002075195,0,0
1596167577.7038186,194.40243244171143,0,0
1596167577.7138186,196.20161533355713,0,0
1596167577.7238185,198.0013132095337,0,0
1596167577.7338185,199.80144023895264,0,0
1596167577.7438185,201.6014814376831,0,0
1596167577.7538185,203.40092182159424,0,0
1596167577.7638185,205.199933052063,0,0
1596167577.7738185,207.0014762878418,0,0
1596167577.7838185,208.80001544952393,0,0
1596167577.7938185,210.60203075408936,0,0
1596167577.8038185,212.40185737609863,0,0
1596167577.8138185,214.202241897583,0,0
1596167577.8223934,215.74328899383545,0,0
1596167577.8223934,215.74328899383545,0.0,0
1596167577.8238184,216.00078105926514,0.0,0
1596167577.8338184,217.80163764953613,0.0,0
1596167577.8438184,219.60163593292236,0.0,0
1596167577.8538184,221.4019775390625,0.0,0
1596167577.8638184,223.20180416107178,0.0,0
1596167577.8738184,225.00098705291748,0.0,0
1596167577.8838184,226.80004119873047,0.0,0
1596167577.8938184,228.60175609588623,0.0,0
1596167577.9038184,230.40085315704346,0.0,0
1596167577.9138184,232.20158100128174,0.0,0
1596167577.9238183,234.00265216827393,0.0,0
1596167577.9338183,235.80196380615234,0.0,0
1596167577.9438183,237.60101795196533,0.0,0
1596167577.9538183,239.40187454223633,0.0,0
1596167577.9638183,241.19994163513184,0.0,0
1596167577.9738183,243.00036907196045,0.0,0
1596167577.9838183,244.80101108551025,0.0,0
1596167577.9938183,246.60152435302734,0.0,0
