Type = Mirollor Strogatz (-ish),Function = Peskin,Refract =0.05,Epsilon =0.3,Gamma =3,Start_phase =59
Timestamp,Phase,Offset,Ping?
1596167538,59,0,0
1596167538.01,60.797637939453125,0.3277777777777778,0
1596167538.02,62.59823703765869,0.3277777777777778,0
1596167538.03,64.3992223739624,0.3277777777777778,0
1596167538.04,66.19836235046387,0.3277777777777778,0
1596167538.05,67.99848937988281,0.3277777777777778,0
1596167538.06,69.7999038696289,0.3277777777777778,0
1596167538.07,71.59775638580322,0.3277777777777778,0
1596167538.08,73.39715385437012,0.3277777777777778,0
1596167538.09,75.19942665100098,0.3277777777777778,0
1596167538.1,76.99702167510986,0.3277777777777778,0
1596167538.11,78.79740619659424,0.3277777777777778,0
1596167538.12,80.59753322601318,0.3277777777777778,0
1596167538.1299999,82.39813232421875,0.3277777777777778,0
1596167538.1399999,84.19980430603027,0.3277777777777778,0
1596167538.1499999,85.9998025894165,0.3277777777777778,0
1596167538.1599998,87.79653930664062,0.3277777777777778,0
1596167538.1699998,89.59645175933838,0.3277777777777778,0
1596167538.1799998,91.39799499511717,0.3277777777777778,0
1596167538.1899998,93.19747829437254,0.3277777777777778,0
1596167538.1999998,94.99949359893797,0.3277777777777778,0
1596167538.2099998,96.7982473373413,0.3277777777777778,0
1596167538.2199998,98.598331451416,0.3277777777777778,0
1596167538.2299998,100.39832973480223,0.3277777777777778,0
1596167538.2399998,102.19768428802489,0.3277777777777778,0
1596167538.2499998,103.99703884124754,0.3277777777777778,0
1596167538.2599998,105.79956912994383,0.3277777777777778,0
1596167538.2699997,107.59909534454344,0.3277777777777778,0
1596167538.2799997,109.39810657501219,0.3277777777777778,0
1596167538.2899997,111.19686031341551,0.3277777777777778,0
1596167538.2999997,112.99956226348876,0.3277777777777778,0
1596167538.3099997,114.7985734939575,0.3277777777777778,0
1596167538.3199997,116.59921550750731,0.3277777777777778,0
1596167538.3299997,118.39779758453368,0.3277777777777778,0
1596167538.3399997,120.19698047637938,0.3277777777777778,0
1596167538.3499997,121.9988670349121,0.3277777777777778,0
1596167538.3599997,123.79701995849608,0.3277777777777778,0
1596167538.3699996,125.59641742706297,0.3277777777777778,0
1596167538.3799996,127.39907646179198,0.3277777777777778,0
1596167538.3899996,129.19727230072021,0.3277777777777778,0
1596167538.3999996,130.9996738433838,0.3277777777777778,0
1596167538.4099996,132.79812717437744,0.3277777777777778,0
1596167538.4199996,134.59739589691162,0.3277777777777778,0
1596167538.4299996,136.39662170410156,0.3277777777777778,0
1596167538.4399996,138.19644832611084,0.3277777777777778,0
1596167538.4499996,139.99829196929932,0.3277777777777778,0
1596167538.4599996,141.79674530029297,0.3277777777777778,0
1596167538.4699996,143.59755897521973,0.3277777777777778,0
1596167538.4799995,145.39858722686768,0.3277777777777778,0
1596167538.4899995,147.19849967956543,0.3277777777777778,0
1596167538.4999995,148.9983263015747,0.3277777777777778,0
1596167538.5099995,150.7991828918457,0.3277777777777778,0
1596167538.5199995,152.59943866729736,0.3277777777777778,0
1596167538.5299995,154.39677619934082,0.3277777777777778,0
1596167538.5399995,156.1975040435791,0.3277777777777778,0
1596167538.5499995,157.996901512146,0.3277777777777778,0
1596167538.5599995,159.7982301712036,0.3277777777777778,0
1596167538.5699995,161.59646892547607,0.3277777777777778,0
1596167538.5799994,163.39887046813965,0.3277777777777778,0
1596167538.5899994,165.19839668273926,0.3277777777777778,0
1596167538.5999994,166.99646377563477,0.3277777777777778,0
1596167538.6099994,168.79774951934814,0.3277777777777778,0
1596167538.6199994,170.5985631942749,0.3277777777777778,0
1596167538.6299994,172.39697360992432,0.3277777777777778,0
1596167538.6399994,174.19800186157227,0.3277777777777778,0
1596167538.6499994,175.9976568222046,0.3277777777777778,0
1596167538.6599994,177.79748344421387,0.3277777777777778,0
1596167538.6699994,179.59876918792725,0.3277777777777778,0
1596167538.6799994,181.39859580993652,0.3277777777777778,0
1596167538.6899993,183.1964054107666,0.3277777777777778,0
1596167538.6999993,184.99666118621826,0.3277777777777778,0
1596167538.7099993,186.79863357543945,0.3277777777777778,0
1596167538.7199993,188.59846019744873,0.3277777777777778,0
1596167538.7299993,190.39768600463867,0.3277777777777778,0
1596167538.7399993,192.19841384887695,0.3277777777777778,0
1596167538.7479997,193.63642120361328,0.3277777777777778,0
1596167538.7479997,193.63642120361328,0.3277777777777778,0
1596167538.7499993,193.99948501586914,0.3277777777777778,0
1596167538.7599993,195.79832458496094,0.3277777777777778,0
1596167538.7699993,197.59862327575684,0.3277777777777778,0
1596167538.7799993,199.39862155914307,0.3277777777777778,0
1596167538.7899992,201.1991777420044,0.3277777777777778,0
1596167538.7956197,202.2080316543579,0.3277777777777778,0
1596167538.7956197,202.2080316543579,0.3277777777777778,0
1596167538.7999992,202.99741649627686,0.3277777777777778,0
1596167538.8099992,204.7973289489746,0.3277777777777778,0
1596167538.8199992,206.59775638580322,0.3277777777777778,0
1596167538.8299992,208.39788341522217,0.3277777777777778,0
1596167538.8399992,210.19938373565674,0.3277777777777778,0
1596167538.8499992,211.99659252166748,0.3277777777777778,0
1596167538.8599992,213.7981357574463,0.3277777777777778,0
1596167538.8699992,215.5963315963745,0.3277777777777778,0
1596167538.8799992,217.39778900146484,0.3277777777777778,0
1596167538.8899992,219.19731521606445,0.3277777777777778,0
1596167538.8999991,220.99971675872803,0.3277777777777778,0
1596167538.9099991,222.79868507385254,0.3277777777777778,0
1596167538.9199991,224.5967092514038,0.3277777777777778,0
1596167538.929999,226.39709377288818,0.3277777777777778,0
1596167538.939999,228.19722080230713,0.3277777777777778,0
1596167538.949999,229.99923610687256,0.3277777777777778,0
1596167538.959999,231.79850482940674,0.3277777777777778,0
1596167538.969999,233.59777355194092,0.3277777777777778,0
1596167538.979999,235.39785766601562,0.3277777777777778,0
1596167538.989999,237.197340965271,0.3277777777777778,0
1596167538.999999,238.99948501586914,0.3277777777777778,0
1596167539.009999,240.79630756378174,0.3277777777777778,0
1596167539.019999,242.5967779159546,0.3277777777777778,0
1596167539.029999,244.3974199295044,0.3277777777777778,0
1596167539.039999,246.19960689544678,0.3277777777777778,0
1596167539.049999,247.99720191955566,0.3277777777777778,0
1596167539.059999,249.79715728759766,0.3277777777777778,0
1596167539.069999,251.59732723236084,0.3277777777777778,0
1596167539.079999,253.39822673797607,0.3277777777777778,0
1596167539.089999,255.19839668273926,0.3277777777777778,0
1596167539.099999,256.9981803894043,0.3277777777777778,0
1596167539.109999,258.79650497436523,0.3277777777777778,0
1596167539.119999,260.59740447998047,0.3277777777777778,0
1596167539.129999,262.39770317077637,0.3277777777777778,0
1596167539.139999,264.197958946228,0.3277777777777778,0
1596167539.149999,265.9995450973511,0.3277777777777778,0
1596167539.159999,267.79645347595215,0.3277777777777778,0
1596167539.169999,269.59911251068115,0.3277777777777778,0
1596167539.1799989,271.3993253707886,0.3277777777777778,0
1596167539.1899989,273.19679164886475,0.3277777777777778,0
1596167539.1999989,274.9980773925781,0.3277777777777778,0
1596167539.2099988,276.7975606918335,0.3277777777777778,0
1596167539.2199988,278.5993185043335,0.3277777777777778,0
1596167539.2299988,280.3996171951294,0.3277777777777778,0
1596167539.2399988,282.197340965271,0.3277777777777778,0
1596167539.2499988,283.99794006347656,0.3277777777777778,0
1596167539.2599988,285.7996120452881,0.3277777777777778,0
1596167539.2699988,287.5993528366089,0.3277777777777778,0
1596167539.2799988,289.39862155914307,0.3277777777777778,0
1596167539.2899988,291.1972894668579,0.3277777777777778,0
1596167539.2999988,292.99638652801514,0.3277777777777778,0
1596167539.3099988,294.7988739013672,0.3277777777777778,0
1596167539.3199987,296.5987434387207,0.3277777777777778,0
1596167539.3299987,298.3988275527954,0.3277777777777778,0
1596167539.3399987,300.19702339172363,0.3277777777777778,0
1596167539.3499987,301.99800872802734,0.3277777777777778,0
1596167539.3599987,303.79920864105225,0.3277777777777778,0
1596167539.3699987,305.59894943237305,0.3277777777777778,0
1596167539.3799987,307.3978748321533,0.3277777777777778,0
1596167539.3899987,309.19967555999756,0.3277777777777778,0
1596167539.3999987,310.99628353118896,0.3277777777777778,0
1596167539.4099987,312.79924297332764,0.3277777777777778,0
1596167539.4199986,314.59868335723877,0.3277777777777778,0
1596167539.4299986,316.39670753479004,0.3277777777777778,0
1596167539.4399986,318.19915199279785,0.3277777777777778,0
1596167539.4499986,319.9994077682495,0.3277777777777778,0
1596167539.4599986,321.7970886230469,0.3277777777777778,0
1596167539.4699986,323.5988893508911,0.3277777777777778,0
1596167539.4799986,325.397385597229,0.3277777777777778,0
1596167539.4899986,327.19952964782715,0.3277777777777778,0
1596167539.4999986,328.9983263015747,0.3277777777777778,0
1596167539.5099986,330.796350479126,0.3277777777777778,0
1596167539.5199986,332.5993528366089,0.3277777777777778,0
1596167539.5299985,334.39879322052,0.3277777777777778,0
1596167539.5399985,336.19780445098877,0.3277777777777778,0
1596167539.5499985,337.9990043640137,0.3277777777777778,0
1596167539.5599985,339.7973289489746,0.3277777777777778,0
1596167539.5699985,341.5996446609497,0.3277777777777778,0
1596167539.5799985,343.3990421295166,0.3277777777777778,0
1596167539.5899985,345.19959831237793,0.3277777777777778,0
1596167539.5999985,346.9987382888794,0.3277777777777778,0
1596167539.6099985,348.7989082336426,0.3277777777777778,0
1596167539.6199985,350.59817695617676,0.3277777777777778,0
1596167539.6299984,352.39778900146484,0.3277777777777778,0
1596167539.6399984,354.1982593536377,0.3277777777777778,0
1596167539.6499984,355.99692726135254,0.3277777777777778,0
1596167539.6599984,357.79769802093506,0.3277777777777778,0
1596167539.6699984,359.5976963043213,0.3277777777777778,0
1596167539.6722455,360,0.3277777777777778,1
1596167539.6722455,0,0,0
1596167539.6822455,1.802058219909668,0,0
1596167539.6922455,3.6017990112304688,0,0
1596167539.7022455,5.403170585632324,0,0
1596167539.7122455,7.200379371643066,0,0
1596167539.7222455,9.000720977783203,0,0
1596167539.7322454,10.800933837890625,0,0
1596167539.7422454,12.600975036621094,0,0
1596167539.7522454,14.399986267089844,0,0
1596167539.7622454,16.20333194732666,0,0
1596167539.7722454,18.000926971435547,0,0
1596167539.7822454,19.80234146118164,0,0
1596167539.7922454,21.600279808044434,0,0
1596167539.8022454,23.40036392211914,0,0
1596167539.8122454,25.200490951538086,0,0
1596167539.8222454,27.000274658203125,0,0
1596167539.8322453,28.802590370178223,0,0
1596167539.8422453,30.6003999710083,0,0
1596167539.8522453,32.400527000427246,0,0
1596167539.8622453,34.202284812927246,0,0
1596167539.8722453,36.00048065185547,0,0
1596167539.8822453,37.80172348022461,0,0
1596167539.8922453,39.6031379699707,0,0
1596167539.9022453,41.40240669250488,0,0
1596167539.9122453,43.20176124572754,0,0
1596167539.9222453,45.00266075134277,0,0
1596167539.9322453,46.80308818817139,0,0
1596167539.9422452,48.603172302246094,0,0
1596167539.9522452,50.40282726287842,0,0
1596167539.9622452,52.203168869018555,0,0
1596167539.9722452,54.00033473968506,0,0
1596167539.9822452,55.80286502838135,0,0
1596167539.9922452,57.60251998901367,0,0
1596167540.0022452,59.399986267089844,0,0
1596167540.0122452,61.200971603393555,0,0
1596167540.0222452,63.00302982330322,0,0
1596167540.0322452,64.80307102203369,0,0
1596167540.0422451,66.60276889801025,0,0
1596167540.0522451,68.40341091156006,0,0
1596167540.0622451,70.20250797271729,0,0
1596167540.0722451,72.00224876403809,0,0
1596167540.082245,73.80125999450684,0,0
1596167540.092245,75.60254573822021,0,0
1596167540.102245,77.40095615386963,0,0
1596167540.112245,79.20052528381348,0,0
1596167540.122245,81.00026607513428,0,0
1596167540.132245,82.8008222579956,0,0
1596167540.142245,84.60176467895508,0,0
1596167540.152245,86.40026092529297,0,0
1596167540.162245,88.20008754730225,0,0
1596167540.172245,90.00102996826172,0,0
1596167540.182245,91.80089950561523,0,0
1596167540.192245,93.60072612762451,0,0
1596167540.202245,95.40046691894531,0,0
1596167540.212245,97.20312595367432,0,0
1596167540.222245,99.0029525756836,0,0
1596167540.232245,100.80243587493896,0,0
1596167540.242245,102.60312080383301,0,0
1596167540.252245,104.40226078033447,0,0
1596167540.262245,106.20028495788574,0,0
1596167540.272245,108.00135612487793,0,0
1596167540.282245,109.80277061462402,0,0
1596167540.292245,111.6016960144043,0,0
1596167540.302245,113.40306758880615,0,0
1596167540.312245,115.19993305206299,0,0
1596167540.322245,117.0029354095459,0,0
1596167540.3322449,118.8015604019165,0,0
1596167540.3422449,120.60048580169678,0,0
1596167540.3522449,122.40108489990234,0,0
1596167540.3622448,124.20069694519043,0,0
1596167540.3722448,126.0025405883789,0,0
1596167540.3822448,127.80004978179932,0,0
1596167540.3922448,129.6007776260376,0,0
1596167540.4022448,131.40099048614502,0,0
1596167540.4122448,133.20120334625244,0,0
1596167540.4222448,135.00253200531006,0,0
1596167540.4322448,136.80162906646729,0,0
1596167540.4422448,138.60068321228027,0,0
1596167540.4522448,140.40016651153564,0,0
1596167540.4622447,142.20273971557617,0,0
1596167540.4694903,143.50406169891357,0,0
1596167540.4694903,143.50406169891357,0.0,0
1596167540.4722447,144.0023946762085,0.0,0
1596167540.4822447,145.80084800720215,0.0,0
1596167540.4922447,147.60015964508057,0.0,0
1596167540.5022447,149.402174949646,0.0,0
1596167540.5122447,151.202130317688,0.0,0
1596167540.5222447,153.00127029418945,0.0,0
1596167540.5322447,154.8019552230835,0.0,0
1596167540.5422447,156.6020393371582,0.0,0
1596167540.5522447,158.40259552001953,0.0,0
1596167540.5622447,160.20190715789795,0.0,0
1596167540.5722446,162.00302124023438,0.0,0
1596167540.5822446,163.80220413208008,0.0,0
1596167540.5922446,165.6000566482544,0.0,0
1596167540.6022446,167.40074157714844,0.0,0
1596167540.6122446,169.203143119812,0.0,0
1596167540.6222446,171.00103855133057,0.0,0
1596167540.6322446,172.79987812042236,0.0,0
1596167540.6422446,174.6029233932495,0.0,0
1596167540.6522446,176.40270709991455,0.0,0
1596167540.6622446,178.20051670074463,0.0,0
1596167540.6722445,180.00107288360596,0.0,0
1596167540.6822445,181.80240154266357,0.0,0
1596167540.6922445,183.60029697418213,0.0,0
1596167540.7022445,185.40299892425537,0.0,0
1596167540.7122445,187.20128059387207,0.0,0
1596167540.7222445,189.00222301483154,0.0,0
1596167540.7322445,190.80097675323486,0.0,0
1596167540.7422445,192.60320663452148,0.0,0
1596167540.7522445,194.40311908721924,0.0,0
1596167540.7622445,196.20140075683594,0.0,0
1596167540.7722445,198.0024290084839,0.0,0
1596167540.7822444,199.79985237121582,0.0,0
1596167540.7922444,201.60143852233887,0.0,0
1596167540.7958684,202.2521209716797,0.0,0
1596167540.7958684,202.2521209716797,0.0,0
1596167540.8022444,203.39984893798828,0.0,0
1596167540.8122444,205.20092010498047,0.0,0
1596167540.8222444,207.00302124023438,0.0,0
1596167540.8322444,208.80078792572021,0.0,0
1596167540.8422444,210.60190200805664,0.0,0
1596167540.8522444,212.4029302597046,0.0,0
1596167540.8622444,214.20164108276367,0.0,0
1596167540.8722444,216.00082397460938,0.0,0
1596167540.8822443,217.8031826019287,0.0,0
1596167540.8922443,219.60082054138184,0.0,0
1596167540.9022443,221.40133380889893,0.0,0
1596167540.9122443,223.20008754730225,0.0,0
1596167540.9222443,225.0016736984253,0.0,0
1596167540.9322443,226.80072784423828,0.0,0
1596167540.9422443,228.60106945037842,0.0,0
1596167540.9522443,230.4012393951416,0.0,0
1596167540.9622443,232.20072269439697,0.0,0
1596167540.9722443,234.00256633758545,0.0,0
1596167540.9822443,235.80119132995605,0.0,0
1596167540.9922442,237.60093212127686,0.0,0
1596167541.0022442,239.40277576446533,0.0,0
1596167541.0122442,241.2015724182129,0.0,0
1596167541.0222442,243.00079822540283,0.0,0
1596167541.0322442,244.8001527786255,0.0,0
1596167541.0422442,246.60010814666748,0.0,0
1596167541.0522442,248.39989185333252,0.0,0
1596167541.0622442,250.20306587219238,0.0,0
1596167541.0722442,252.002592086792,0.0,0
1596167541.0822442,253.7997579574585,0.0,0
1596167541.0922441,255.6009578704834,0.0,0
1596167541.1022441,257.4011707305908,0.0,0
1596167541.1122441,259.20207023620605,0.0,0
1596167541.1222441,261.00181102752686,0.0,0
1596167541.132244,262.800350189209,0.0,0
1596167541.142244,264.60185050964355,0.0,0
1596167541.152244,266.401162147522,0.0,0
1596167541.162244,268.2012462615967,0.0,0
1596167541.172244,270.00115871429443,0.0,0
1596167541.182244,271.7998266220093,0.0,0
1596167541.192244,273.60076904296875,0.0,0
1596167541.202244,275.40063858032227,0.0,0
1596167541.212244,277.20136642456055,0.0,0
1596167541.222244,279.0030813217163,0.0,0
1596167541.232244,280.8024787902832,0.0,0
1596167541.242244,282.60015964508057,0.0,0
1596167541.252244,284.3998146057129,0.0,0
1596167541.262244,286.2006711959839,0.0,0
1596167541.272244,288.0031156539917,0.0,0
1596167541.282244,289.8023843765259,0.0,0
1596167541.292244,291.60298347473145,0.0,0
1596167541.302244,293.40195178985596,0.0,0
1596167541.312244,295.20212173461914,0.0,0
1596167541.322244,297.00018882751465,0.0,0
1596167541.332244,298.80061626434326,0.0,0
1596167541.342244,300.6004858016968,0.0,0
1596167541.352244,302.4020290374756,0.0,0
1596167541.362244,304.19992446899414,0.0,0
1596167541.372244,306.00215435028076,0.0,0
1596167541.3822439,307.80210971832275,0.0,0
1596167541.3922439,309.60206508636475,0.0,0
1596167541.4022439,311.4012050628662,0.0,0
1596167541.4122438,313.20231914520264,0.0,0
1596167541.4222438,315.00253200531006,0.0,0
1596167541.4322438,316.80201530456543,0.0,0
1596167541.4422438,318.60089778900146,0.0,0
1596167541.4522438,320.40128231048584,0.0,0
1596167541.4622438,322.2020959854126,0.0,0
1596167541.4722438,324.0008497238159,0.0,0
1596167541.4822438,325.8016633987427,0.0,0
1596167541.4922438,327.6027774810791,0.0,0
1596167541.5022438,329.40191745758057,0.0,0
1596167541.5122437,331.2028169631958,0.0,0
1596167541.5222437,333.0012273788452,0.0,0
1596167541.5322437,334.8023843765259,0.0,0
1596167541.5422437,336.60276889801025,0.0,0
1596167541.5522437,338.4007930755615,0.0,0
1596167541.5622437,340.20237922668457,0.0,0
1596167541.5722437,342.00310707092285,0.0,0
1596167541.5822437,343.80151748657227,0.0,0
1596167541.5922437,345.60314655303955,0.0,0
1596167541.6022437,347.4011707305908,0.0,0
1596167541.6122437,349.20018196105957,0.0,0
1596167541.6222436,351.00279808044434,0.0,0
1596167541.6322436,352.803053855896,0.0,0
1596167541.6422436,354.6016788482666,0.0,0
1596167541.6522436,356.40026092529297,0.0,0
1596167541.6622436,358.2028341293335,0.0,0
1596167541.6722627,360,0.0,1
1596167541.6722627,0,0,0
1596167541.6822627,1.8002986907958984,0,0
1596167541.6922626,3.6031723022460938,0,0
1596167541.7022626,5.400981903076172,0,0
1596167541.7122626,7.20304012298584,0,0
1596167541.7222626,9.003252983093262,0,0
1596167541.7322626,10.800418853759766,0,0
1596167541.7422626,12.600374221801758,0,0
1596167541.7522626,14.403204917907715,0,0
1596167541.7622626,16.203031539916992,0,0
1596167541.7722626,18.00234317779541,0,0
1596167541.7822626,19.801783561706543,0,0
1596167541.7922626,21.601781845092773,0,0
1596167541.8022625,23.40113639831543,0,0
1596167541.8122625,25.20066261291504,0,0
1596167541.8222625,27.001733779907227,0,0
1596167541.8322625,28.802289962768555,0,0
1596167541.8422625,30.603232383728027,0,0
1596167541.8522625,32.40087032318115,0,0
1596167541.8622625,34.202027320861816,0,0
1596167541.8722625,36.00202560424805,0,0
1596167541.8822625,37.802109718322754,0,0
1596167541.8922625,39.6002197265625,0,0
1596167541.9022624,41.400861740112305,0,0
1596167541.9122624,43.20128917694092,0,0
1596167541.9222624,45.00278949737549,0,0
1596167541.9322624,46.802873611450195,0,0
1596167541.9422624,48.602614402770996,0,0
1596167541.9522624,50.40020942687988,0,0
1596167541.9622624,52.20046520233154,0,0
1596167541.9722624,54.00303840637207,0,0
1596167541.978476,55.118408203125,0,0
1596167541.978476,138.24372777540268,0.46180733095709825,0
1596167541.9822624,138.92586717207016,0.46180733095709825,0
1596167541.9922624,140.72526464063705,0.46180733095709825,0
1596167542.0022624,142.52586373884262,0.46180733095709825,0
1596167542.0122623,144.32762155134262,0.46180733095709825,0
1596167542.0222623,146.1257744749266,0.46180733095709825,0
1596167542.0322623,147.92757520277084,0.46180733095709825,0
1596167542.0422623,149.72645768720687,0.46180733095709825,0
1596167542.0522623,151.52808675367416,0.46180733095709825,0
1596167542.0622623,153.32649716932357,0.46180733095709825,0
1596167542.0722623,155.1270533521849,0.46180733095709825,0
1596167542.0822623,156.9270087202269,0.46180733095709825,0
1596167542.0922623,158.7268782575804,0.46180733095709825,0
1596167542.1022623,160.52709111768783,0.46180733095709825,0
1596167542.1122622,162.32820520002426,0.46180733095709825,0
1596167542.1222622,164.1268731077391,0.46180733095709825,0
1596167542.1322622,165.92541226942123,0.46180733095709825,0
1596167542.1422622,167.72648343641342,0.46180733095709825,0
1596167542.1522622,169.52558049757064,0.46180733095709825,0
1596167542.1622622,171.32815370161117,0.46180733095709825,0
1596167542.1722622,173.1280232389647,0.46180733095709825,0
1596167542.1822622,174.9255324323851,0.46180733095709825,0
1596167542.1922622,176.72690400678695,0.46180733095709825,0
1596167542.2022622,178.526687713452,0.46180733095709825,0
1596167542.2122622,180.32775888044418,0.46180733095709825,0
1596167542.2222621,182.12578305799545,0.46180733095709825,0
1596167542.2322621,183.92814168531478,0.46180733095709825,0
1596167542.2422621,185.72715291578353,0.46180733095709825,0
1596167542.252262,187.52564916212143,0.46180733095709825,0
1596167542.262262,189.32560453016342,0.46180733095709825,0
1596167542.272262,191.12770566541732,0.46180733095709825,0
1596167542.282262,192.9260731657225,0.46180733095709825,0
1596167542.292262,194.7265864332396,0.46180733095709825,0
1596167542.302262,196.52684220869125,0.46180733095709825,0
1596167542.312262,198.32757005292953,0.46180733095709825,0
1596167542.322262,200.12640962202133,0.46180733095709825,0
1596167542.332262,201.928467841931,0.46180733095709825,0
1596167542.342262,203.72644910413803,0.46180733095709825,0
1596167542.352262,205.52799233991684,0.46180733095709825,0
1596167542.362262,207.32605943281234,0.46180733095709825,0
1596167542.372262,209.12781724531234,0.46180733095709825,0
1596167542.382262,210.92811593610824,0.46180733095709825,0
1596167542.392262,212.72541055280746,0.46180733095709825,0
1596167542.402262,214.52673921186508,0.46180733095709825,0
1596167542.412262,216.3286257703978,0.46180733095709825,0
1596167542.422262,218.12767991621078,0.46180733095709825,0
1596167542.432262,219.9275494535643,0.46180733095709825,0
1596167542.442262,221.72720441419662,0.46180733095709825,0
1596167542.452262,223.526687713452,0.46180733095709825,0
1596167542.462262,225.32625684339584,0.46180733095709825,0
1596167542.472262,227.12827214796127,0.46180733095709825,0
1596167542.482262,228.92822751600326,0.46180733095709825,0
1596167542.492262,230.72595128614486,0.46180733095709825,0
1596167542.5022619,232.52556333143295,0.46180733095709825,0
1596167542.5122619,234.32852277357162,0.46180733095709825,0
1596167542.5222619,236.12749108869613,0.46180733095709825,0
1596167542.5322618,237.9273177107054,0.46180733095709825,0
1596167542.5422618,239.7280455549437,0.46180733095709825,0
1596167542.5522618,241.52705678541244,0.46180733095709825,0
1596167542.5622618,243.3264113386351,0.46180733095709825,0
1596167542.5722618,245.1278258283812,0.46180733095709825,0
1596167542.5822618,246.9282532652098,0.46180733095709825,0
1596167542.5922618,248.7269640882689,0.46180733095709825,0
1596167542.6022618,250.52747735578598,0.46180733095709825,0
1596167542.6122618,252.3253298719603,0.46180733095709825,0
1596167542.6222618,254.12605771619857,0.46180733095709825,0
1596167542.6322618,255.92747220594467,0.46180733095709825,0
1596167542.6422617,257.72614011365954,0.46180733095709825,0
1596167542.6522617,259.52553758222643,0.46180733095709825,0
1596167542.6622617,261.32699498731677,0.46180733095709825,0
1596167542.6722617,263.12536248762194,0.46180733095709825,0
1596167542.6822617,264.9257040937621,0.46180733095709825,0
1596167542.6922617,266.726002784558,0.46180733095709825,0
1596167542.7022617,268.5262156446654,0.46180733095709825,0
1596167542.7122617,270.327544303723,0.46180733095709825,0
1596167542.7222617,272.12629804212634,0.46180733095709825,0
1596167542.7322617,273.9268971403319,0.46180733095709825,0
1596167542.7422616,275.72702416975085,0.46180733095709825,0
1596167542.7522616,277.52689370710436,0.46180733095709825,0
1596167542.7622616,279.32629117567126,0.46180733095709825,0
1596167542.7722616,281.1270619352538,0.46180733095709825,0
1596167542.7822616,282.9266310651976,0.46180733095709825,0
1596167542.7922616,284.7256852110106,0.46180733095709825,0
1596167542.79609,285.4142189939696,0.46180733095709825,0
1596167542.79609,285.4142189939696,0.46180733095709825,0
1596167542.8022616,286.52679929334704,0.46180733095709825,0
1596167542.8122616,288.32812795240466,0.46180733095709825,0
1596167542.8222616,290.1282549818236,0.46180733095709825,0
1596167542.8322616,291.92559251386706,0.46180733095709825,0
1596167542.8422616,293.72722158033434,0.46180733095709825,0
1596167542.8522615,295.5273915250975,0.46180733095709825,0
1596167542.8622615,297.326531501599,0.46180733095709825,0
1596167542.8722615,299.1271735151488,0.46180733095709825,0
1596167542.8822615,300.9281588514525,0.46180733095709825,0
1596167542.8922615,302.7275563200194,0.46180733095709825,0
1596167542.9022615,304.5274258573729,0.46180733095709825,0
1596167542.9122615,306.3274670561034,0.46180733095709825,0
1596167542.9222615,308.1283236463744,0.46180733095709825,0
1596167542.9322615,309.9254036863524,0.46180733095709825,0
1596167542.9422615,311.7253590543944,0.46180733095709825,0
1596167542.9522614,313.52561482984606,0.46180733095709825,0
1596167542.9622614,315.3269864042479,0.46180733095709825,0
1596167542.9722614,317.12857255537097,0.46180733095709825,0
1596167542.9822614,318.9253092725951,0.46180733095709825,0
1596167542.9922614,320.7250929792601,0.46180733095709825,0
1596167543.0022614,322.52655038435046,0.46180733095709825,0
1596167543.0122614,324.32727822858874,0.46180733095709825,0
1596167543.0222614,326.127104850598,0.46180733095709825,0
1596167543.0322614,327.9256010969359,0.46180733095709825,0
1596167543.0422614,329.7255564649779,0.46180733095709825,0
1596167543.0522614,331.5277434309203,0.46180733095709825,0
1596167543.0622613,333.32654008466784,0.46180733095709825,0
1596167543.0722613,335.1279116590697,0.46180733095709825,0
1596167543.0822613,336.9258500059325,0.46180733095709825,0
1596167543.0922613,338.72533330518786,0.46180733095709825,0
1596167543.1022613,340.52743444044177,0.46180733095709825,0
1596167543.1122613,342.3255444486815,0.46180733095709825,0
1596167543.1222613,344.1274310072142,0.46180733095709825,0
1596167543.1322613,345.9256697614867,0.46180733095709825,0
1596167543.1422613,347.7269984205443,0.46180733095709825,0
1596167543.1522613,349.5262671430785,0.46180733095709825,0
1596167543.1622612,351.32832536298815,0.46180733095709825,0
1596167543.1722612,353.1272078474242,0.46180733095709825,0
1596167543.1822612,354.92587575513903,0.46180733095709825,0
1596167543.1922612,356.7255736311156,0.46180733095709825,0
1596167543.2022612,358.5274601896483,0.46180733095709825,0
1596167543.21047,360,0.46180733095709825,1
1596167543.21047,0,0,0
1596167543.22047,1.8008995056152344,0,0
1596167543.23047,3.600640296936035,0,0
1596167543.24047,5.402569770812988,0,0
1596167543.25047,7.201666831970215,0,0
1596167543.26047,8.999991416931152,0,0
1596167543.27047,10.802006721496582,0,0
1596167543.28047,12.600502967834473,0,0
1596167543.29047,14.400200843811035,0,0
1596167543.3004699,16.200671195983887,0,0
1596167543.3104699,18.00285816192627,0,0
1596167543.3204699,19.801311492919922,0,0
1596167543.3304698,21.600923538208008,0,0
1596167543.3404698,23.40315341949463,0,0
1596167543.3504698,25.203065872192383,0,0
1596167543.3604698,27.002806663513184,0,0
1596167543.3704698,28.802204132080078,0,0
1596167543.3804698,30.600571632385254,0,0
1596167543.3904698,32.4001407623291,0,0
1596167543.4004698,34.2018985748291,0,0
1596167543.4104698,36.00301265716553,0,0
1596167543.4204698,37.80112266540527,0,0
1596167543.4304698,39.6022367477417,0,0
1596167543.4404697,41.40193462371826,0,0
1596167543.4504697,43.200387954711914,0,0
1596167543.4604697,45.003390312194824,0,0
1596167543.4704697,46.801114082336426,0,0
1596167543.4804697,48.603386878967285,0,0
1596167543.4904697,50.40106773376465,0,0
1596167543.5004697,52.203125953674316,0,0
1596167543.5104697,54.00007724761963,0,0
1596167543.5204697,55.80260753631592,0,0
1596167543.5304697,57.60088920593262,0,0
1596167543.5404696,59.401917457580566,0,0
1596167543.5504696,61.20290279388428,0,0
1596167543.5604696,63.00041198730469,0,0
1596167543.5704696,64.80264186859131,0,0
1596167543.5804696,66.60105228424072,0,0
1596167543.5904696,68.40057849884033,0,0
1596167543.6004696,70.2020788192749,0,0
1596167543.6104696,72.00117588043213,0,0
1596167543.6204696,73.80048751831055,0,0
1596167543.6304696,75.60138702392578,0,0
1596167543.6404696,77.40335941314697,0,0
1596167543.6504695,79.2024564743042,0,0
1596167543.6604695,80.99996566772461,0,0
1596167543.6704695,82.8004789352417,0,0
1596167543.6804695,84.60262298583984,0,0
1596167543.6904695,86.40133380889893,0,0
1596167543.7004695,88.20090293884277,0,0
1596167543.7104695,90.0003433227539,0,0
1596167543.7204695,91.80214405059814,0,0
1596167543.7304695,93.6011552810669,0,0
1596167543.7404695,95.4017972946167,0,0
1596167543.7504694,97.20218181610107,0,0
1596167543.7604694,99.00290966033936,0,0
1596167543.7704694,100.80329418182373,0,0
1596167543.7804694,102.6007604598999,0,0
1596167543.7904694,104.40200328826904,0,0
1596167543.8004694,106.20213031768799,0,0
1596167543.8104694,108.00157070159912,0,0
1596167543.8204694,109.80234146118164,0,0
1596167543.8304694,111.60161018371582,0,0
1596167543.8404694,113.4028959274292,0,0
1596167543.8504694,115.2009630203247,0,0
1596167543.8604693,117.00083255767822,0,0
1596167543.8704693,118.80228996276855,0,0
1596167543.8804693,120.6007432937622,0,0
1596167543.8904693,122.40164279937744,0,0
1596167543.9004693,124.20061111450195,0,0
1596167543.9104693,126.00082397460938,0,0
1596167543.9204693,127.79996395111084,0,0
1596167543.9304693,129.60288047790527,0,0
1596167543.9404693,131.4021921157837,0,0
1596167543.9504693,133.2031774520874,0,0
1596167543.9604692,135.00248908996582,0,0
1596167543.9704692,136.8021011352539,0,0
1596167543.978703,138.28195095062256,0,0
1596167543.978703,360.0,1.231766939163208,0
1596167543.978821,360,1.231766939163208,1
1596167543.978821,0,0,0
1596167543.988821,1.802058219909668,0,0
1596167543.998821,3.6004257202148438,0,0
1596167544.008821,5.399994850158691,0,0
1596167544.018821,7.200722694396973,0,0
1596167544.028821,9.000849723815918,0,0
1596167544.038821,10.80080509185791,0,0
1596167544.048821,12.601103782653809,0,0
1596167544.058821,14.40131664276123,0,0
1596167544.068821,16.202516555786133,0,0
1596167544.078821,18.00114154815674,0,0
1596167544.088821,19.802727699279785,0,0
1596167544.098821,21.603069305419922,0,0
1596167544.108821,23.402552604675293,0,0
1596167544.118821,25.20092010498047,0,0
1596167544.128821,27.001261711120605,0,0
1596167544.138821,28.80138874053955,0,0
1596167544.1488209,30.600485801696777,0,0
1596167544.1588209,32.400827407836914,0,0
1596167544.1688209,34.20310020446777,0,0
1596167544.1788208,36.00112438201904,0,0
1596167544.1850824,37.12705135345459,0,0
1596167544.1850824,104.62284830960867,0.37497664975641154,0
1596167544.1888208,105.29760626706717,0.37497664975641154,0
1596167544.1988208,107.09644583615896,0.37497664975641154,0
1596167544.2088208,108.8979032412493,0.37497664975641154,0
1596167544.2188208,110.69584158811209,0.37497664975641154,0
1596167544.2288208,112.49914435300467,0.37497664975641154,0
1596167544.2388208,114.29781226071951,0.37497664975641154,0
1596167544.2488208,116.09759596738455,0.37497664975641154,0
1596167544.2588208,117.89712218198416,0.37497664975641154,0
1596167544.2688208,119.69712046537039,0.37497664975641154,0
1596167544.2788208,121.49604586515066,0.37497664975641154,0
1596167544.2888207,123.29690245542166,0.37497664975641154,0
1596167544.2988207,125.09621409330008,0.37497664975641154,0
1596167544.3088207,126.89895895871756,0.37497664975641154,0
1596167544.3188207,128.69732645902272,0.37497664975641154,0
1596167544.3288207,130.49663809690114,0.37497664975641154,0
1596167544.3388207,132.29783800992604,0.37497664975641154,0
1596167544.3488207,134.09873751554127,0.37497664975641154,0
1596167544.3588207,135.89633253965016,0.37497664975641154,0
1596167544.3688207,137.69787577542897,0.37497664975641154,0
1596167544.3788207,139.49692992124196,0.37497664975641154,0
1596167544.3888206,141.2983873263323,0.37497664975641154,0
1596167544.3988206,143.09671191129323,0.37497664975641154,0
1596167544.4088206,144.89589480313893,0.37497664975641154,0
1596167544.4188206,146.69791010770436,0.37497664975641154,0
1596167544.4288206,148.4978225604021,0.37497664975641154,0
1596167544.4388206,150.29683379087086,0.37497664975641154,0
1596167544.4488206,152.09670332822438,0.37497664975641154,0
1596167544.4588206,153.89592913541432,0.37497664975641154,0
1596167544.4688206,155.69661406430836,0.37497664975641154,0
1596167544.4788206,157.49648360166188,0.37497664975641154,0
1596167544.4888206,159.29854182157155,0.37497664975641154,0
1596167544.4988205,161.09763888272877,0.37497664975641154,0
1596167544.5088205,162.89733675870534,0.37497664975641154,0
1596167544.5188205,164.69699171933766,0.37497664975641154,0
1596167544.5288205,166.49686125669118,0.37497664975641154,0
1596167544.5388205,168.2968595400774,0.37497664975641154,0
1596167544.5488205,170.09578493985768,0.37497664975641154,0
1596167544.5588205,171.89831522855397,0.37497664975641154,0
1596167544.5688205,173.69586733731862,0.37497664975641154,0
1596167544.5788205,175.49835471067067,0.37497664975641154,0
1596167544.5888205,177.29788092527028,0.37497664975641154,0
1596167544.5988204,179.09762171659108,0.37497664975641154,0
1596167544.6088204,180.89847830686207,0.37497664975641154,0
1596167544.6188204,182.69873408231373,0.37497664975641154,0
1596167544.6288204,184.4982173815691,0.37497664975641154,0
1596167544.6388204,186.29890231046315,0.37497664975641154,0
1596167544.6488204,188.09911517057057,0.37497664975641154,0
1596167544.6588204,189.89739684018727,0.37497664975641154,0
1596167544.6688204,191.6979530230486,0.37497664975641154,0
1596167544.6788204,193.49799422177907,0.37497664975641154,0
1596167544.6888204,195.29829291257496,0.37497664975641154,0
1596167544.6988204,197.09769038114186,0.37497664975641154,0
1596167544.7088203,198.89721659574147,0.37497664975641154,0
1596167544.7188203,200.69695738706227,0.37497664975641154,0
1596167544.7288203,202.49854353818532,0.37497664975641154,0
1596167544.7388203,204.29678229245778,0.37497664975641154,0
1596167544.7488203,206.09596518430348,0.37497664975641154,0
1596167544.7588203,207.89892462644215,0.37497664975641154,0
1596167544.7688203,209.6971633807146,0.37497664975641154,0
1596167544.7788203,211.49729041013356,0.37497664975641154,0
1596167544.7888203,213.2986619845354,0.37497664975641154,0
1596167544.7988203,215.09629992398854,0.37497664975641154,0
1596167544.8088202,216.8971135989153,0.37497664975641154,0
1596167544.8188202,218.69749812039967,0.37497664975641154,0
1596167544.8288202,220.49899844083424,0.37497664975641154,0
1596167544.8388202,222.29586390409108,0.37497664975641154,0
1596167544.8488202,224.09710673246022,0.37497664975641154,0
1596167544.8588202,225.8986070528948,0.37497664975641154,0
1596167544.8688202,227.6963308230364,0.37497664975641154,0
1596167544.8788202,229.49611452970143,0.37497664975641154,0
1596167544.8888202,231.2981727496111,0.37497664975641154,0
1596167544.8988202,233.0967977419817,0.37497664975641154,0
1596167544.9088202,234.89572314176198,0.37497664975641154,0
1596167544.9188201,236.69623640927907,0.37497664975641154,0
1596167544.9288201,238.4989383593523,0.37497664975641154,0
1596167544.9388201,240.29752043637868,0.37497664975641154,0
1596167544.94882,242.096274174782,0.37497664975641154,0
1596167544.95882,243.89790324124928,0.37497664975641154,0
1596167544.96882,245.69592741880055,0.37497664975641154,0
1596167544.97882,247.49798563871022,0.37497664975641154,0
1596167544.98882,249.2961385622942,0.37497664975641154,0
1596167544.99882,251.0983255282366,0.37497664975641154,0
1596167545.00882,252.89699343595143,0.37497664975641154,0
1596167545.01882,254.69617632779713,0.37497664975641154,0
1596167545.02882,256.49836329373954,0.37497664975641154,0
1596167545.03882,258.29746035489677,0.37497664975641154,0
1596167545.04882,260.09720114621757,0.37497664975641154,0
1596167545.05882,261.89646986875175,0.37497664975641154,0
1596167545.06882,263.6990430727923,0.37497664975641154,0
1596167545.07882,265.4984834567034,0.37497664975641154,0
1596167545.08882,267.2985675707781,0.37497664975641154,0
1596167545.09882,269.09702090177177,0.37497664975641154,0
1596167545.10882,270.89873579892753,0.37497664975641154,0
1596167545.11882,272.6977899447405,0.37497664975641154,0
1596167545.12882,274.4968440905535,0.37497664975641154,0
1596167545.13882,276.2963703051531,0.37497664975641154,0
1596167545.14882,278.0963256731951,0.37497664975641154,0
1596167545.15882,279.89589480313896,0.37497664975641154,0
1596167545.16882,281.69743803891777,0.37497664975641154,0
1596167545.17882,283.49760798368095,0.37497664975641154,0
1596167545.18882,285.29769209775566,0.37497664975641154,0
1596167545.1988199,287.0975616351092,0.37497664975641154,0
1596167545.2088199,288.8964441195452,0.37497664975641154,0
1596167545.2188199,290.69768694791435,0.37497664975641154,0
1596167545.2288198,292.49845770749687,0.37497664975641154,0
1596167545.2388198,294.29661063108085,0.37497664975641154,0
1596167545.2488198,296.09858302030204,0.37497664975641154,0
1596167545.2588198,297.8970363512957,0.37497664975641154,0
1596167545.2688198,299.6958759203875,0.37497664975641154,0
1596167545.2788198,301.4978483096087,0.37497664975641154,0
1596167545.2888198,303.29595831784843,0.37497664975641154,0
1596167545.2988198,305.097458638283,0.37497664975641154,0
1596167545.3088198,306.8984439745867,0.37497664975641154,0
1596167545.3188198,308.69775561246513,0.37497664975641154,0
1596167545.3288198,310.4987838641131,0.37497664975641154,0
1596167545.3388197,312.2957351580584,0.37497664975641154,0
1596167545.3488197,314.097965039345,0.37497664975641154,0
1596167545.3588197,315.89727667722343,0.37497664975641154,0
1596167545.3688197,317.6983049288714,0.37497664975641154,0
1596167545.3788197,319.4960716143572,0.37497664975641154,0
1596167545.3888197,321.2971427813494,0.37497664975641154,0
1596167545.3988197,323.0985572710955,0.37497664975641154,0
1596167545.4088197,324.8969676867449,0.37497664975641154,0
1596167545.4188197,326.69696597013115,0.37497664975641154,0
1596167545.4288197,328.4963205233538,0.37497664975641154,0
1596167545.4388196,330.2962758913958,0.37497664975641154,0
1596167545.4488196,332.09717539701103,0.37497664975641154,0
1596167545.4588196,333.8988902941668,0.37497664975641154,0
1596167545.4688196,335.69790152463554,0.37497664975641154,0
1596167545.4788196,337.497041501137,0.37497664975641154,0
1596167545.4888196,339.2980268374407,0.37497664975641154,0
1596167545.4988196,341.0966089144671,0.37497664975641154,0
1596167545.5088196,342.89819506559013,0.37497664975641154,0
1596167545.5188196,344.69772128018974,0.37497664975641154,0
1596167545.5288196,346.4978483096087,0.37497664975641154,0
1596167545.5388196,348.29844740781425,0.37497664975641154,0
1596167545.5488195,350.09887484464286,0.37497664975641154,0
1596167545.5588195,351.8984439745867,0.37497664975641154,0
1596167545.5688195,353.69844225797294,0.37497664975641154,0
1596167545.5788195,355.49783972653984,0.37497664975641154,0
1596167545.5888195,357.2983529940569,0.37497664975641154,0
1596167545.5977077,358.8954046145403,0.37497664975641154,0
1596167545.5977077,358.8954046145403,0.37497664975641154,0
1596167545.5988195,359.0958192721331,0.37497664975641154,0
1596167545.603853,360,0.37497664975641154,1
1596167545.603853,0,0,0
1596167545.613853,1.8033027648925781,0,0
1596167545.623853,3.600168228149414,0,0
1596167545.633853,5.401754379272461,0,0
1596167545.643853,7.201237678527832,0,0
1596167545.653853,9.001493453979492,0,0
1596167545.663853,10.80132007598877,0,0
1596167545.673853,12.601447105407715,0,0
1596167545.683853,14.401016235351562,0,0
1596167545.693853,16.200928688049316,0,0
1596167545.703853,18.001914024353027,0,0
1596167545.713853,19.801011085510254,0,0
1596167545.7238529,21.601309776306152,0,0
1596167545.7338529,23.401436805725098,0,0
1596167545.7438529,25.20285129547119,0,0
1596167545.7538528,27.000961303710938,0,0
1596167545.7638528,28.801088333129883,0,0
1596167545.7738528,30.601515769958496,0,0
1596167545.7838528,32.402029037475586,0,0
1596167545.7938528,34.20211315155029,0,0
1596167545.8038528,36.00266933441162,0,0
1596167545.8138528,37.80150890350342,0,0
1596167545.8238528,39.601120948791504,0,0
1596167545.8338528,41.40189170837402,0,0
1596167545.8438528,43.20128917694092,0,0
1596167545.8538527,45.001888275146484,0,0
1596167545.8638527,46.80094242095947,0,0
1596167545.8738527,48.60209941864014,0,0
1596167545.8838527,50.40072441101074,0,0
1596167545.8938527,52.20059394836426,0,0
1596167545.9038527,54.00226593017578,0,0
1596167545.9138527,55.8001184463501,0,0
1596167545.9238527,57.60264873504639,0,0
1596167545.9338527,59.40062999725342,0,0
1596167545.9438527,61.20230197906494,0,0
1596167545.9538527,63.00204277038574,0,0
1596167545.9638526,64.80071067810059,0,0
1596167545.9738526,66.60208225250244,0,0
1596167545.9838526,68.40259552001953,0,0
1596167545.9938526,70.20083427429199,0,0
1596167546.0038526,72.00139045715332,0,0
1596167546.0138526,73.80314826965332,0,0
1596167546.0238526,75.60314655303955,0,0
1596167546.0338526,77.40202903747559,0,0
1596167546.0438526,79.20254230499268,0,0
1596167546.0538526,81.0025405883789,0,0
1596167546.0638525,82.80245304107666,0,0
1596167546.0738525,84.60026264190674,0,0
1596167546.0838525,86.4028787612915,0,0
1596167546.0938525,88.20214748382568,0,0
1596167546.1038525,90.0023603439331,0,0
1596167546.1138525,91.80235862731934,0,0
1596167546.1238525,93.60209941864014,0,0
1596167546.1338525,95.40008068084717,0,0
1596167546.1438525,97.20102310180664,0,0
1596167546.1538525,99.00140762329102,0,0
1596167546.1638525,100.80277919769287,0,0
1596167546.1738524,102.60157585144043,0,0
1596167546.1838524,104.40123081207275,0,0
1596167546.1853218,104.6643877029419,0,0
1596167546.1853218,273.5687937265813,0.9383578112424411,0
1596167546.1938524,275.1049913889348,0.9383578112424411,0
1596167546.2038524,276.90610547127125,0.9383578112424411,0
1596167546.2138524,278.7073912149846,0.9383578112424411,0
1596167546.2238524,280.50704617561695,0.9383578112424411,0
1596167546.2338524,282.3067440515935,0.9383578112424411,0
1596167546.2438524,284.1061415201604,0.9383578112424411,0
1596167546.2538524,285.90583939613697,0.9383578112424411,0
1596167546.2638524,287.70742554726,0.9383578112424411,0
1596167546.2738523,289.5043339258611,0.9383578112424411,0
1596167546.2838523,291.3060059076726,0.9383578112424411,0
1596167546.2938523,293.10536046089527,0.9383578112424411,0
1596167546.3038523,294.90565915169117,0.9383578112424411,0
1596167546.3138523,296.70771737160084,0.9383578112424411,0
1596167546.3238523,298.5068573481023,0.9383578112424411,0
1596167546.3338523,300.3070272928655,0.9383578112424411,0
1596167546.3438523,302.1050085550725,0.9383578112424411,0
1596167546.3538523,303.9071096903264,0.9383578112424411,0
1596167546.3638523,305.7074942118108,0.9383578112424411,0
1596167546.3738523,307.5059046274602,0.9383578112424411,0
1596167546.3838522,309.3054308420598,0.9383578112424411,0
1596167546.3938522,311.10555787147877,0.9383578112424411,0
1596167546.4038522,312.90572781624195,0.9383578112424411,0
1596167546.4138522,314.7053827768743,0.9383578112424411,0
1596167546.4238522,316.50765557350513,0.9383578112424411,0
1596167546.4338522,318.3046926981389,0.9383578112424411,0
1596167546.4438522,320.10748047890064,0.9383578112424411,0
1596167546.4538522,321.9067062860906,0.9383578112424411,0
1596167546.4638522,323.70764870705005,0.9383578112424411,0
1596167546.4738522,325.50425667824146,0.9383578112424411,0
1596167546.4838521,327.3066153055608,0.9383578112424411,0
1596167546.4938521,329.1053690439641,0.9383578112424411,0
1596167546.5038521,330.90425152840015,0.9383578112424411,0
1596167546.5138521,332.705623102802,0.9383578112424411,0
1596167546.523852,334.5071663385808,0.9383578112424411,0
1596167546.533852,336.3059629923284,0.9383578112424411,0
1596167546.543852,338.1051887995183,0.9383578112424411,0
1596167546.553852,339.90510125221607,0.9383578112424411,0
1596167546.563852,341.706301165241,0.9383578112424411,0
1596167546.573852,343.5048403269231,0.9383578112424411,0
1596167546.583852,345.3068127161443,0.9383578112424411,0
1596167546.593852,347.10526604713795,0.9383578112424411,0
1596167546.603852,348.9071096903264,0.9383578112424411,0
1596167546.613852,350.7049192911565,0.9383578112424411,0
1596167546.6179495,351.4417757517278,0.9383578112424411,0
1596167546.6179495,351.4417757517278,0.9383578112424411,0
1596167546.623852,352.50740666450855,0.9383578112424411,0
1596167546.633852,354.30457253517505,0.9383578112424411,0
1596167546.643852,356.10611577095386,0.9383578112424411,0
1596167546.653852,357.9075731760442,0.9383578112424411,0
1596167546.663852,359.7042669779241,0.9383578112424411,0
1596167546.6655135,360,0.9383578112424411,1
1596167546.6655135,0,0,0
1596167546.6755135,1.8018865585327148,0,0
1596167546.6855135,3.6018848419189453,0,0
1596167546.6955135,5.400295257568359,0,0
1596167546.7055135,7.200164794921875,0,0
1596167546.7155135,9.002394676208496,0,0
1596167546.7255135,10.800333023071289,0,0
1596167546.7355134,12.603378295898438,0,0
1596167546.7455134,14.403204917907715,0,0
1596167546.7555134,16.20285987854004,0,0
1596167546.7655134,18.001012802124023,0,0
1596167546.7755134,19.80156898498535,0,0
1596167546.7855134,21.601009368896484,0,0
1596167546.7955134,23.401737213134766,0,0
1596167546.8055134,25.20362377166748,0,0
1596167546.8155134,27.000017166137695,0,0
1596167546.8255134,28.80014419555664,0,0
1596167546.8355134,30.600013732910156,0,0
1596167546.8455133,32.40065574645996,0,0
1596167546.8555133,34.20048236846924,0,0
1596167546.8655133,36.00172519683838,0,0
1596167546.8755133,37.80168056488037,0,0
1596167546.8855133,39.60120677947998,0,0
1596167546.8955133,41.40365123748779,0,0
1596167546.9055133,43.20377826690674,0,0
1596167546.9155133,45.00120162963867,0,0
1596167546.9255133,46.80094242095947,0,0
1596167546.9355133,48.60368728637695,0,0
1596167546.9455132,50.40085315704346,0,0
1596167546.9555132,52.2035551071167,0,0
1596167546.9655132,54.001665115356445,0,0
1596167546.9755132,55.80312252044678,0,0
1596167546.9855132,57.60058879852295,0,0
1596167546.9955132,59.40359115600586,0,0
1596167547.0055132,61.20178699493408,0,0
1596167547.0155132,63.0031156539917,0,0
1596167547.0255132,64.80324268341064,0,0
1596167547.0355132,66.60336971282959,0,0
1596167547.0455132,68.40315341949463,0,0
1596167547.0555131,70.2200174331665,0,0
1596167547.0655131,72.00169086456299,0,0
1596167547.0755131,73.80259037017822,0,0
1596167547.085513,75.60228824615479,0,0
1596167547.095513,77.40138530731201,0,0
1596167547.105513,79.20013904571533,0,0
1596167547.115513,81.00357055664062,0,0
1596167547.125513,82.80129432678223,0,0
1596167547.135513,84.60326671600342,0,0
1596167547.145513,86.40129089355469,0,0
1596167547.155513,88.2006025314331,0,0
1596167547.165513,90.0005578994751,0,0
1596167547.175513,91.80308818817139,0,0
1596167547.185513,93.60265731811523,0,0
1596167547.195513,95.40166854858398,0,0
1596167547.205513,97.2024393081665,0,0
1596167547.215513,99.00192260742188,0,0
1596167547.225513,100.8026933670044,0,0
1596167547.235513,102.60063171386719,0,0
1596167547.245513,104.40221786499023,0,0
1596167547.255513,106.20032787322998,0,0
1596167547.265513,108.00341606140137,0,0
1596167547.275513,109.80105400085449,0,0
1596167547.285513,111.60015106201172,0,0
1596167547.295513,113.4034538269043,0,0
1596167547.305513,115.20259380340576,0,0
1596167547.315513,117.00027465820312,0,0
1596167547.325513,118.80340576171875,0,0
1596167547.3355129,120.60649394989014,0,0
1596167547.3455129,122.40288734436035,0,0
1596167547.3555129,124.20365810394287,0,0
1596167547.3655128,126.00090980529785,0,0
1596167547.3755128,127.80099391937256,0,0
1596167547.3855128,129.6000051498413,0,0
1596167547.3955128,131.4007329940796,0,0
1596167547.4055128,133.20279121398926,0,0
1596167547.4155128,135.00012874603271,0,0
1596167547.4255128,136.80330276489258,0,0
1596167547.4355128,138.6001682281494,0,0
1596167547.4455128,140.40093898773193,0,0
1596167547.4555128,142.2002935409546,0,0
1596167547.4655128,144.00187969207764,0,0
1596167547.4755127,145.80286502838135,0,0
1596167547.4855127,147.60286331176758,0,0
1596167547.4955127,149.40367698669434,0,0
1596167547.5055127,151.2033748626709,0,0
1596167547.5155127,153.0016565322876,0,0
1596167547.5255127,154.80302810668945,0,0
1596167547.5355127,156.60070896148682,0,0
1596167547.5455127,158.4010934829712,0,0
1596167547.5555127,160.2000617980957,0,0
1596167547.5568273,160.4364824295044,0,0
1596167547.5568273,160.4364824295044,0.0,0
1596167547.5655127,162.00452327728271,0.0,0
1596167547.5755126,163.80327701568604,0.0,0
1596167547.5855126,165.60100078582764,0.0,0
1596167547.5955126,167.4020290374756,0.0,0
1596167547.6055126,169.2026710510254,0.0,0
1596167547.6155126,171.00043773651123,0.0,0
1596167547.6255126,172.8031826019287,0.0,0
1596167547.6355126,174.60107803344727,0.0,0
1596167547.6455126,176.40133380889893,0.0,0
1596167547.6555126,178.20360660552979,0.0,0
1596167547.6655126,180.00300407409668,0.0,0
1596167547.6755126,181.8011999130249,0.0,0
1596167547.6855125,183.60158443450928,0.0,0
1596167547.6955125,185.39986610412598,0.0,0
1596167547.7055125,187.20072269439697,0.0,0
1596167547.7155125,189.0010643005371,0.0,0
1596167547.7255125,190.79998970031738,0.0,0
1596167547.7355125,192.6034641265869,0.0,0
1596167547.7455125,194.4032907485962,0.0,0
1596167547.7555125,196.20015621185303,0.0,0
1596167547.7655125,198.0017852783203,0.0,0
1596167547.7755125,199.80225563049316,0.0,0
1596167547.7855124,201.60088062286377,0.0,0
1596167547.7955124,203.40100765228271,0.0,0
1596167547.8055124,205.20237922668457,0.0,0
1596167547.8155124,207.00066089630127,0.0,0
1596167547.8255124,208.80053043365479,0.0,0
1596167547.8355124,210.60267448425293,0.0,0
1596167547.8455124,212.40142822265625,0.0,0
1596167547.8555124,214.20254230499268,0.0,0
1596167547.8655124,216.0019826889038,0.0,0
1596167547.8755124,217.8028392791748,0.0,0
1596167547.8855124,219.60039138793945,0.0,0
1596167547.8955123,221.4012908935547,0.0,0
1596167547.9055123,223.200044631958,0.0,0
1596167547.9155123,225.0,0.0,0
1596167547.9255123,226.80261611938477,0.0,0
1596167547.9355123,228.60252857208252,0.0,0
1596167547.9455123,230.40261268615723,0.0,0
1596167547.9555123,232.20346927642822,0.0,0
1596167547.9655123,234.0001630783081,0.0,0
1596167547.9755123,235.8012342453003,0.0,0
1596167547.9855123,237.60303497314453,0.0,0
1596167547.9955122,239.4027328491211,0.0,0
1596167548.0055122,241.20049953460693,0.0,0
1596167548.0155122,243.00294399261475,0.0,0
1596167548.0255122,244.80221271514893,0.0,0
1596167548.0355122,246.60143852233887,0.0,0
1596167548.0455122,248.40521335601807,0.0,0
1596167548.0555122,250.20336627960205,0.0,0
1596167548.0655122,251.99993133544922,0.0,0
1596167548.0755122,253.80250453948975,0.0,0
1596167548.0855122,255.6027603149414,0.0,0
1596167548.0955122,257.41567611694336,0.0,0
1596167548.1055121,259.2014694213867,0.0,0
1596167548.1155121,261.0014247894287,0.0,0
1596167548.1255121,262.8020668029785,0.0,0
1596167548.135512,264.60296630859375,0.0,0
1596167548.145512,266.4006471633911,0.0,0
1596167548.155512,268.2033920288086,0.0,0
1596167548.165512,270.00072956085205,0.0,0
1596167548.175512,271.80317401885986,0.0,0
1596167548.185512,273.6034297943115,0.0,0
1596167548.195512,275.4017114639282,0.0,0
1596167548.205512,277.2016668319702,0.0,0
1596167548.215512,279.0017080307007,0.0,0
1596167548.225512,280.80106258392334,0.0,0
1596167548.235512,282.6014041900635,0.0,0
1596167548.245512,284.40303325653076,0.0,0
1596167548.255512,286.2034606933594,0.0,0
1596167548.265512,288.00341606140137,0.0,0
1596167548.275512,289.80247020721436,0.0,0
1596167548.285512,291.6023826599121,0.0,0
1596167548.295512,293.4014368057251,0.0,0
1596167548.305512,295.2001905441284,0.0,0
1596167548.315512,297.0036220550537,0.0,0
1596167548.325512,298.80117416381836,0.0,0
1596167548.3344445,300.4075813293457,0.0,0
1596167548.3344445,300.4075813293457,0.0,0
1596167548.335512,300.60370445251465,0.0,0
1596167548.345512,302.3997974395752,0.0,0
1596167548.355512,304.2005252838135,0.0,0
1596167548.365512,306.0001802444458,0.0,0
1596167548.375512,307.8017234802246,0.0,0
1596167548.3855119,309.6023225784302,0.0,0
1596167548.3955119,311.4026212692261,0.0,0
1596167548.4055119,313.20279121398926,0.0,0
1596167548.4155118,315.0118017196655,0.0,0
1596167548.4255118,316.8000841140747,0.0,0
1596167548.4355118,318.60089778900146,0.0,0
1596167548.4455118,320.4011535644531,0.0,0
1596167548.4555118,322.20213890075684,0.0,0
1596167548.4655118,324.0026521682739,0.0,0
1596167548.4755118,325.8008050918579,0.0,0
1596167548.4855118,327.60080337524414,0.0,0
1596167548.4955118,329.40200328826904,0.0,0
1596167548.5055118,331.2009286880493,0.0,0
1596167548.5155118,333.0023002624512,0.0,0
1596167548.5255117,334.79989528656006,0.0,0
1596167548.5355117,336.60208225250244,0.0,0
1596167548.5455117,338.40319633483887,0.0,0
1596167548.5555117,340.2016067504883,0.0,0
1596167548.5655117,342.00323581695557,0.0,0
1596167548.5755117,343.8002300262451,0.0,0
1596167548.5855117,345.6017732620239,0.0,0
1596167548.5955117,347.403359413147,0.0,0
1596167548.6055117,349.2012548446655,0.0,0
1596167548.6155117,350.99992275238037,0.0,0
1596167548.6255116,352.80189514160156,0.0,0
1596167548.6355116,354.60240840911865,0.0,0
1596167548.6455116,356.4021921157837,0.0,0
1596167548.6555116,358.20051670074463,0.0,0
1596167548.6655269,360,0.0,1
1596167548.6655269,0,0,0
1596167548.6755269,1.8027448654174805,0,0
1596167548.6855268,3.603515625,0,0
1596167548.6955268,5.400295257568359,0,0
1596167548.7055268,7.200465202331543,0,0
1596167548.7155268,9.002737998962402,0,0
1596167548.7255268,10.802521705627441,0,0
1596167548.7355268,12.601790428161621,0,0
1596167548.7455268,14.40131664276123,0,0
1596167548.7555268,16.205134391784668,0,0
1596167548.7655268,18.00114154815674,0,0
1596167548.7755268,19.800453186035156,0,0
1596167548.7855268,21.601696014404297,0,0
1596167548.7955267,23.40259552001953,0,0
1596167548.8055267,25.20040512084961,0,0
1596167548.8155267,27.00113296508789,0,0
1596167548.8255267,28.80044460296631,0,0
1596167548.8355267,30.60065746307373,0,0
1596167548.8455267,32.40022659301758,0,0
1596167548.8555267,34.20327186584473,0,0
1596167548.8655267,36.00344181060791,0,0
1596167548.8755267,37.802839279174805,0,0
1596167548.8855267,39.60326671600342,0,0
1596167548.8955266,41.400818824768066,0,0
1596167548.9055266,43.20223331451416,0,0
1596167548.9155266,45.000858306884766,0,0
1596167548.9255266,46.80051326751709,0,0
1596167548.9355266,48.600125312805176,0,0
1596167548.9455266,50.40321350097656,0,0
1596167548.9555266,52.20308303833008,0,0
1596167548.9655266,54.00209426879883,0,0
1596167548.9755266,55.80127716064453,0,0
1596167548.9855266,57.602434158325195,0,0
1596167548.9955266,59.401960372924805,0,0
1596167549.0055265,61.203246116638184,0,0
1596167549.0155265,63.00028324127197,0,0
1596167549.0255265,64.80311393737793,0,0
1596167549.0355265,66.60255432128906,0,0
1596167549.0455265,68.40336799621582,0,0
1596167549.0555265,70.20074844360352,0,0
1596167549.0655265,72.00353622436523,0,0
1596167549.0755265,73.79997253417969,0,0
1596167549.0855265,75.60314655303955,0,0
1596167549.0955265,77.40335941314697,0,0
1596167549.1055264,79.20056819915771,0,0
1596167549.1155264,81.00121021270752,0,0
1596167549.1255264,82.80069351196289,0,0
1596167549.1355264,84.61408138275146,0,0
1596167549.1455264,86.40206336975098,0,0
1596167549.1555264,88.20253372192383,0,0
1596167549.1655264,90.00068664550781,0,0
1596167549.1755264,91.80308818817139,0,0
1596167549.1855264,93.60132694244385,0,0
1596167549.1955264,95.40338516235352,0,0
1596167549.2055264,97.20295429229736,0,0
1596167549.2155263,99.00153636932373,0,0
1596167549.2255263,100.7999038696289,0,0
1596167549.2355263,102.60286331176758,0,0
1596167549.2455263,104.40135955810547,0,0
1596167549.2555263,106.20075702667236,0,0
1596167549.2655263,108.0025577545166,0,0
1596167549.2755263,109.80315685272217,0,0
1596167549.2855263,111.60096645355225,0,0
1596167549.2955263,113.40263843536377,0,0
1596167549.3055263,115.20160675048828,0,0
1596167549.3155262,117.0012617111206,0,0
1596167549.3255262,118.80160331726074,0,0
1596167549.3355262,120.60121536254883,0,0
1596167549.3455262,122.40095615386963,0,0
1596167549.3555262,124.20031070709229,0,0
1596167549.3655262,126.00078105926514,0,0
1596167549.3755262,127.8033971786499,0,0
1596167549.3855262,129.6007776260376,0,0
1596167549.3955262,131.40124797821045,0,0
1596167549.4055262,133.20300579071045,0,0
1596167549.4155262,135.00137329101562,0,0
1596167549.4255261,136.80313110351562,0,0
1596167549.4355261,138.600811958313,0,0
1596167549.4455261,140.4024839401245,0,0
1596167549.455526,142.2013235092163,0,0
1596167549.465526,144.00110721588135,0,0
1596167549.475526,145.80265045166016,0,0
1596167549.485526,147.601318359375,0,0
1596167549.495526,149.4014024734497,0,0
1596167549.505526,151.2011432647705,0,0
1596167549.515526,153.00350189208984,0,0
1596167549.525526,154.80178356170654,0,0
1596167549.535526,156.6005802154541,0,0
1596167549.545526,158.4032392501831,0,0
1596167549.555526,160.2028512954712,0,0
1596167549.5558016,160.24945735931396,0,0
1596167549.5558016,160.24945735931396,0.0,0
1596167549.565526,162.00297832489014,0.0,0
1596167549.575526,163.8024616241455,0.0,0
1596167549.585526,165.60147285461426,0.0,0
1596167549.595526,167.40026950836182,0.0,0
1596167549.605526,169.2021131515503,0.0,0
1596167549.615526,171.0008668899536,0.0,0
1596167549.625526,172.80198097229004,0.0,0
1596167549.635526,174.60129261016846,0.0,0
1596167549.645526,176.40326499938965,0.0,0
1596167549.655526,178.2003879547119,0.0,0
1596167549.665526,180.0003433227539,0.0,0
1596167549.675526,181.80201530456543,0.0,0
1596167549.685526,183.6014986038208,0.0,0
1596167549.695526,185.39990901947021,0.0,0
1596167549.7055259,187.2027826309204,0.0,0
1596167549.7155259,189.00243759155273,0.0,0
1596167549.7255259,190.80243587493896,0.0,0
1596167549.7355258,192.60286331176758,0.0,0
1596167549.7455258,194.40097332000732,0.0,0
1596167549.7555258,196.20144367218018,0.0,0
1596167549.7655258,198.00328731536865,0.0,0
1596167549.7755258,199.80371475219727,0.0,0
1596167549.7855258,201.60221099853516,0.0,0
1596167549.7955258,203.4021234512329,0.0,0
1596167549.8055258,205.20250797271729,0.0,0
1596167549.8155258,207.00229167938232,0.0,0
1596167549.8255258,208.80023002624512,0.0,0
1596167549.8284416,209.3246555328369,0.0,0
1596167549.8284416,209.3246555328369,0.0,0
1596167549.8355258,210.60198783874512,0.0,0
1596167549.8455257,212.4020290374756,0.0,0
1596167549.8555257,214.20061111450195,0.0,0
1596167549.8655257,215.99979400634766,0.0,0
1596167549.8755257,217.8013801574707,0.0,0
1596167549.8855257,219.60305213928223,0.0,0
1596167549.8955257,221.40317916870117,0.0,0
1596167549.9055257,223.20043087005615,0.0,0
1596167549.9155257,225.00158786773682,0.0,0
1596167549.9255257,226.80077075958252,0.0,0
1596167549.9355257,228.60102653503418,0.0,0
1596167549.9455256,230.4030418395996,0.0,0
1596167549.9555256,232.2008514404297,0.0,0
1596167549.9655256,234.00020599365234,0.0,0
1596167549.9755256,235.8024787902832,0.0,0
1596167549.9855256,237.59990215301514,0.0,0
1596167549.9955256,239.40320491790771,0.0,0
1596167550.0055256,241.20187282562256,0.0,0
1596167550.0155256,243.00272941589355,0.0,0
1596167550.0255256,244.80131149291992,0.0,0
1596167550.0355256,246.600923538208,0.0,0
1596167550.0455256,248.40190887451172,0.0,0
1596167550.0555255,250.2013921737671,0.0,0
1596167550.0655255,252.0031499862671,0.0,0
1596167550.0755255,253.8030195236206,0.0,0
1596167550.0855255,255.6026315689087,0.0,0
1596167550.0955255,257.40044116973877,0.0,0
1596167550.1055255,259.20104026794434,0.0,0
1596167550.1155255,261.0010814666748,0.0,0
1596167550.1255255,262.800350189209,0.0,0
1596167550.1355255,264.60219383239746,0.0,0
1596167550.1455255,266.4003896713257,0.0,0
1596167550.1555254,268.20188999176025,0.0,0
1596167550.1655254,270.0024461746216,0.0,0
1596167550.1755254,271.8197822570801,0.0,0
1596167550.1855254,273.60167026519775,0.0,0
1596167550.1955254,275.401668548584,0.0,0
1596167550.2055254,277.20261096954346,0.0,0
1596167550.2155254,279.00333881378174,0.0,0
1596167550.2255254,280.8025646209717,0.0,0
1596167550.2355254,282.6002883911133,0.0,0
1596167550.2455254,284.4004154205322,0.0,0
1596167550.2555254,286.19985580444336,0.0,0
1596167550.2655253,288.00260066986084,0.0,0
1596167550.2755253,289.80023860931396,0.0,0
1596167550.2855253,291.60298347473145,0.0,0
1596167550.2955253,293.4005355834961,0.0,0
1596167550.3055253,295.19976139068604,0.0,0
1596167550.3155253,297.0023775100708,0.0,0
1596167550.3255253,298.80138874053955,0.0,0
1596167550.3355253,300.6000566482544,0.0,0
1596167550.3455253,302.40087032318115,0.0,0
1596167550.3555253,304.20073986053467,0.0,0
1596167550.3655252,306.00202560424805,0.0,0
1596167550.3755252,307.80301094055176,0.0,0
1596167550.3855252,309.60017681121826,0.0,0
1596167550.3955252,311.4026212692261,0.0,0
1596167550.4055252,313.200044631958,0.0,0
1596167550.4155252,315.0003433227539,0.0,0
1596167550.4255252,316.8021011352539,0.0,0
1596167550.4355252,318.6028289794922,0.0,0
1596167550.4455252,320.4002523422241,0.0,0
1596167550.4555252,322.202353477478,0.0,0
1596167550.4655252,324.003210067749,0.0,0
1596167550.4755251,325.80063343048096,0.0,0
1596167550.4855251,327.60260581970215,0.0,0
1596167550.4955251,329.40852642059326,0.0,0
1596167550.505525,331.2004566192627,0.0,0
1596167550.515525,333.00281524658203,0.0,0
1596167550.525525,334.80066776275635,0.0,0
1596167550.535525,336.6025114059448,0.0,0
1596167550.545525,338.40195178985596,0.0,0
1596167550.555525,340.2021646499634,0.0,0
1596167550.565525,342.00276374816895,0.0,0
1596167550.575525,343.80173206329346,0.0,0
1596167550.585525,345.5997562408447,0.0,0
1596167550.595525,347.4006128311157,0.0,0
1596167550.605525,349.19970989227295,0.0,0
1596167550.615525,351.000394821167,0.0,0
1596167550.625525,352.802152633667,0.0,0
1596167550.635525,354.6014213562012,0.0,0
1596167550.645525,356.40313625335693,0.0,0
1596167550.655525,358.20287704467773,0.0,0
1596167550.6655343,360,0.0,1
1596167550.6655343,0,0,0
1596167550.6755342,1.802358627319336,0,0
1596167550.6855342,3.6023998260498047,0,0
1596167550.6955342,5.401754379272461,0,0
1596167550.7055342,7.201623916625977,0,0
1596167550.7155342,9.00179386138916,0,0
1596167550.7255342,10.800676345825195,0,0
1596167550.7355342,12.600674629211426,0,0
1596167550.7455342,14.404792785644531,0,0
1596167550.7555342,16.20307445526123,0,0
1596167550.7655342,18.00114154815674,0,0
1596167550.7755342,19.800710678100586,0,0
1596167550.7855341,21.601524353027344,0,0
1596167550.7955341,23.400793075561523,0,0
1596167550.8055341,25.201005935668945,0,0
1596167550.815534,27.003192901611328,0,0
1596167550.825534,28.80018711090088,0,0
1596167550.835534,30.602545738220215,0,0
1596167550.845534,32.4021577835083,0,0
1596167550.855534,34.20061111450195,0,0
1596167550.865534,36.002798080444336,0,0
1596167550.875534,37.801852226257324,0,0
1596167550.885534,39.60155010223389,0,0
1596167550.895534,41.40275001525879,0,0
1596167550.905534,43.201117515563965,0,0
1596167550.915534,45.00193119049072,0,0
1596167550.925534,46.80150032043457,0,0
1596167550.935534,48.60145568847656,0,0
1596167550.945534,50.40158271789551,0,0
1596167550.955534,52.20145225524902,0,0
1596167550.965534,54.00256633758545,0,0
1596167550.975534,55.8030366897583,0,0
1596167550.985534,57.60028839111328,0,0
1596167550.995534,59.402174949645996,0,0
1596167551.005534,61.20165824890137,0,0
1596167551.015534,63.003201484680176,0,0
1596167551.025534,64.80058193206787,0,0
1596167551.035534,66.60221099853516,0,0
1596167551.045534,68.40238094329834,0,0
1596167551.055534,70.20186424255371,0,0
1596167551.0655339,72.00104713439941,0,0
1596167551.0755339,73.8010025024414,0,0
1596167551.0855339,75.6024169921875,0,0
1596167551.0955338,77.40237236022949,0,0
1596167551.1055338,79.20340061187744,0,0
1596167551.1155338,81.00181102752686,0,0
1596167551.119794,81.76673412322998,0,0
1596167551.119794,199.1647430022385,0.6522111604389362,0
1596167551.1255338,200.19994693595433,0.6522111604389362,0
1596167551.1355338,202.00093227225804,0.6522111604389362,0
1596167551.1455338,203.79891353446507,0.6522111604389362,0
1596167551.1555338,205.60075717765355,0.6522111604389362,0
1596167551.1655338,207.40002590018773,0.6522111604389362,0
1596167551.1755338,209.2011828978684,0.6522111604389362,0
1596167551.1855338,211.00062328177953,0.6522111604389362,0
1596167551.1955338,212.79916244346165,0.6522111604389362,0
1596167551.2055337,214.59847408134007,0.6522111604389362,0
1596167551.2155337,216.40954452353978,0.6522111604389362,0
1596167551.2255337,218.20108848411107,0.6522111604389362,0
1596167551.2355337,219.99945598441624,0.6522111604389362,0
1596167551.2455337,221.7991538603928,0.6522111604389362,0
1596167551.2555337,223.59971004325413,0.6522111604389362,0
1596167551.2655337,225.3985066970017,0.6522111604389362,0
1596167551.2755337,227.19940620261693,0.6522111604389362,0
1596167551.2855337,229.00120693046117,0.6522111604389362,0
1596167551.2955337,230.80026107627415,0.6522111604389362,0
1596167551.3055336,232.5981565077927,0.6522111604389362,0
1596167551.3155336,234.39819770652318,0.6522111604389362,0
1596167551.3255336,236.20102840262913,0.6522111604389362,0
1596167551.3355336,238.00003963309788,0.6522111604389362,0
1596167551.3455336,239.8008103926804,0.6522111604389362,0
1596167551.3555336,241.60059409934544,0.6522111604389362,0
1596167551.3655336,243.39977699119115,0.6522111604389362,0
1596167551.3755336,245.20106273490453,0.6522111604389362,0
1596167551.3855336,246.99895816642308,0.6522111604389362,0
1596167551.3955336,248.80011516410374,0.6522111604389362,0
1596167551.4055336,250.59951263267064,0.6522111604389362,0
1596167551.4155335,252.39985423881078,0.6522111604389362,0
1596167551.4255335,254.19869380790257,0.6522111604389362,0
1596167551.4355335,255.9985633452561,0.6522111604389362,0
1596167551.4455335,257.798690374675,0.6522111604389362,0
1596167551.4555335,259.6010060866501,0.6522111604389362,0
1596167551.4655335,261.3994165022995,0.6522111604389362,0
1596167551.4755335,263.19898563224336,0.6522111604389362,0
1596167551.4855335,264.99915557700655,0.6522111604389362,0
1596167551.4955335,266.800269659343,0.6522111604389362,0
1596167551.5055335,268.6008258422043,0.6522111604389362,0
1596167551.5155334,270.40138202506563,0.6522111604389362,0
1596167551.5255334,272.19790416556856,0.6522111604389362,0
1596167551.5355334,274.00030570823213,0.6522111604389362,0
1596167551.5455334,275.79996066886446,0.6522111604389362,0
1596167551.5555334,277.5984998305466,0.6522111604389362,0
1596167551.5655334,279.3988414366867,0.6522111604389362,0
1596167551.5755334,281.20098548728487,0.6522111604389362,0
1596167551.5855334,283.001327093425,0.6522111604389362,0
1596167551.5955334,284.8000808318283,0.6522111604389362,0
1596167551.6055334,286.59840541678926,0.6522111604389362,0
1596167551.6155334,288.401193197551,0.6522111604389362,0
1596167551.6255333,290.200976904216,0.6522111604389362,0
1596167551.6355333,291.99827152091524,0.6522111604389362,0
1596167551.6455333,293.7986131270554,0.6522111604389362,0
1596167551.6555333,295.6000705321457,0.6522111604389362,0
1596167551.6655333,297.3987813552048,0.6522111604389362,0
1596167551.6755333,299.199852522197,0.6522111604389362,0
1596167551.6855333,300.99989372092745,0.6522111604389362,0
1596167551.6955333,302.8010507186081,0.6522111604389362,0
1596167551.7055333,304.599546964946,0.6522111604389362,0
1596167551.7155333,306.4012189467575,0.6522111604389362,0
1596167551.7255332,308.2004876692917,0.6522111604389362,0
1596167551.7355332,309.99791103202364,0.6522111604389362,0
1596167551.7455332,311.800999220195,0.6522111604389362,0
1596167551.7555332,313.59876590568086,0.6522111604389362,0
1596167551.7655332,315.39837795096895,0.6522111604389362,0
1596167551.7755332,317.1995349486496,0.6522111604389362,0
1596167551.7855332,319.0013785918381,0.6522111604389362,0
1596167551.7955332,320.80129104453584,0.6522111604389362,0
1596167551.8055332,322.599658544841,0.6522111604389362,0
1596167551.8155332,324.4001718123581,0.6522111604389362,0
1596167551.8255332,326.1979814131882,0.6522111604389362,0
1596167551.8286748,326.76330524283907,0.6522111604389362,0
1596167551.8286748,326.76330524283907,0.6522111604389362,0
1596167551.8350399,327.90901618796846,0.6522111604389362,0
1596167551.8350399,327.90901618796846,0.6522111604389362,0
1596167551.8355331,328.0009837706711,0.6522111604389362,0
1596167551.8455331,329.7983642180588,0.6522111604389362,0
1596167551.8555331,331.60132366019747,0.6522111604389362,0
1596167551.865533,333.4012361128952,0.6522111604389362,0
1596167551.875533,335.19818740684053,0.6522111604389362,0
1596167551.885533,336.99827152091524,0.6522111604389362,0
1596167551.895533,338.7989993651535,0.6522111604389362,0
1596167551.905533,340.5989547331955,0.6522111604389362,0
1596167551.915533,342.3986955245163,0.6522111604389362,0
1596167551.925533,344.2010970671799,0.6522111604389362,0
1596167551.935533,346.0002799590256,0.6522111604389362,0
1596167551.945533,347.7999349196579,0.6522111604389362,0
1596167551.955533,349.5985599120285,0.6522111604389362,0
1596167551.965533,351.40134769279024,0.6522111604389362,0
1596167551.975533,353.1984706481125,0.6522111604389362,0
1596167551.985533,354.9980826934006,0.6522111604389362,0
1596167551.995533,356.79936843711397,0.6522111604389362,0
1596167552.005533,358.59932380515596,0.6522111604389362,0
1596167552.0133252,360,0.6522111604389362,1
1596167552.0133252,0,0,0
1596167552.0233252,1.8007278442382812,0,0
1596167552.0333252,3.6023569107055664,0,0
1596167552.0433252,5.403385162353516,0,0
1596167552.0533252,7.202997207641602,0,0
1596167552.0633252,9.00179386138916,0,0
1596167552.0733252,10.801277160644531,0,0
1596167552.0833251,12.60282039642334,0,0
1596167552.0933251,14.402046203613281,0,0
1596167552.1033251,16.200199127197266,0,0
1596167552.113325,18.001484870910645,0,0
1596167552.123325,19.803414344787598,0,0
1596167552.133325,21.601696014404297,0,0
1596167552.143325,23.402724266052246,0,0
1596167552.153325,25.200190544128418,0,0
1596167552.163325,27.002248764038086,0,0
1596167552.173325,28.801860809326172,0,0
1596167552.183325,30.6009578704834,0,0
1596167552.193325,32.40061283111572,0,0
1596167552.203325,34.20151233673096,0,0
1596167552.213325,36.000566482543945,0,0
1596167552.223325,37.80189514160156,0,0
1596167552.233325,39.601078033447266,0,0
1596167552.243325,41.40172004699707,0,0
1596167552.253325,43.202104568481445,0,0
1596167552.263325,45.001373291015625,0,0
1596167552.273325,46.80072784423828,0,0
1596167552.283325,48.60102653503418,0,0
1596167552.293325,50.400166511535645,0,0
1596167552.303325,52.20020771026611,0,0
1596167552.313325,54.001450538635254,0,0
1596167552.323325,55.801920890808105,0,0
1596167552.333325,57.602434158325195,0,0
1596167552.343325,59.40058708190918,0,0
1596167552.353325,61.20127201080322,0,0
1596167552.3633249,63.00277233123779,0,0
1596167552.3733249,64.80071067810059,0,0
1596167552.3833249,66.60083770751953,0,0
1596167552.3933249,68.40117931365967,0,0
1596167552.4033248,70.20104885101318,0,0
1596167552.4133248,72.00186252593994,0,0
1596167552.4233248,73.80276203155518,0,0
1596167552.4333248,75.60117244720459,0,0
1596167552.4433248,77.40297317504883,0,0
1596167552.4533248,79.19996738433838,0,0
1596167552.4633248,81.00086688995361,0,0
1596167552.4733248,82.80009269714355,0,0
1596167552.4833248,84.60227966308594,0,0
1596167552.4933248,86.4025354385376,0,0
1596167552.5033247,88.20279121398926,0,0
1596167552.5133247,90.00287532806396,0,0
1596167552.5233247,91.8011999130249,0,0
1596167552.5333247,93.60098361968994,0,0
1596167552.5433247,95.40317058563232,0,0
1596167552.5533247,97.20269680023193,0,0
1596167552.5633247,99.00226593017578,0,0
1596167552.5733247,100.80037593841553,0,0
1596167552.5833247,102.60256290435791,0,0
1596167552.5933247,104.40226078033447,0,0
1596167552.6033247,106.2028169631958,0,0
1596167552.6133246,108.00174236297607,0,0
1596167552.6233246,109.80255603790283,0,0
1596167552.6333246,111.60208225250244,0,0
1596167552.6433246,113.39989185333252,0,0
1596167552.6533246,115.20040512084961,0,0
1596167552.6633246,117.00194835662842,0,0
1596167552.6733246,118.8030195236206,0,0
1596167552.6833246,120.60061454772949,0,0
1596167552.6933246,122.40280151367188,0,0
1596167552.7033246,124.20219898223877,0,0
1596167552.7133245,126.00005149841309,0,0
1596167552.7233245,127.7999210357666,0,0
1596167552.7333245,129.60039138793945,0,0
1596167552.7433245,131.40159130096436,0,0
1596167552.7533245,133.2029628753662,0,0
1596167552.7633245,135.00017166137695,0,0
1596167552.7733245,136.80012702941895,0,0
1596167552.7833245,138.60111236572266,0,0
1596167552.7933245,140.40093898773193,0,0
1596167552.8033245,142.20248222351074,0,0
1596167552.8133245,144.00312423706055,0,0
1596167552.8233244,145.80093383789062,0,0
1596167552.8333244,147.600417137146,0,0
1596167552.8433244,149.4017457962036,0,0
1596167552.8533244,151.20032787322998,0,0
1596167552.8633244,153.0022144317627,0,0
1596167552.8733244,154.80101108551025,0,0
1596167552.8833244,156.60130977630615,0,0
1596167552.8933244,158.40173721313477,0,0
1596167552.9033244,160.20289421081543,0,0
1596167552.9133244,162.0032787322998,0,0
1596167552.9233243,163.79992961883545,0,0
1596167552.9333243,165.60168743133545,0,0
1596167552.9433243,167.4008274078369,0,0
1596167552.9533243,169.19983863830566,0,0
1596167552.9633243,171.000394821167,0,0
1596167552.9733243,172.80039310455322,0,0
1596167552.9833243,174.60004806518555,0,0
1596167552.9933243,176.40133380889893,0,0
