Type = Reachback Firefly,Function = Reachback Firefly (ln/e^),Refract = 0.05,Epsilon = 0.3,Start_phase = 2
Timestamp,Phase,Offset,Ping?
1596168213,2,0,0
1596168213.01,3.797122955322266,0.011111111111111112,0
1596168213.02,5.5990095138549805,0.011111111111111112,0
1596168213.03,7.396518707275391,0.011111111111111112,0
1596168213.04,9.19827651977539,0.011111111111111112,0
1596168213.05,10.998489379882812,0.011111111111111112,0
1596168213.06,12.798230171203613,0.011111111111111112,0
1596168213.07,14.596597671508789,0.011111111111111112,0
1596168213.08,16.398398399353027,0.011111111111111112,0
1596168213.09,18.19685173034668,0.011111111111111112,0
1596168213.1,19.996249198913574,0.011111111111111112,0
1596168213.11,21.7959041595459,0.011111111111111112,0
1596168213.12,23.598091125488278,0.011111111111111112,0
1596168213.1299999,25.3983039855957,0.011111111111111112,0
1596168213.1399999,27.19680023193359,0.011111111111111112,0
1596168213.1499999,28.997699737548825,0.011111111111111112,0
1596168213.1599998,30.797225952148434,0.011111111111111112,0
1596168213.1699998,32.59670925140381,0.011111111111111112,0
1596168213.1799998,34.39687919616699,0.011111111111111112,0
1596168213.1899998,36.196834564208984,0.011111111111111112,0
1596168213.1999998,37.998077392578125,0.011111111111111112,0
1596168213.2099998,39.79747486114502,0.011111111111111112,0
1596168213.2199998,41.596872329711914,0.011111111111111112,0
1596168213.2299998,43.39798641204834,0.011111111111111112,0
1596168213.2399998,45.19631099700928,0.011111111111111112,0
1596168213.2499998,46.99725341796875,0.011111111111111112,0
1596168213.2599998,48.797380447387695,0.011111111111111112,0
1596168213.2699997,50.59596252441406,0.011111111111111112,0
1596168213.2799997,52.396904945373535,0.011111111111111112,0
1596168213.2899997,54.19574451446533,0.011111111111111112,0
1596168213.2999997,55.99801731109619,0.011111111111111112,0
1596168213.3099997,57.7960844039917,0.011111111111111112,0
1596168213.3199997,59.59779930114746,0.011111111111111112,0
1596168213.3299997,61.39625263214111,0.011111111111111112,0
1596168213.3399997,63.198439598083496,0.011111111111111112,0
1596168213.3499997,64.99813747406006,0.011111111111111112,0
1596168213.3599997,66.79586124420166,0.011111111111111112,0
1596168213.3699996,68.59761905670166,0.011111111111111112,0
1596168213.3799996,70.39654445648193,0.011111111111111112,0
1596168213.3899996,72.19744396209717,0.011111111111111112,0
1596168213.3999996,73.99782848358154,0.011111111111111112,0
1596168213.4099996,75.79851341247559,0.011111111111111112,0
1596168213.4199996,77.59713840484619,0.011111111111111112,0
1596168213.4299996,79.397780418396,0.011111111111111112,0
1596168213.4399996,81.19756412506104,0.011111111111111112,0
1596168213.4499996,82.99846363067627,0.011111111111111112,0
1596168213.4599996,84.79665946960449,0.011111111111111112,0
1596168213.4699996,86.59777355194092,0.011111111111111112,0
1596168213.4799995,88.39772891998291,0.011111111111111112,0
1596168213.4899995,90.19875717163086,0.011111111111111112,0
1596168213.4999995,91.99588012695312,0.011111111111111112,0
1596168213.5099995,93.79703712463379,0.011111111111111112,0
1596168213.5199995,95.59724998474121,0.011111111111111112,0
1596168213.5299995,97.39819240570068,0.011111111111111112,0
1596168213.5399995,99.19720363616943,0.011111111111111112,0
1596168213.5499995,100.99900436401367,0.011111111111111112,0
1596168213.5599995,102.79758644104004,0.011111111111111112,0
1596168213.5699995,104.59852886199951,0.011111111111111112,0
1596168213.5799994,106.3972396850586,0.011111111111111112,0
1596168213.5899994,108.19633674621582,0.011111111111111112,0
1596168213.5999994,109.99736499786377,0.011111111111111112,0
1596168213.6099994,111.79620456695557,0.011111111111111112,0
1596168213.6199994,113.59809112548828,0.011111111111111112,0
1596168213.6299994,115.39877605438232,0.011111111111111112,0
1596168213.6399994,117.19868850708008,0.011111111111111112,0
1596168213.6499994,118.9974422454834,0.011111111111111112,0
1596168213.6599994,120.79714012145996,0.011111111111111112,0
1596168213.6699994,122.59606552124023,0.011111111111111112,0
1596168213.6799994,124.39765167236328,0.011111111111111112,0
1596168213.6899993,126.19559001922607,0.011111111111111112,0
1596168213.6999993,127.99588871002197,0.011111111111111112,0
1596168213.7099993,129.7977752685547,0.011111111111111112,0
1596168213.7199993,131.59884643554688,0.011111111111111112,0
1596168213.7299993,133.3971710205078,0.011111111111111112,0
1596168213.7399993,135.19579601287842,0.011111111111111112,0
1596168213.7499993,136.99897003173828,0.011111111111111112,0
1596168213.7599993,138.79875373840332,0.011111111111111112,0
1596168213.7699993,140.59866619110107,0.011111111111111112,0
1596168213.7799993,142.39604663848877,0.011111111111111112,0
1596168213.7899992,144.19831943511963,0.011111111111111112,0
1596168213.7999992,145.99621486663818,0.011111111111111112,0
1596168213.8099992,147.79625606536865,0.011111111111111112,0
1596168213.8199992,149.59822845458984,0.011111111111111112,0
1596168213.8299992,151.39749717712402,0.011111111111111112,0
1596168213.8399992,153.1987829208374,0.011111111111111112,0
1596168213.8499992,154.99556255340576,0.011111111111111112,0
1596168213.8599992,156.79607582092285,0.011111111111111112,0
1596168213.8699992,158.597318649292,0.011111111111111112,0
1596168213.8799992,160.39624404907227,0.011111111111111112,0
1596168213.8899992,162.19813060760498,0.011111111111111112,0
1596168213.8999991,163.99594020843506,0.011111111111111112,0
1596168213.9099991,165.79894256591797,0.011111111111111112,0
1596168213.9199991,167.5989408493042,0.011111111111111112,0
1596168213.929999,169.39572048187256,0.011111111111111112,0
1596168213.939999,171.1960620880127,0.011111111111111112,0
1596168213.949999,172.9978199005127,0.011111111111111112,0
1596168213.959999,174.79691696166992,0.011111111111111112,0
1596168213.969999,176.59738731384277,0.011111111111111112,0
1596168213.979999,178.3961410522461,0.011111111111111112,0
1596168213.989999,180.1960105895996,0.011111111111111112,0
1596168213.999999,181.9963092803955,0.011111111111111112,0
1596168214.009999,183.79725170135498,0.011111111111111112,0
1596168214.019999,185.59707832336426,0.011111111111111112,0
1596168214.029999,187.3955316543579,0.011111111111111112,0
1596168214.039999,189.1968173980713,0.011111111111111112,0
1596168214.049999,190.996000289917,0.011111111111111112,0
1596168214.059999,192.79883098602295,0.011111111111111112,0
1596168214.069999,194.59599685668945,0.011111111111111112,0
1596168214.079999,196.39586639404297,0.011111111111111112,0
1596168214.089999,198.19680881500244,0.011111111111111112,0
1596168214.099999,199.99586296081543,0.011111111111111112,0
1596168214.109999,201.79744911193848,0.011111111111111112,0
1596168214.119999,203.59590244293213,0.011111111111111112,0
1596168214.129999,205.398175239563,0.011111111111111112,0
1596168214.139999,207.1989459991455,0.011111111111111112,0
1596168214.149999,208.99727058410645,0.011111111111111112,0
1596168214.159999,210.79847049713135,0.011111111111111112,0
1596168214.169999,212.59700965881348,0.011111111111111112,0
1596168214.1799989,214.3979949951172,0.011111111111111112,0
1596168214.1899989,216.19850826263428,0.011111111111111112,0
1596168214.1999989,217.99709033966064,0.011111111111111112,0
1596168214.2099988,219.7961015701294,0.011111111111111112,0
1596168214.2199988,221.59773063659668,0.011111111111111112,0
1596168214.2299988,223.39566898345947,0.011111111111111112,0
1596168214.2399988,225.19682598114014,0.011111111111111112,0
1596168214.2499988,226.99588012695312,0.011111111111111112,0
1596168214.2599988,228.79562091827393,0.011111111111111112,0
1596168214.2699988,230.59875202178955,0.011111111111111112,0
1596168214.2799988,232.3976345062256,0.011111111111111112,0
1596168214.2899988,234.19587326049805,0.011111111111111112,0
1596168214.2999988,235.99728775024414,0.011111111111111112,0
1596168214.3099988,237.7955265045166,0.011111111111111112,0
1596168214.3199987,239.59865760803223,0.011111111111111112,0
1596168214.3299987,241.39586639404297,0.011111111111111112,0
1596168214.3399987,243.1967658996582,0.011111111111111112,0
1596168214.3499987,244.99822330474854,0.011111111111111112,0
1596168214.3599987,246.7986936569214,0.011111111111111112,0
1596168214.3699987,248.59568786621094,0.011111111111111112,0
1596168214.3799987,250.39564323425293,0.011111111111111112,0
1596168214.3899987,252.19757270812988,0.011111111111111112,0
1596168214.3999987,253.9966697692871,0.011111111111111112,0
1596168214.4099987,255.79645347595215,0.011111111111111112,0
1596168214.4199986,257.5988121032715,0.011111111111111112,0
1596168214.4299986,259.39606380462646,0.011111111111111112,0
1596168214.4399986,261.1977787017822,0.011111111111111112,0
1596168214.4499986,262.99721908569336,0.011111111111111112,0
1596168214.4599986,264.79871940612793,0.011111111111111112,0
1596168214.4699986,266.5969581604004,0.011111111111111112,0
1596168214.4799986,268.3961410522461,0.011111111111111112,0
1596168214.4899986,270.19828510284424,0.011111111111111112,0
1596168214.4999986,271.9970817565918,0.011111111111111112,0
1596168214.5099986,273.796178817749,0.011111111111111112,0
1596168214.5199986,275.59639167785645,0.011111111111111112,0
1596168214.5299985,277.39737701416016,0.011111111111111112,0
1596168214.5399985,279.19634532928467,0.011111111111111112,0
1596168214.5499985,280.9975881576538,0.011111111111111112,0
1596168214.5599985,282.79638481140137,0.011111111111111112,0
1596168214.5699985,284.5983142852783,0.011111111111111112,0
1596168214.5799985,286.3968963623047,0.011111111111111112,0
1596168214.5899985,288.1965084075928,0.011111111111111112,0
1596168214.5999985,289.99667835235596,0.011111111111111112,0
1596168214.6099985,291.79736328125,0.011111111111111112,0
1596168214.6199985,293.5977907180786,0.011111111111111112,0
1596168214.6299984,295.3980894088745,0.011111111111111112,0
1596168214.6399984,297.19886016845703,0.011111111111111112,0
1596168214.6499984,298.99684143066406,0.011111111111111112,0
1596168214.6599984,300.7976121902466,0.011111111111111112,0
1596168214.6699984,302.5976104736328,0.011111111111111112,0
1596168214.6799984,304.3982524871826,0.011111111111111112,0
1596168214.6899984,306.19846534729004,0.011111111111111112,0
1596168214.6999984,307.99812030792236,0.011111111111111112,0
1596168214.7099984,309.79730319976807,0.011111111111111112,0
1596168214.7199984,311.59846019744873,0.011111111111111112,0
1596168214.7299984,313.3972997665405,0.011111111111111112,0
1596168214.7399983,315.19884300231934,0.011111111111111112,0
1596168214.7499983,316.9971675872803,0.011111111111111112,0
1596168214.7599983,318.7981958389282,0.011111111111111112,0
1596168214.7699983,320.59862327575684,0.011111111111111112,0
1596168214.7799983,322.39669036865234,0.011111111111111112,0
1596168214.7899983,324.1954870223999,0.011111111111111112,0
1596168214.7999983,325.99672985076904,0.011111111111111112,0
1596168214.8099983,327.7973289489746,0.011111111111111112,0
1596168214.8199983,329.59822845458984,0.011111111111111112,0
1596168214.8299983,331.39539432525635,0.011111111111111112,0
1596168214.8399982,333.1974096298218,0.011111111111111112,0
1596168214.8499982,334.9963779449463,0.011111111111111112,0
1596168214.8599982,336.7978353500366,0.011111111111111112,0
1596168214.8699982,338.5959882736206,0.011111111111111112,0
1596168214.8799982,340.39813232421875,0.011111111111111112,0
1596168214.8899982,342.19628524780273,0.011111111111111112,0
1596168214.8999982,343.9977855682373,0.011111111111111112,0
1596168214.9099982,345.7981700897217,0.011111111111111112,0
1596168214.9199982,347.59799671173096,0.011111111111111112,0
1596168214.9299982,349.3972225189209,0.011111111111111112,0
1596168214.9399981,351.19812202453613,0.011111111111111112,0
1596168214.9499981,352.9960603713989,0.011111111111111112,0
1596168214.9599981,354.7958011627197,0.011111111111111112,0
1596168214.9699981,356.59837436676025,0.011111111111111112,0
1596168214.979998,358.3976860046387,0.011111111111111112,0
1596168214.983945,359.1057891845703,0.011111111111111112,0
1596168214.983945,359.1057891845703,0.011111111111111112,0
1596168214.988926,360,0.011111111111111112,1
1596168214.988926,0,0,0
1596168214.998926,127.4378235181879,0.6979795733208518,0
1596168215.008926,129.23674891796816,0.6979795733208518,0
1596168215.018926,131.03717635479677,0.6979795733208518,0
1596168215.028926,132.83678840008486,0.6979795733208518,0
1596168215.038926,134.637130006225,0.6979795733208518,0
1596168215.0489259,136.43910239544618,0.6979795733208518,0
1596168215.0589259,138.23957274761904,0.6979795733208518,0
1596168215.0689259,140.03965686169374,0.6979795733208518,0
1596168215.0789258,141.83742354717958,0.6979795733208518,0
1596168215.0889258,143.637636407287,0.6979795733208518,0
1596168215.0989258,145.437591775329,0.6979795733208518,0
1596168215.1089258,147.2371179899286,0.6979795733208518,0
1596168215.1189258,149.03801749554384,0.6979795733208518,0
1596168215.1289258,150.83887408581484,0.6979795733208518,0
1596168215.1389258,152.63728450146425,0.6979795733208518,0
1596168215.1489258,154.43668197003115,0.6979795733208518,0
1596168215.1589258,156.23766730633486,0.6979795733208518,0
1596168215.1689258,158.03775142040956,0.6979795733208518,0
1596168215.1789258,159.83908007946718,0.6979795733208518,0
1596168215.1889257,161.63766215649355,0.6979795733208518,0
1596168215.1989257,163.43710254040468,0.6979795733208518,0
1596168215.2089257,165.23770163861025,0.6979795733208518,0
1596168215.2189257,167.03890155163515,0.6979795733208518,0
1596168215.2289257,168.8380415281366,0.6979795733208518,0
1596168215.2389257,170.63949893322695,0.6979795733208518,0
1596168215.2489257,172.4362785657953,0.6979795733208518,0
1596168215.2589257,174.23765014019716,0.6979795733208518,0
1596168215.2689257,176.036318047912,0.6979795733208518,0
1596168215.2789257,177.8373892149042,0.6979795733208518,0
1596168215.2889256,179.6367866834711,0.6979795733208518,0
1596168215.2989256,181.4383299192499,0.6979795733208518,0
1596168215.3089256,183.2396585783075,0.6979795733208518,0
1596168215.3189256,185.0392706235956,0.6979795733208518,0
1596168215.3289256,186.8392259916376,0.6979795733208518,0
1596168215.3389256,188.63849471417177,0.6979795733208518,0
1596168215.3489256,190.43948005047548,0.6979795733208518,0
1596168215.3589256,192.2364313444208,0.6979795733208518,0
1596168215.3689256,194.0385324796747,0.6979795733208518,0
1596168215.3789256,195.8375007947992,0.6979795733208518,0
1596168215.3889256,197.63797114697206,0.6979795733208518,0
1596168215.3989255,199.43891356793154,0.6979795733208518,0
1596168215.4089255,201.23788188305605,0.6979795733208518,0
1596168215.4189255,203.0365497907709,0.6979795733208518,0
1596168215.4289255,204.83912299481142,0.6979795733208518,0
1596168215.4389255,206.63796256390322,0.6979795733208518,0
1596168215.4489255,208.4389049848627,0.6979795733208518,0
1596168215.4589255,210.23774455395449,0.6979795733208518,0
1596168215.4689255,212.0392877897333,0.6979795733208518,0
1596168215.4789255,213.83765529003847,0.6979795733208518,0
1596168215.4889255,215.63692401257265,0.6979795733208518,0
1596168215.4989254,217.43666480389345,0.6979795733208518,0
1596168215.5089254,219.2385942777704,0.6979795733208518,0
1596168215.5189254,221.0370905241083,0.6979795733208518,0
1596168215.5289254,222.83957789746034,0.6979795733208518,0
1596168215.5389254,224.6382458051752,0.6979795733208518,0
1596168215.5489254,226.43729995098818,0.6979795733208518,0
1596168215.5589254,228.2375128110956,0.6979795733208518,0
1596168215.5689254,230.03673861828554,0.6979795733208518,0
1596168215.5789254,231.83892558422792,0.6979795733208518,0
1596168215.5889254,233.63647769299257,0.6979795733208518,0
1596168215.5989254,235.4392654737543,0.6979795733208518,0
1596168215.6089253,237.2367746671747,0.6979795733208518,0
1596168215.6189253,239.0379745801996,0.6979795733208518,0
1596168215.6289253,240.83672831860292,0.6979795733208518,0
1596168215.6389253,242.6393444379877,0.6979795733208518,0
1596168215.6489253,244.43702529278505,0.6979795733208518,0
1596168215.6589253,246.23745272961366,0.6979795733208518,0
1596168215.6689253,248.03921054211366,0.6979795733208518,0
1596168215.6789253,249.83826468792665,0.6979795733208518,0
1596168215.6889253,251.63757632580507,0.6979795733208518,0
1596168215.6989253,253.43907664623964,0.6979795733208518,0
1596168215.7089252,255.23735831585634,0.6979795733208518,0
1596168215.7189252,257.0363695463251,0.6979795733208518,0
1596168215.7289252,258.8364536603998,0.6979795733208518,0
1596168215.7389252,260.6373102506708,0.6979795733208518,0
1596168215.7489252,262.43881057110536,0.6979795733208518,0
1596168215.7589252,264.2394954999994,0.6979795733208518,0
1596168215.7689252,266.0382063230585,0.6979795733208518,0
1596168215.7789252,267.8376037916254,0.6979795733208518,0
1596168215.7889252,269.63841746655214,0.6979795733208518,0
1596168215.7989252,271.43626998272646,0.6979795733208518,0
1596168215.8089252,273.2361824354242,0.6979795733208518,0
1596168215.8189251,275.0380689939569,0.6979795733208518,0
1596168215.8289251,276.8376381239008,0.6979795733208518,0
1596168215.8389251,278.63892386761415,0.6979795733208518,0
1596168215.848925,280.4385788282465,0.6979795733208518,0
1596168215.858925,282.23694632855165,0.6979795733208518,0
1596168215.868925,284.03793166485536,0.6979795733208518,0
1596168215.878925,285.83943198528993,0.6979795733208518,0
1596168215.888925,287.63831446972597,0.6979795733208518,0
1596168215.898925,289.43882773724306,0.6979795733208518,0
1596168215.908925,291.2377102216791,0.6979795733208518,0
1596168215.918925,293.0393822034906,0.6979795733208518,0
1596168215.928925,294.8373205503534,0.6979795733208518,0
1596168215.938925,296.6363746961664,0.6979795733208518,0
1596168215.948925,298.4380466779779,0.6979795733208518,0
1596168215.958925,300.23873160687197,0.6979795733208518,0
1596168215.968925,302.0382578214716,0.6979795733208518,0
1596168215.978925,303.83641074505556,0.6979795733208518,0
1596168215.988925,305.636623605163,0.6979795733208518,0
1596168215.998925,307.438209756286,0.6979795733208518,0
1596168216.008925,309.23786471691835,0.6979795733208518,0
1596168216.018925,311.0370046934198,0.6979795733208518,0
1596168216.028925,312.8376467069696,0.6979795733208518,0
1596168216.038925,314.63953326550234,0.6979795733208518,0
1596168216.048925,316.4380295118402,0.6979795733208518,0
1596168216.058925,318.23935817089784,0.6979795733208518,0
1596168216.068925,320.03673861828554,0.6979795733208518,0
1596168216.078925,321.83785270062197,0.6979795733208518,0
1596168216.088925,323.6388809522699,0.6979795733208518,0
1596168216.0989249,325.43797801342714,0.6979795733208518,0
1596168216.1089249,327.2392208417963,0.6979795733208518,0
1596168216.1189249,329.0380604108881,0.6979795733208518,0
1596168216.1289248,330.8375866254877,0.6979795733208518,0
1596168216.1389248,332.638142808349,0.6979795733208518,0
1596168216.1489248,334.43646739330995,0.6979795733208518,0
1596168216.1589248,336.23921225872743,0.6979795733208518,0
1596168216.1689248,338.0376655897211,0.6979795733208518,0
1596168216.1789248,339.83925174084413,0.6979795733208518,0
1596168216.1889248,341.6371471723627,0.6979795733208518,0
1596168216.1989248,343.4367592176508,0.6979795733208518,0
1596168216.2089248,345.2393324216913,0.6979795733208518,0
1596168216.2189248,347.03812907543886,0.6979795733208518,0
1596168216.2289248,348.8381273588251,0.6979795733208518,0
1596168216.2389247,350.6378681501459,0.6979795733208518,0
1596168216.2489247,352.4377376874994,0.6979795733208518,0
1596168216.2589247,354.239066346557,0.6979795733208518,0
1596168216.2689247,356.0373480161737,0.6979795733208518,0
1596168216.2789247,357.83811877575624,0.6979795733208518,0
1596168216.2889247,359.636228783996,0.6979795733208518,0
1596168216.2909563,360,0.6979795733208518,1
1596168216.2909563,0,0,0
1596168216.3009562,1.802358627319336,0,0
1596168216.3109562,3.602142333984375,0,0
1596168216.3209562,5.402827262878418,0,0
1596168216.3309562,7.202439308166504,0,0
1596168216.3409562,9.000163078308105,0,0
1596168216.3509562,10.802779197692871,0,0
1596168216.3609562,12.600417137145996,0,0
1596168216.3709562,14.400629997253418,0,0
1596168216.3809562,16.200499534606934,0,0
1596168216.3909562,18.001914024353027,0,0
1596168216.4009562,19.800410270690918,0,0
1596168216.4109561,21.602554321289062,0,0
1596168216.4209561,23.4023380279541,0,0
1596168216.4309561,25.202293395996094,0,0
1596168216.440956,27.000102996826172,0,0
1596168216.450956,28.800058364868164,0,0
1596168216.460956,30.60293197631836,0,0
1596168216.470956,32.40318775177002,0,0
1596168216.480956,34.20022487640381,0,0
1596168216.490956,36.0016393661499,0,0
1596168216.500956,37.80262470245361,0,0
1596168216.510956,39.6022367477417,0,0
1596168216.520956,41.4005184173584,0,0
1596168216.530956,43.20291996002197,0,0
1596168216.540956,45.00253200531006,0,0
1596168216.550956,46.80257320404053,0,0
1596168216.560956,48.6020565032959,0,0
1596168216.570956,50.40076732635498,0,0
1596168216.580956,52.2029972076416,0,0
1596168216.590956,54.00312423706055,0,0
1596168216.600956,55.80174922943115,0,0
1596168216.610956,57.60110378265381,0,0
1596168216.620956,59.40200328826904,0,0
1596168216.630956,61.2013578414917,0,0
1596168216.640956,63.0025577545166,0,0
1596168216.650956,64.80161190032959,0,0
1596168216.660956,66.60281181335449,0,0
1596168216.670956,68.40044975280762,0,0
1596168216.680956,70.20134925842285,0,0
1596168216.6909559,72.00280666351318,0,0
1596168216.7009559,73.80070209503174,0,0
1596168216.7109559,75.6013011932373,0,0
1596168216.7209558,77.40142822265625,0,0
1596168216.7309558,79.20159816741943,0,0
1596168216.7409558,81.00022315979004,0,0
1596168216.7509558,82.80142307281494,0,0
1596168216.7609558,84.60309505462646,0,0
1596168216.7709558,86.40283584594727,0,0
1596168216.7809558,88.20231914520264,0,0
1596168216.7909558,90.00120162963867,0,0
1596168216.8009558,91.80154323577881,0,0
1596168216.8109558,93.60201358795166,0,0
1596168216.8209558,95.40308475494385,0,0
1596168216.8309557,97.20329761505127,0,0
1596168216.8409557,99.00123596191406,0,0
1596168216.8509557,100.80183506011963,0,0
1596168216.8609557,102.59990215301514,0,0
1596168216.8709557,104.40037250518799,0,0
1596168216.8809557,106.20088577270508,0,0
1596168216.8909557,108.00036907196045,0,0
1596168216.9009557,109.80294227600098,0,0
1596168216.9109557,111.60268306732178,0,0
1596168216.9209557,113.40044975280762,0,0
1596168216.9309556,115.20203590393066,0,0
1596168216.9409556,117.0003604888916,0,0
1596168216.9509556,118.80130290985107,0,0
1596168216.9609556,120.60155868530273,0,0
1596168216.9709556,122.40258693695068,0,0
1596168216.9809556,124.20129776000977,0,0
1596168216.984053,124.75739479064941,0,0
1596168216.984053,124.75739479064941,0,0
1596168216.9909556,126.0016393661499,0,0
1596168217.0009556,127.80090808868408,0,0
1596168217.0109556,129.60163593292236,0,0
1596168217.0209556,131.39991760253906,0,0
1596168217.0309556,133.2008171081543,0,0
1596168217.0409555,135.0022315979004,0,0
1596168217.0509555,136.8006420135498,0,0
1596168217.0609555,138.6018419265747,0,0
1596168217.0709555,140.4017972946167,0,0
1596168217.0809555,142.20110893249512,0,0
1596168217.0909555,144.00243759155273,0,0
1596168217.1009555,145.80071926116943,0,0
1596168217.1109555,147.60028839111328,0,0
1596168217.1209555,149.40131664276123,0,0
1596168217.1309555,151.202130317688,0,0
1596168217.1409554,153.00148487091064,0,0
1596168217.1509554,154.8021697998047,0,0
1596168217.1609554,156.60143852233887,0,0
1596168217.1709554,158.39984893798828,0,0
1596168217.1809554,160.20306587219238,0,0
1596168217.1909554,162.00267791748047,0,0
1596168217.2009554,163.80297660827637,0,0
1596168217.2109554,165.6020736694336,0,0
1596168217.2209554,167.4029302597046,0,0
1596168217.2309554,169.1998815536499,0,0
1596168217.2409554,171.00103855133057,0,0
1596168217.2509553,172.80086517333984,0,0
1596168217.2609553,174.60288047790527,0,0
1596168217.2709553,176.4025354385376,0,0
1596168217.2809553,178.20197582244873,0,0
1596168217.2909553,180.00205993652344,0,0
1596168217.3009553,181.80313110351562,0,0
1596168217.3109553,183.60248565673828,0,0
1596168217.3209553,185.40205478668213,0,0
1596168217.3309553,187.20170974731445,0,0
1596168217.3409553,189.00235176086426,0,0
1596168217.3509552,190.80059051513672,0,0
1596168217.3609552,192.6005458831787,0,0
1596168217.3709552,194.40264701843262,0,0
1596168217.3809552,196.20028495788574,0,0
1596168217.3909552,198.00212860107422,0,0
1596168217.4009552,199.8006248474121,0,0
1596168217.4109552,201.60319805145264,0,0
1596168217.4209552,203.40135097503662,0,0
1596168217.4309552,205.2009630203247,0,0
1596168217.4409552,207.0000171661377,0,0
1596168217.4509552,208.80224704742432,0,0
1596168217.4609551,210.60022830963135,0,0
1596168217.4709551,212.40241527557373,0,0
1596168217.4809551,214.20082569122314,0,0
1596168217.490955,216.00116729736328,0,0
1596168217.500955,217.80146598815918,0,0
1596168217.510955,219.60082054138184,0,0
1596168217.520955,221.40034675598145,0,0
1596168217.530955,223.20034503936768,0,0
1596168217.540955,225.00274658203125,0,0
1596168217.550955,226.80047035217285,0,0
1596168217.560955,228.60321521759033,0,0
1596168217.570955,230.402569770813,0,0
1596168217.580955,232.20218181610107,0,0
1596168217.590955,234.00235176086426,0,0
1596168217.600955,235.800461769104,0,0
1596168217.610955,237.602219581604,0,0
1596168217.620955,239.3999433517456,0,0
1596168217.630955,241.2026882171631,0,0
1596168217.640955,243.00208568572998,0,0
1596168217.650955,244.8004961013794,0,0
1596168217.660955,246.60049438476562,0,0
1596168217.670955,248.4003210067749,0,0
1596168217.680955,250.2009630203247,0,0
1596168217.690955,252.00151920318604,0,0
1596168217.700955,253.7998867034912,0,0
1596168217.710955,255.6013011932373,0,0
1596168217.720955,257.4019432067871,0,0
1596168217.730955,259.20151233673096,0,0
1596168217.7409549,260.99987983703613,0,0
1596168217.7509549,262.80009269714355,0,0
1596168217.7609549,264.59996223449707,0,0
1596168217.7709548,266.3997459411621,0,0
1596168217.7809548,268.2015037536621,0,0
1596168217.7909548,270.00321865081787,0,0
1596168217.8009548,271.8019723892212,0,0
1596168217.8109548,273.59978199005127,0,0
1596168217.8209548,275.40205478668213,0,0
1596168217.8309548,277.19990730285645,0,0
1596168217.8409548,279.0017080307007,0,0
1596168217.8509548,280.79986095428467,0,0
1596168217.8609548,282.60015964508057,0,0
1596168217.8709548,284.4007158279419,0,0
1596168217.8809547,286.20084285736084,0,0
1596168217.8909547,288.002986907959,0,0
1596168217.9009547,289.8004102706909,0,0
1596168217.9109547,291.60186767578125,0,0
1596168217.9209547,293.4000635147095,0,0
1596168217.9309547,295.2001476287842,0,0
1596168217.9409547,296.99984550476074,0,0
1596168217.9509547,298.80117416381836,0,0
1596168217.9609547,300.601601600647,0,0
1596168217.9709547,302.40095615386963,0,0
1596168217.9809546,304.2009973526001,0,0
1596168217.9909546,306.0019826889038,0,0
1596168218.0009546,307.7997922897339,0,0
1596168218.0109546,309.60052013397217,0,0
1596168218.0209546,311.4026212692261,0,0
1596168218.0309546,313.20051670074463,0,0
1596168218.0409546,315.00025749206543,0,0
1596168218.0509546,316.8015432357788,0,0
1596168218.0609546,318.60132694244385,0,0
1596168218.0709546,320.4022264480591,0,0
1596168218.0809546,322.2011089324951,0,0
1596168218.0909545,323.9999055862427,0,0
1596168218.1009545,325.80084800720215,0,0
1596168218.1109545,327.6002025604248,0,0
1596168218.1209545,329.40247535705566,0,0
1596168218.1309545,331.2024736404419,0,0
1596168218.1409545,333.00058364868164,0,0
1596168218.1509545,334.802770614624,0,0
1596168218.1609545,336.6010093688965,0,0
1596168218.1709545,338.4019947052002,0,0
1596168218.1809545,340.20134925842285,0,0
1596168218.1909544,342.00267791748047,0,0
1596168218.2009544,343.8002300262451,0,0
1596168218.2109544,345.6013011932373,0,0
1596168218.2209544,347.4028015136719,0,0
1596168218.2309544,349.20297145843506,0,0
1596168218.2409544,351.0018539428711,0,0
1596168218.2509544,352.7998352050781,0,0
1596168218.2609544,354.60262298583984,0,0
1596168218.2709544,356.4030933380127,0,0
1596168218.2809544,358.2003450393677,0,0
1596168218.2909591,360,0,1
1596168218.2909591,0,0,0
1596168218.300959,45.4500465817858,0.24248596320969595,0
1596168218.310959,47.247641605894685,0.24248596320969595,0
1596168218.320959,49.0489702649523,0.24248596320969595,0
1596168218.330959,50.84785274938834,0.24248596320969595,0
1596168218.340959,52.648408932249666,0.24248596320969595,0
1596168218.350959,54.44978050665152,0.24248596320969595,0
1596168218.360959,56.24780468420279,0.24248596320969595,0
1596168218.370959,58.04801754431021,0.24248596320969595,0
1596168218.380959,59.84784416631949,0.24248596320969595,0
1596168218.390959,61.64754204229605,0.24248596320969595,0
1596168218.400959,63.450458569090486,0.24248596320969595,0
1596168218.410959,65.24968437628043,0.24248596320969595,0
1596168218.420959,67.05054096655142,0.24248596320969595,0
1596168218.430959,68.84822182134879,0.24248596320969595,0
1596168218.440959,70.65019421056998,0.24248596320969595,0
1596168218.450959,72.44761757330191,0.24248596320969595,0
1596168218.460959,74.25044826940787,0.24248596320969595,0
1596168218.470959,76.04817203954947,0.24248596320969595,0
1596168218.480959,77.85001568273795,0.24248596320969595,0
1596168218.490959,79.6481256909777,0.24248596320969595,0
1596168218.500959,81.44996933416617,0.24248596320969595,0
1596168218.510959,83.24846558050406,0.24248596320969595,0
1596168218.520959,85.05086712316763,0.24248596320969595,0
1596168218.5229208,85.40058426336539,0.24248596320969595,0
1596168218.5229208,85.40058426336539,0.24248596320969595,0
1596168218.530959,86.84936336950553,0.24248596320969595,0
1596168218.540959,88.64833168463004,0.24248596320969595,0
1596168218.5509589,90.45000366644156,0.24248596320969595,0
1596168218.5609589,92.24875740484488,0.24248596320969595,0
1596168218.5709589,94.04819778875601,0.24248596320969595,0
1596168218.5809588,95.84811024145377,0.24248596320969595,0
1596168218.5909588,97.64870933965933,0.24248596320969595,0
1596168218.6009588,99.4478493161608,0.24248596320969595,0
1596168218.6109588,101.250722927611,0.24248596320969595,0
1596168218.6209588,103.04780296758902,0.24248596320969595,0
1596168218.6309588,104.84831623510611,0.24248596320969595,0
1596168218.6409588,106.64968780950797,0.24248596320969595,0
1596168218.6509588,108.44895653204215,0.24248596320969595,0
1596168218.6609588,110.24792484716666,0.24248596320969595,0
1596168218.6709588,112.0482664533068,0.24248596320969595,0
1596168218.6809587,113.8485651441027,0.24248596320969595,0
1596168218.6909587,115.64980797247183,0.24248596320969595,0
1596168218.7009587,117.44933418707144,0.24248596320969595,0
1596168218.7109587,119.25049118475211,0.24248596320969595,0
1596168218.7209587,121.04800037817252,0.24248596320969595,0
1596168218.7309587,122.84829906896842,0.24248596320969595,0
1596168218.7409587,124.64885525182974,0.24248596320969595,0
1596168218.7509587,126.44889645056021,0.24248596320969595,0
1596168218.7609587,128.2500534482409,0.24248596320969595,0
1596168218.7709587,130.04906467870964,0.24248596320969595,0
1596168218.7809587,131.84850506262077,0.24248596320969595,0
1596168218.7909586,133.64858917669548,0.24248596320969595,0
1596168218.8009586,135.44931702093376,0.24248596320969595,0
1596168218.8109586,137.24871448950066,0.24248596320969595,0
1596168218.8209586,139.04819778875603,0.24248596320969595,0
1596168218.8309586,140.85055641607536,0.24248596320969595,0
1596168218.8409586,142.65008263067497,0.24248596320969595,0
1596168218.8509586,144.4478493161608,0.24248596320969595,0
1596168218.8609586,146.24840549902214,0.24248596320969595,0
1596168218.8709586,148.05042080358757,0.24248596320969595,0
1596168218.8809586,149.8500757642199,0.24248596320969595,0
1596168218.8909585,151.64990238622917,0.24248596320969595,0
1596168218.9009585,153.45007233099236,0.24248596320969595,0
1596168218.9109585,155.25011352972282,0.24248596320969595,0
1596168218.9209585,157.0486956067492,0.24248596320969595,0
1596168218.9309585,158.8474493451525,0.24248596320969595,0
1596168218.9409585,160.64903549627556,0.24248596320969595,0
1596168218.9509585,162.44830421880974,0.24248596320969595,0
1596168218.9609585,164.24928955511345,0.24248596320969595,0
1596168218.9709585,166.04765705541863,0.24248596320969595,0
1596168218.9809585,167.84958652929558,0.24248596320969595,0
1596168218.9909585,169.65061478094353,0.24248596320969595,0
1596168219.0009584,171.44838146642937,0.24248596320969595,0
1596168219.0109584,173.24799351171745,0.24248596320969595,0
1596168219.0209584,175.0502663083483,0.24248596320969595,0
1596168219.0309584,176.85013584570183,0.24248596320969595,0
1596168219.0409584,178.64790253118767,0.24248596320969595,0
1596168219.0509584,180.44957451299916,0.24248596320969595,0
1596168219.0609584,182.24759869055043,0.24248596320969595,0
1596168219.0709584,184.05012897924672,0.24248596320969595,0
1596168219.0809584,185.8497410245348,0.24248596320969595,0
1596168219.0909584,187.64986805395375,0.24248596320969595,0
1596168219.1009583,189.44754890875112,0.24248596320969595,0
1596168219.1109583,191.24853424505483,0.24248596320969595,0
1596168219.1209583,193.0476742215563,0.24248596320969595,0
1596168219.1309583,194.85059074835073,0.24248596320969595,0
1596168219.1409583,196.64981655554067,0.24248596320969595,0
1596168219.1509583,198.449471516173,0.24248596320969595,0
1596168219.1609583,200.24839691595326,0.24248596320969595,0
1596168219.1709583,202.05028347448598,0.24248596320969595,0
1596168219.1809583,203.84989551977407,0.24248596320969595,0
1596168219.1909583,205.64882091955434,0.24248596320969595,0
1596168219.2009583,207.4485187955309,0.24248596320969595,0
1596168219.2109582,209.24851707891713,0.24248596320969595,0
1596168219.2209582,211.04872993902455,0.24248596320969595,0
1596168219.2309582,212.85057358221303,0.24248596320969595,0
1596168219.2409582,214.64958481268178,0.24248596320969595,0
1596168219.2509582,216.44752315954457,0.24248596320969595,0
1596168219.2609582,218.24992470220815,0.24248596320969595,0
1596168219.2709582,220.04730514959584,0.24248596320969595,0
1596168219.2809582,221.84824757055532,0.24248596320969595,0
1596168219.2909582,223.64738754705678,0.24248596320969595,0
1596168219.3009582,225.44858746008168,0.24248596320969595,0
1596168219.3109581,227.24785618261586,0.24248596320969595,0
1596168219.3209581,229.04768280462514,0.24248596320969595,0
1596168219.3309581,230.84858231024037,0.24248596320969595,0
1596168219.340958,232.64832310156118,0.24248596320969595,0
1596168219.350958,234.4485359616686,0.24248596320969595,0
1596168219.360958,236.24926380590688,0.24248596320969595,0
1596168219.370958,238.05046371893178,0.24248596320969595,0
1596168219.380958,239.84758667425405,0.24248596320969595,0
1596168219.390958,241.64797119573842,0.24248596320969595,0
1596168219.400958,243.4479265637804,0.24248596320969595,0
1596168219.410958,245.2488689847399,0.24248596320969595,0
1596168219.420958,247.0483951993395,0.24248596320969595,0
1596168219.430958,248.84787849859487,0.24248596320969595,0
1596168219.440958,250.648220104735,0.24248596320969595,0
1596168219.450958,252.4494200177599,0.24248596320969595,0
1596168219.460958,254.24795917944203,0.24248596320969595,0
1596168219.470958,256.0499315686632,0.24248596320969595,0
1596168219.480958,257.8482132382799,0.24248596320969595,0
1596168219.490958,259.6475677915026,0.24248596320969595,0
1596168219.500958,261.44975475744496,0.24248596320969595,0
1596168219.510958,263.24880890325795,0.24248596320969595,0
1596168219.520958,265.05078129247914,0.24248596320969595,0
1596168219.530958,266.8486767239977,0.24248596320969595,0
1596168219.540958,268.6482029385973,0.24248596320969595,0
1596168219.550958,270.44755749181996,0.24248596320969595,0
1596168219.560958,272.24965862707387,0.24248596320969595,0
1596168219.570958,274.0488844342638,0.24248596320969595,0
1596168219.580958,275.8488398023058,0.24248596320969595,0
1596168219.5909579,277.64995388464223,0.24248596320969595,0
1596168219.6009579,279.44767765478383,0.24248596320969595,0
1596168219.6109579,281.24844841436635,0.24248596320969595,0
1596168219.6209579,283.05063538030873,0.24248596320969595,0
1596168219.6309578,284.84814457372914,0.24248596320969595,0
1596168219.6409578,286.64745621160756,0.24248596320969595,0
1596168219.6509578,288.4490423627306,0.24248596320969595,0
1596168219.6609578,290.24895481542836,0.24248596320969595,0
1596168219.6709578,292.0485239453722,0.24248596320969595,0
1596168219.6809578,293.84908012823354,0.24248596320969595,0
1596168219.6909578,295.6478767819811,0.24248596320969595,0
1596168219.7009578,297.44890503362905,0.24248596320969595,0
1596168219.7109578,299.2482595868517,0.24248596320969595,0
1596168219.7209578,301.0475283093859,0.24248596320969595,0
1596168219.7309577,302.84799866155873,0.24248596320969595,0
1596168219.7409577,304.6476107068468,0.24248596320969595,0
1596168219.7509577,306.44949726537953,0.24248596320969595,0
1596168219.7609577,308.24747852758657,0.24248596320969595,0
1596168219.7709577,310.0484638638903,0.24248596320969595,0
1596168219.7809577,311.8477755017687,0.24248596320969595,0
1596168219.7909577,313.647430462401,0.24248596320969595,0
1596168219.8009577,315.4486303754259,0.24248596320969595,0
1596168219.8109577,317.25051693395864,0.24248596320969595,0
1596168219.8209577,319.04914192632924,0.24248596320969595,0
1596168219.8309577,320.8497410245348,0.24248596320969595,0
1596168219.8409576,322.6473360486437,0.24248596320969595,0
1596168219.8509576,324.4502525754381,0.24248596320969595,0
1596168219.8609576,326.24801926092397,0.24248596320969595,0
1596168219.8709576,328.0473308988024,0.24248596320969595,0
1596168219.8809576,329.84960369543325,0.24248596320969595,0
1596168219.8909576,331.64822868780385,0.24248596320969595,0
1596168219.8992767,333.1446438260485,0.24248596320969595,0
1596168219.8992767,333.1446438260485,0.24248596320969595,0
1596168219.9009576,333.4502439923693,0.24248596320969595,0
1596168219.9109576,335.2503710217882,0.24248596320969595,0
1596168219.9209576,337.048309368651,0.24248596320969595,0
1596168219.9309576,338.84787849859487,0.24248596320969595,0
1596168219.9409575,340.64791969732534,0.24248596320969595,0
1596168219.9509575,342.4494200177599,0.24248596320969595,0
1596168219.9609575,344.2500191159655,0.24248596320969595,0
1596168219.9709575,346.05053238348256,0.24248596320969595,0
1596168219.9809575,347.84812740759145,0.24248596320969595,0
1596168219.9909575,349.6475677915026,0.24248596320969595,0
1596168220.0009575,351.4492397733141,0.24248596320969595,0
1596168220.0109575,353.2484226651598,0.24248596320969595,0
1596168220.0209575,355.0481634564806,0.24248596320969595,0
1596168220.0309575,356.8481188245226,0.24248596320969595,0
1596168220.0409575,358.6497478909899,0.24248596320969595,0
1596168220.048481,360,0.24248596320969595,1
1596168220.048481,0,0,0
1596168220.058481,148.23426470468485,0.8135096356443808,0
1596168220.068481,150.03241762826883,0.8135096356443808,0
1596168220.078481,151.83456167886698,0.8135096356443808,0
1596168220.088481,153.6327575177952,0.8135096356443808,0
1596168220.098481,155.43206915567362,0.8135096356443808,0
1596168220.108481,157.23215326974832,0.8135096356443808,0
1596168220.118481,159.034211489658,0.8135096356443808,0
1596168220.128481,160.835068079929,0.8135096356443808,0
1596168220.138481,162.63296351144754,0.8135096356443808,0
1596168220.148481,164.43240389535868,0.8135096356443808,0
1596168220.158481,166.234762522678,0.8135096356443808,0
1596168220.1684809,168.03330168436014,0.8135096356443808,0
1596168220.1784809,169.8326562375828,0.8135096356443808,0
1596168220.1884809,171.6351006955906,0.8135096356443808,0
1596168220.1984808,173.43488440225565,0.8135096356443808,0
1596168220.2084808,175.23483977029764,0.8135096356443808,0
1596168220.2184808,177.0337651700779,0.8135096356443808,0
1596168220.2284808,178.83239016244852,0.8135096356443808,0
1596168220.2384808,180.63225969980203,0.8135096356443808,0
1596168220.2484808,182.43504748056375,0.8135096356443808,0
1596168220.2584808,184.23242792795145,0.8135096356443808,0
1596168220.2684808,186.0325549573704,0.8135096356443808,0
1596168220.2784808,187.83478483865701,0.8135096356443808,0
1596168220.2884808,189.63263735483133,0.8135096356443808,0
1596168220.2984807,191.43426642129862,0.8135096356443808,0
1596168220.3084807,193.234650942783,0.8135096356443808,0
1596168220.3184807,195.0321601362034,0.8135096356443808,0
1596168220.3284807,196.83228716562235,0.8135096356443808,0
1596168220.3384807,198.632542941074,0.8135096356443808,0
1596168220.3484807,200.43352827737772,0.8135096356443808,0
1596168220.3584807,202.23253950784647,0.8135096356443808,0
1596168220.3684807,204.0326665372654,0.8135096356443808,0
1596168220.3784807,205.8342956037327,0.8135096356443808,0
1596168220.3884807,207.63442263315164,0.8135096356443808,0
1596168220.3984807,209.43416342447244,0.8135096356443808,0
1596168220.4084806,211.23257384012186,0.8135096356443808,0
1596168220.4184806,213.0332587690159,0.8135096356443808,0
1596168220.4284806,214.83510241220438,0.8135096356443808,0
1596168220.4384806,216.6329549283787,0.8135096356443808,0
1596168220.4484806,218.43205198953592,0.8135096356443808,0
1596168220.4584806,220.2329944104954,0.8135096356443808,0
1596168220.4684806,222.03234896371805,0.8135096356443808,0
1596168220.4784806,223.8347075910374,0.8135096356443808,0
1596168220.4884806,225.63393339822733,0.8135096356443808,0
1596168220.4984806,227.43187174509012,0.8135096356443808,0
1596168220.5084805,229.23221335123026,0.8135096356443808,0
1596168220.5184805,231.03216871927225,0.8135096356443808,0
1596168220.5284805,232.8343127698704,0.8135096356443808,0
1596168220.5384805,234.63499769876444,0.8135096356443808,0
1596168220.5484805,236.4343522519871,0.8135096356443808,0
1596168220.5584805,238.23503718088114,0.8135096356443808,0
1596168220.5684805,240.0347350568577,0.8135096356443808,0
1596168220.5784805,241.8326734037205,0.8135096356443808,0
1596168220.5884805,243.6336587400242,0.8135096356443808,0
1596168220.5984805,245.43477282236063,0.8135096356443808,0
1596168220.6084805,247.23275408456766,0.8135096356443808,0
1596168220.6184804,249.03472647378885,0.8135096356443808,0
1596168220.6284804,250.8326219053074,0.8135096356443808,0
1596168220.6384804,252.63300642679178,0.8135096356443808,0
1596168220.6484804,254.43476423929178,0.8135096356443808,0
1596168220.6584804,256.23235926340067,0.8135096356443808,0
1596168220.6684804,258.0334733457371,0.8135096356443808,0
1596168220.6784804,259.8349307508274,0.8135096356443808,0
1596168220.6884804,261.6348861188694,0.8135096356443808,0
1596168220.6984804,263.4323523969456,0.8135096356443808,0
1596168220.7084804,265.2345822782322,0.8135096356443808,0
1596168220.7184803,267.0335076780125,0.8135096356443808,0
1596168220.7284803,268.83445009897196,0.8135096356443808,0
1596168220.7384803,270.6343625516697,0.8135096356443808,0
1596168220.7484803,272.4344037504002,0.8135096356443808,0
1596168220.7584803,274.23465952585184,0.8135096356443808,0
1596168220.7684803,276.0317824811741,0.8135096356443808,0
1596168220.7784803,277.8342269391819,0.8135096356443808,0
1596168220.7884803,279.6322940320774,0.8135096356443808,0
1596168220.7984803,281.43319353769266,0.8135096356443808,0
1596168220.8084803,283.2347796888157,0.8135096356443808,0
1596168220.8184803,285.0336192579075,0.8135096356443808,0
1596168220.8284802,286.8346045942112,0.8135096356443808,0
1596168220.8384802,288.6326716871067,0.8135096356443808,0
1596168220.8484802,290.4335282773777,0.8135096356443808,0
1596168220.8584802,292.2349427671238,0.8135096356443808,0
1596168220.8684802,294.0327523679539,0.8135096356443808,0
1596168220.8784802,295.83468184183084,0.8135096356443808,0
1596168220.8884802,297.63476595590555,0.8135096356443808,0
1596168220.8984802,299.432103487949,0.8135096356443808,0
1596168220.9084802,301.2328742475315,0.8135096356443808,0
1596168220.9184802,303.0348466367527,0.8135096356443808,0
1596168220.9284801,304.8345874280735,0.8135096356443808,0
1596168220.9384801,306.63480028818094,0.8135096356443808,0
1596168220.9484801,308.43308195779764,0.8135096356443808,0
1596168220.9584801,310.2345822782322,0.8135096356443808,0
1596168220.96848,312.0332072706028,0.8135096356443808,0
1596168220.97848,313.8330338926121,0.8135096356443808,0
1596168220.98848,315.63384756753885,0.8135096356443808,0
1596168220.99848,317.43234381387674,0.8135096356443808,0
1596168221.00848,319.2342732877537,0.8135096356443808,0
1596168221.01848,321.0331128568455,0.8135096356443808,0
1596168221.02848,322.83289656351053,0.8135096356443808,0
1596168221.03848,324.6332810849949,0.8135096356443808,0
1596168221.04848,326.4322494001194,0.8135096356443808,0
1596168221.05848,328.23237642953836,0.8135096356443808,0
1596168221.06848,330.03155932138407,0.8135096356443808,0
1596168221.07848,331.8335746259495,0.8135096356443808,0
1596168221.08848,333.63194212625467,0.8135096356443808,0
1596168221.09848,335.4324124784275,0.8135096356443808,0
1596168221.10848,337.2328828306004,0.8135096356443808,0
1596168221.11848,339.03180823038065,0.8135096356443808,0
1596168221.12848,340.83287939737284,0.8135096356443808,0
1596168221.13848,342.63262018869364,0.8135096356443808,0
1596168221.14848,344.43493590066873,0.8135096356443808,0
1596168221.15848,346.23180136392557,0.8135096356443808,0
1596168221.16848,348.0325721235081,0.8135096356443808,0
1596168221.17848,349.8316691846653,0.8135096356443808,0
1596168221.18848,351.6331695050999,0.8135096356443808,0
1596168221.19848,353.43162283609354,0.8135096356443808,0
1596168221.20848,355.23260817239725,0.8135096356443808,0
1596168221.2184799,357.0322631330296,0.8135096356443808,0
1596168221.2284799,358.83264765451395,0.8135096356443808,0
1596168221.2349746,360,0.8135096356443808,1
1596168221.2349746,0,0,0
1596168221.2449746,1.8010282516479492,0,0
1596168221.2549746,3.6020994186401367,0,0
1596168221.2649746,5.403170585632324,0,0
1596168221.2749746,7.200894355773926,0,0
1596168221.2849746,9.002394676208496,0,0
1596168221.2949746,10.801749229431152,0,0
1596168221.3049746,12.600545883178711,0,0
1596168221.3149745,14.403247833251953,0,0
1596168221.3249745,16.2028169631958,0,0
1596168221.3349745,18.002729415893555,0,0
1596168221.3449745,19.80058193206787,0,0
1596168221.3549745,21.600451469421387,0,0
1596168221.3649745,23.401780128479004,0,0
1596168221.3749745,25.203452110290527,0,0
1596168221.3849745,27.000789642333984,0,0
1596168221.3949745,28.801989555358887,0,0
1596168221.4049745,30.601043701171875,0,0
1596168221.4149745,32.40147113800049,0,0
1596168221.4249744,34.202070236206055,0,0
1596168221.4349744,36.00090980529785,0,0
1596168221.4449744,37.802839279174805,0,0
1596168221.4549744,39.600090980529785,0,0
1596168221.4649744,41.40069007873535,0,0
1596168221.4749744,43.20326328277588,0,0
1596168221.4849744,45.00180244445801,0,0
1596168221.4949744,46.80274486541748,0,0
1596168221.5049744,48.60274314880371,0,0
1596168221.5149744,50.40308475494385,0,0
1596168221.5249743,52.20085144042969,0,0
1596168221.5349743,54.00325298309326,0,0
1596168221.5449743,55.80200672149658,0,0
1596168221.5549743,57.60307788848877,0,0
1596168221.5649743,59.40281867980957,0,0
1596168221.5749743,61.20157241821289,0,0
1596168221.5849743,63.002471923828125,0,0
1596168221.5949743,64.80152606964111,0,0
1596168221.6049743,66.60199642181396,0,0
1596168221.6149743,68.4012222290039,0,0
1596168221.6249743,70.20203590393066,0,0
1596168221.6349742,72.0014762878418,0,0
1596168221.6449742,73.80104541778564,0,0
1596168221.6549742,75.60104370117188,0,0
1596168221.6649742,77.40254402160645,0,0
1596168221.6749742,79.20151233673096,0,0
1596168221.6849742,81.00082397460938,0,0
1596168221.6949742,82.80236721038818,0,0
1596168221.7049742,84.6018934249878,0,0
1596168221.7149742,86.4014196395874,0,0
1596168221.7249742,88.20296287536621,0,0
1596168221.7349741,90.00128746032715,0,0
1596168221.7449741,91.80197238922119,0,0
1596168221.7549741,93.6023998260498,0,0
1596168221.764974,95.40149688720703,0,0
1596168221.774974,97.20055103302002,0,0
1596168221.784974,99.0021800994873,0,0
1596168221.794974,100.80230712890625,0,0
1596168221.804974,102.6027774810791,0,0
1596168221.814974,104.40054416656494,0,0
1596168221.824974,106.20002746582031,0,0
1596168221.834974,108.00272941589355,0,0
1596168221.844974,109.80225563049316,0,0
1596168221.854974,111.59989356994629,0,0
1596168221.864974,113.40113639831543,0,0
1596168221.874974,115.20302295684814,0,0
1596168221.884974,117.0003604888916,0,0
1596168221.894974,118.80314826965332,0,0
1596168221.8994036,119.59721088409424,0,0
1596168221.8994036,119.59721088409424,0,0
1596168221.904974,120.60117244720459,0,0
1596168221.914974,122.40138530731201,0,0
1596168221.924974,124.20314311981201,0,0
1596168221.934974,126.00224018096924,0,0
1596168221.944974,127.80017852783203,0,0
1596168221.954974,129.60159301757812,0,0
1596168221.964974,131.4025354385376,0,0
1596168221.974974,133.20098876953125,0,0
1596168221.984974,135.00231742858887,0,0
1596168221.994974,136.80089950561523,0,0
1596168222.004974,138.60214233398438,0,0
1596168222.0149739,140.4001235961914,0,0
1596168222.0249739,142.20325469970703,0,0
1596168222.0349739,144.00269508361816,0,0
1596168222.0449739,145.80029010772705,0,0
1596168222.0549738,147.60144710540771,0,0
1596168222.0649738,149.40101623535156,0,0
1596168222.0749738,151.20140075683594,0,0
1596168222.0849738,153.00294399261475,0,0
1596168222.0949738,154.80186939239502,0,0
1596168222.1049738,156.5998935699463,0,0
1596168222.1149738,158.4016513824463,0,0
1596168222.1249738,160.2022933959961,0,0
1596168222.1349738,162.00117588043213,0,0
1596168222.1449738,163.80254745483398,0,0
1596168222.1549737,165.60168743133545,0,0
1596168222.1649737,167.4023723602295,0,0
1596168222.1749737,169.20181274414062,0,0
1596168222.1849737,171.0024118423462,0,0
1596168222.1949737,172.80056476593018,0,0
1596168222.2049737,174.60206508636475,0,0
1596168222.2149737,176.4010763168335,0,0
1596168222.2249737,178.20051670074463,0,0
1596168222.2349737,180.00047206878662,0,0
1596168222.2449737,181.8021011352539,0,0
1596168222.2549736,183.60167026519775,0,0
1596168222.2649736,185.40321350097656,0,0
1596168222.2749736,187.20261096954346,0,0
1596168222.2849736,189.00265216827393,0,0
1596168222.2949736,190.80252170562744,0,0
1596168222.3049736,192.6011037826538,0,0
1596168222.3149736,194.4001579284668,0,0
1596168222.3249736,196.2026882171631,0,0
1596168222.3349736,198.00225734710693,0,0
1596168222.3449736,199.8008394241333,0,0
1596168222.3549736,201.60130977630615,0,0
1596168222.3649735,203.40126514434814,0,0
1596168222.3749735,205.20280838012695,0,0
1596168222.3849735,207.00018882751465,0,0
1596168222.3949735,208.80237579345703,0,0
1596168222.4049735,210.60031414031982,0,0
1596168222.4149735,212.40155696868896,0,0
1596168222.4249735,214.202241897583,0,0
1596168222.4349735,216.0009527206421,0,0
1596168222.4449735,217.8024959564209,0,0
1596168222.4549735,219.60275173187256,0,0
1596168222.4649734,221.40262126922607,0,0
1596168222.4749734,223.2024908065796,0,0
1596168222.4849734,225.00137329101562,0,0
1596168222.4949734,226.80081367492676,0,0
1596168222.5049734,228.60076904296875,0,0
1596168222.5149734,230.4015827178955,0,0
1596168222.5249734,232.2017526626587,0,0
1596168222.5349734,234.00007724761963,0,0
1596168222.5449734,235.800461769104,0,0
1596168222.5549734,237.6016616821289,0,0
1596168222.5649734,239.40123081207275,0,0
1596168222.5749733,241.2010145187378,0,0
1596168222.5849733,243.00152778625488,0,0
1596168222.5949733,244.79989528656006,0,0
1596168222.6049733,246.60122394561768,0,0
1596168222.6149733,248.40135097503662,0,0
1596168222.6249733,250.20293712615967,0,0
1596168222.6349733,252.0021629333496,0,0
1596168222.6449733,253.80228996276855,0,0
1596168222.6549733,255.60155868530273,0,0
1596168222.6649733,257.4019432067871,0,0
1596168222.6749732,259.20095443725586,0,0
1596168222.6849732,261.00279808044434,0,0
1596168222.6949732,262.80155181884766,0,0
1596168222.7049732,264.60026264190674,0,0
1596168222.7149732,266.3999605178833,0,0
1596168222.7249732,268.20197582244873,0,0
1596168222.7349732,269.99974250793457,0,0
1596168222.7449732,271.8018865585327,0,0
1596168222.7549732,273.6007261276245,0,0
1596168222.7649732,275.4002523422241,0,0
1596168222.7749732,277.202525138855,0,0
1596168222.7849731,279.00290966033936,0,0
1596168222.7949731,280.8006763458252,0,0
1596168222.8049731,282.603120803833,0,0
1596168222.814973,284.4009733200073,0,0
1596168222.824973,286.2014436721802,0,0
1596168222.834973,288.0025577545166,0,0
1596168222.844973,289.8003673553467,0,0
1596168222.854973,291.60208225250244,0,0
1596168222.864973,293.4013509750366,0,0
1596168222.874973,295.20280838012695,0,0
1596168222.884973,296.999716758728,0,0
1596168222.894973,298.8018608093262,0,0
1596168222.904973,300.60009956359863,0,0
1596168222.914973,302.40254402160645,0,0
1596168222.924973,304.20104026794434,0,0
1596168222.934973,306.00125312805176,0,0
1596168222.944973,307.80210971832275,0,0
1596168222.954973,309.60296630859375,0,0
1596168222.964973,311.3998746871948,0,0
1596168222.974973,313.1998300552368,0,0
1596168222.984973,315.00085830688477,0,0
1596168222.994973,316.80304527282715,0,0
1596168223.004973,318.60300064086914,0,0
1596168223.014973,320.40008068084717,0,0
1596168223.024973,322.20158100128174,0,0
1596168223.034973,324.0009355545044,0,0
1596168223.044973,325.80299377441406,0,0
1596168223.054973,327.6014471054077,0,0
1596168223.0649729,329.4016170501709,0,0
1596168223.0749729,331.20187282562256,0,0
1596168223.0849729,333.00294399261475,0,0
1596168223.0949728,334.8019552230835,0,0
1596168223.1049728,336.5996789932251,0,0
1596168223.1149728,338.4018659591675,0,0
1596168223.1249728,340.2009630203247,0,0
1596168223.1349728,341.9998025894165,0,0
1596168223.1449728,343.801646232605,0,0
1596168223.1549728,345.6018590927124,0,0
1596168223.1649728,347.4031448364258,0,0
1596168223.1749728,349.2019844055176,0,0
1596168223.1849728,351.0000944137573,0,0
1596168223.1949728,352.7997064590454,0,0
1596168223.2049727,354.6002197265625,0,0
1596168223.2149727,356.4014196395874,0,0
1596168223.2249727,358.2001733779907,0,0
1596168223.234981,360,0,1
1596168223.234981,0,0,0
1596168223.244981,43.64526869284063,0.2324563199406945,0
1596168223.254981,45.44359327780157,0.2324563199406945,0
1596168223.264981,47.24423529135137,0.2324563199406945,0
1596168223.274981,49.04324652182012,0.2324563199406945,0
1596168223.284981,50.84324480520635,0.2324563199406945,0
1596168223.294981,52.6448309563294,0.2324563199406945,0
1596168223.304981,54.44341303335577,0.2324563199406945,0
1596168223.314981,56.24392630087286,0.2324563199406945,0
1596168223.324981,58.044482483734186,0.2324563199406945,0
1596168223.334981,59.84409452902227,0.2324563199406945,0
1596168223.344981,61.64486528860479,0.2324563199406945,0
1596168223.354981,63.44469191061407,0.2324563199406945,0
1596168223.364981,65.24434687124639,0.2324563199406945,0
1596168223.3695207,66.05926634298712,0.2324563199406945,0
1596168223.3695207,66.05926634298712,0.2324563199406945,0
1596168223.374981,67.04546095358282,0.2324563199406945,0
1596168223.384981,68.84249807821661,0.2324563199406945,0
1596168223.394981,70.64429880606085,0.2324563199406945,0
1596168223.404981,72.44485498892217,0.2324563199406945,0
1596168223.414981,74.24262167440801,0.2324563199406945,0
1596168223.4249809,76.04296328054815,0.2324563199406945,0
1596168223.4349809,77.84360529409796,0.2324563199406945,0
1596168223.4449809,79.64308859335333,0.2324563199406945,0
1596168223.4549809,81.44467474447637,0.2324563199406945,0
1596168223.4649808,83.24244142996221,0.2324563199406945,0
1596168223.4749808,85.04415632711797,0.2324563199406945,0
1596168223.4849808,86.84209467398077,0.2324563199406945,0
1596168223.4949808,88.64277960287481,0.2324563199406945,0
1596168223.5049808,90.44548155294805,0.2324563199406945,0
1596168223.5149808,92.2426903389588,0.2324563199406945,0
1596168223.5249808,94.04513479696661,0.2324563199406945,0
1596168223.5349808,95.84414602743536,0.2324563199406945,0
1596168223.5449808,97.64530302511602,0.2324563199406945,0
1596168223.5549808,99.4442284248963,0.2324563199406945,0
1596168223.5649807,101.24298216329962,0.2324563199406945,0
1596168223.5749807,103.04293753134161,0.2324563199406945,0
1596168223.5849807,104.84332205282598,0.2324563199406945,0
1596168223.5949807,106.6429770134583,0.2324563199406945,0
1596168223.6049807,108.44443441854864,0.2324563199406945,0
1596168223.6149807,110.24331690298467,0.2324563199406945,0
1596168223.6249807,112.04348684774786,0.2324563199406945,0
1596168223.6349807,113.84228350149542,0.2324563199406945,0
1596168223.6449807,115.64215303884893,0.2324563199406945,0
1596168223.6549807,117.44215132223516,0.2324563199406945,0
1596168223.6649806,119.24446703421026,0.2324563199406945,0
1596168223.6749806,121.04292036520391,0.2324563199406945,0
1596168223.6849806,122.84536482321172,0.2324563199406945,0
1596168223.6949806,124.645191445221,0.2324563199406945,0
1596168223.7049806,126.4449322365418,0.2324563199406945,0
1596168223.7149806,128.24274183737188,0.2324563199406945,0
1596168223.7249806,130.0449717186585,0.2324563199406945,0
1596168223.7349806,131.8441546105042,0.2324563199406945,0
1596168223.7449806,133.642994179596,0.2324563199406945,0
1596168223.7549806,135.44312120901495,0.2324563199406945,0
1596168223.7649806,137.24367739187628,0.2324563199406945,0
1596168223.7749805,139.04517771231085,0.2324563199406945,0
1596168223.7849805,140.8448755882874,0.2324563199406945,0
1596168223.7949805,142.6428139351502,0.2324563199406945,0
1596168223.8049805,144.4453442238465,0.2324563199406945,0
1596168223.8149805,146.2435400627747,0.2324563199406945,0
1596168223.8249805,148.04435373770147,0.2324563199406945,0
1596168223.8349805,149.844223275055,0.2324563199406945,0
1596168223.8449805,151.64477945791631,0.2324563199406945,0
1596168223.8549805,153.44288946615606,0.2324563199406945,0
1596168223.8649805,155.24202944265753,0.2324563199406945,0
1596168223.8749804,157.04280020224004,0.2324563199406945,0
1596168223.8849804,158.8421547554627,0.2324563199406945,0
1596168223.8949804,160.64283968435674,0.2324563199406945,0
1596168223.9049804,162.44223715292364,0.2324563199406945,0
1596168223.9149804,164.24493910299688,0.2324563199406945,0
1596168223.9249804,166.0448086403504,0.2324563199406945,0
1596168223.9349804,167.84283281790167,0.2324563199406945,0
1596168223.9449804,169.64235903250128,0.2324563199406945,0
1596168223.9549804,171.44407392965704,0.2324563199406945,0
1596168223.9649804,173.24304224478155,0.2324563199406945,0
1596168223.9749804,175.04338385092169,0.2324563199406945,0
1596168223.9849803,176.84372545706182,0.2324563199406945,0
1596168223.9949803,178.64205004202276,0.2324563199406945,0
1596168224.0049803,180.44539572225955,0.2324563199406945,0
1596168224.0149803,182.2432911537781,0.2324563199406945,0
1596168224.0249803,184.04444815145877,0.2324563199406945,0
1596168224.0349803,185.84337355123904,0.2324563199406945,0
1596168224.0449803,187.645303025116,0.2324563199406945,0
1596168224.0549803,189.44306971060183,0.2324563199406945,0
1596168224.0649803,191.24285341726687,0.2324563199406945,0
1596168224.0749803,193.0436241768494,0.2324563199406945,0
1596168224.0849802,194.84396578298953,0.2324563199406945,0
1596168224.0949802,196.6435778282776,0.2324563199406945,0
1596168224.1049802,198.4435331963196,0.2324563199406945,0
1596168224.1149802,200.24288774954226,0.2324563199406945,0
1596168224.1249802,202.04387308584597,0.2324563199406945,0
1596168224.1349802,203.8447725914612,0.2324563199406945,0
1596168224.1449802,205.6430542610779,0.2324563199406945,0
1596168224.1549802,207.44511248098758,0.2324563199406945,0
1596168224.1649802,209.24378038870242,0.2324563199406945,0
1596168224.1749802,211.04399324880984,0.2324563199406945,0
1596168224.1849802,212.84227491842654,0.2324563199406945,0
1596168224.1949801,214.64446188436892,0.2324563199406945,0
1596168224.2049801,216.44218565451052,0.2324563199406945,0
1596168224.2149801,218.2427847527161,0.2324563199406945,0
1596168224.22498,220.04316927420047,0.2324563199406945,0
1596168224.23498,221.8444121025696,0.2324563199406945,0
1596168224.24498,223.6425650261536,0.2324563199406945,0
1596168224.25498,225.4447949074402,0.2324563199406945,0
1596168224.26498,227.24277616964724,0.2324563199406945,0
1596168224.27498,229.04195906149295,0.2324563199406945,0
1596168224.28498,230.84307314382937,0.2324563199406945,0
1596168224.29498,232.64521719442752,0.2324563199406945,0
1596168224.30498,234.4447004936829,0.2324563199406945,0
1596168224.31498,236.2433254860535,0.2324563199406945,0
1596168224.32498,238.04336668478396,0.2324563199406945,0
1596168224.33498,239.84508158193972,0.2324563199406945,0
1596168224.34498,241.642204537262,0.2324563199406945,0
1596168224.35498,243.44301821218875,0.2324563199406945,0
1596168224.36498,245.24207235800174,0.2324563199406945,0
1596168224.37498,247.0437872551575,0.2324563199406945,0
1596168224.38498,248.8440859459534,0.2324563199406945,0
1596168224.39498,250.64301134573367,0.2324563199406945,0
1596168224.40498,252.442666306366,0.2324563199406945,0
1596168224.41498,254.24287916647341,0.2324563199406945,0
1596168224.42498,256.04536653982547,0.2324563199406945,0
1596168224.43498,257.8448069237366,0.2324563199406945,0
1596168224.44498,259.64506269918826,0.2324563199406945,0
1596168224.45498,261.4451897286072,0.2324563199406945,0
1596168224.46498,263.2441580437317,0.2324563199406945,0
1596168224.4749799,265.04291178213504,0.2324563199406945,0
1596168224.4849799,266.84243799673465,0.2324563199406945,0
1596168224.4949799,268.64406706320193,0.2324563199406945,0
1596168224.5049798,270.44337870108035,0.2324563199406945,0
1596168224.5149798,272.24234701620486,0.2324563199406945,0
1596168224.5249798,274.0429031990662,0.2324563199406945,0
1596168224.5349798,275.84238649832156,0.2324563199406945,0
1596168224.5449798,277.64504553305056,0.2324563199406945,0
1596168224.5549798,279.4437992714539,0.2324563199406945,0
1596168224.5649798,281.2437546394959,0.2324563199406945,0
1596168224.5749798,283.0428517006531,0.2324563199406945,0
1596168224.5849798,284.84409452902224,0.2324563199406945,0
1596168224.5949798,286.64465071188357,0.2324563199406945,0
1596168224.6049798,288.4425461434021,0.2324563199406945,0
1596168224.6149797,290.2440464638367,0.2324563199406945,0
1596168224.6249797,292.0426714562073,0.2324563199406945,0
1596168224.6349797,293.8447725914612,0.2324563199406945,0
1596168224.6449797,295.6445992134705,0.2324563199406945,0
1596168224.6549797,297.4449408196106,0.2324563199406945,0
1596168224.6649797,299.2437374733582,0.2324563199406945,0
1596168224.6749797,301.0441649101868,0.2324563199406945,0
1596168224.6849797,302.842360749115,0.2324563199406945,0
1596168224.6949797,304.6428740166321,0.2324563199406945,0
1596168224.7049797,306.44321562277224,0.2324563199406945,0
1596168224.7133765,307.9533207558289,0.2324563199406945,0
1596168224.7133765,307.9533207558289,0.2324563199406945,0
1596168224.7149796,308.2427847527161,0.2324563199406945,0
1596168224.7249796,310.0441134117737,0.2324563199406945,0
1596168224.7349796,311.8442833565369,0.2324563199406945,0
1596168224.7449796,313.6445820473328,0.2324563199406945,0
1596168224.7549796,315.44505239950564,0.2324563199406945,0
1596168224.7649796,317.2438490532532,0.2324563199406945,0
1596168224.7749796,319.04389025198367,0.2324563199406945,0
1596168224.7849796,320.84350229727175,0.2324563199406945,0
1596168224.7949796,322.64221312033084,0.2324563199406945,0
1596168224.8049796,324.44354177938845,0.2324563199406945,0
1596168224.8149796,326.2453425072327,0.2324563199406945,0
1596168224.8249795,328.0442249916687,0.2324563199406945,0
1596168224.8349795,329.84375120626834,0.2324563199406945,0
1596168224.8449795,331.6443503044739,0.2324563199406945,0
1596168224.8549795,333.4432757042542,0.2324563199406945,0
1596168224.8649795,335.24207235800174,0.2324563199406945,0
1596168224.8749795,337.0432293556824,0.2324563199406945,0
1596168224.8849795,338.8430988930359,0.2324563199406945,0
1596168224.8949795,340.64275385366824,0.2324563199406945,0
1596168224.9049795,342.44339586721804,0.2324563199406945,0
1596168224.9149795,344.24279333578494,0.2324563199406945,0
1596168224.9249794,346.0432636879578,0.2324563199406945,0
1596168224.9349794,347.84399153219607,0.2324563199406945,0
1596168224.9449794,349.64326025473025,0.2324563199406945,0
1596168224.9549794,351.44343019949343,0.2324563199406945,0
1596168224.9649794,353.2425701759949,0.2324563199406945,0
1596168224.9749794,355.0432980202332,0.2324563199406945,0
1596168224.9849794,356.84278131948855,0.2324563199406945,0
1596168224.9949794,358.6451399468079,0.2324563199406945,0
1596168225.0025332,360,0.2324563199406945,1
1596168225.0025332,0,0,0
1596168225.0125332,132.65309806124233,0.7269533207822654,0
1596168225.0225332,134.45176596895718,0.7269533207822654,0
1596168225.0325332,136.25206465975307,0.7269533207822654,0
1596168225.0425332,138.05270667330288,0.7269533207822654,0
1596168225.0525331,139.8523616339352,0.7269533207822654,0
1596168225.0625331,141.65351863161587,0.7269533207822654,0
1596168225.0725331,143.45265860811733,0.7269533207822654,0
1596168225.0825331,145.254716828027,0.7269533207822654,0
1596168225.092533,147.0523118521359,0.7269533207822654,0
1596168225.102533,148.8520526434567,0.7269533207822654,0
1596168225.112533,150.651707604089,0.7269533207822654,0
1596168225.122533,152.4529075171139,0.7269533207822654,0
1596168225.132533,154.2527341391232,0.7269533207822654,0
1596168225.142533,156.05376239077114,0.7269533207822654,0
1596168225.152533,157.85303111330532,0.7269533207822654,0
1596168225.162533,159.65388770357632,0.7269533207822654,0
1596168225.172533,161.45392890230679,0.7269533207822654,0
1596168225.182533,163.25281138674282,0.7269533207822654,0
1596168225.192533,165.0537538077023,0.7269533207822654,0
1596168225.202533,166.85164923922085,0.7269533207822654,0
1596168225.212533,168.654694512048,0.7269533207822654,0
1596168225.222533,170.45301909700893,0.7269533207822654,0
1596168225.232533,172.25172992006802,0.7269533207822654,0
1596168225.242533,174.05318732515835,0.7269533207822654,0
1596168225.252533,175.85352893129848,0.7269533207822654,0
1596168225.262533,177.65322680727505,0.7269533207822654,0
1596168225.272533,179.4518947149899,0.7269533207822654,0
1596168225.282533,181.25167842165493,0.7269533207822654,0
1596168225.292533,183.05369372622036,0.7269533207822654,0
1596168225.302533,184.85394950167202,0.7269533207822654,0
1596168225.312533,186.65463443056606,0.7269533207822654,0
1596168225.322533,188.45433230654263,0.7269533207822654,0
1596168225.332533,190.2532577063229,0.7269533207822654,0
1596168225.3425329,192.05239768282436,0.7269533207822654,0
1596168225.3525329,193.85368342653774,0.7269533207822654,0
1596168225.3625329,195.6517934347775,0.7269533207822654,0
1596168225.3725328,197.45363707796596,0.7269533207822654,0
1596168225.3825328,199.2521762396481,0.7269533207822654,0
1596168225.3925328,201.05165953890346,0.7269533207822654,0
1596168225.4025328,202.8534602667477,0.7269533207822654,0
1596168225.4125328,204.65212817446255,0.7269533207822654,0
1596168225.4225328,206.4522552038815,0.7269533207822654,0
1596168225.4325328,208.25427050844692,0.7269533207822654,0
1596168225.4425328,210.05495543734096,0.7269533207822654,0
1596168225.4525328,211.853837921777,0.7269533207822654,0
1596168225.4625328,213.65439410463833,0.7269533207822654,0
1596168225.4725327,215.45464988009,0.7269533207822654,0
1596168225.4825327,217.2543048407223,0.7269533207822654,0
1596168225.4925327,219.05490393892788,0.7269533207822654,0
1596168225.5025327,220.85284228579067,0.7269533207822654,0
1596168225.5125327,222.65296931520962,0.7269533207822654,0
1596168225.5225327,224.45228095308804,0.7269533207822654,0
1596168225.5325327,226.25408168093227,0.7269533207822654,0
1596168225.5425327,228.05223460451626,0.7269533207822654,0
1596168225.5525327,229.85364909426235,0.7269533207822654,0
1596168225.5625327,231.65450568453335,0.7269533207822654,0
1596168225.5725327,233.4522723700192,0.7269533207822654,0
1596168225.5825326,235.25149817720913,0.7269533207822654,0
1596168225.5925326,237.05226893679165,0.7269533207822654,0
1596168225.6025326,238.85449881807827,0.7269533207822654,0
1596168225.6125326,240.65166468874477,0.7269533207822654,0
1596168225.6225326,242.45470996157192,0.7269533207822654,0
1596168225.6325326,244.25462241426968,0.7269533207822654,0
1596168225.6425326,246.0540627981808,0.7269533207822654,0
1596168225.6525326,247.85376067415737,0.7269533207822654,0
1596168225.6625326,249.6545314337399,0.7269533207822654,0
1596168225.6725326,251.45311351076626,0.7269533207822654,0
1596168225.6825325,253.25431342379116,0.7269533207822654,0
1596168225.6925325,255.05405421511196,0.7269533207822654,0
1596168225.7025325,256.8523788000729,0.7269533207822654,0
1596168225.7125325,258.6519479300168,0.7269533207822654,0
1596168225.7225325,260.4540919806149,0.7269533207822654,0
1596168225.7325325,262.2527169729855,0.7269533207822654,0
1596168225.7425325,264.0537452246335,0.7269533207822654,0
1596168225.7525325,265.85155482546355,0.7269533207822654,0
1596168225.7625325,267.6543855215695,0.7269533207822654,0
1596168225.7725325,269.45283885256316,0.7269533207822654,0
1596168225.7825325,271.2547683264401,0.7269533207822654,0
1596168225.7925324,273.0539083029416,0.7269533207822654,0
1596168225.8025324,274.85373492495086,0.7269533207822654,0
1596168225.8125324,276.6537332083371,0.7269533207822654,0
1596168225.8225324,278.45231528536345,0.7269533207822654,0
1596168225.8325324,280.2534293676999,0.7269533207822654,0
1596168225.8425324,282.05235476748015,0.7269533207822654,0
1596168225.8525324,283.8548421408322,0.7269533207822654,0
1596168225.8625324,285.652780487695,0.7269533207822654,0
1596168225.8725324,287.4516200567868,0.7269533207822654,0
1596168225.8825324,289.25196166292693,0.7269533207822654,0
1596168225.8925323,291.05363364473845,0.7269533207822654,0
1596168225.9025323,292.8541039969113,0.7269533207822654,0
1596168225.9125323,294.65410228029754,0.7269533207822654,0
1596168225.9225323,296.4531135107663,0.7269533207822654,0
1596168225.9325323,298.2515239264157,0.7269533207822654,0
1596168225.9425323,300.0521659399655,0.7269533207822654,0
1596168225.9525323,301.8546103979733,0.7269533207822654,0
1596168225.9625323,303.65259166018035,0.7269533207822654,0
1596168225.9725323,305.45366282717254,0.7269533207822654,0
1596168225.9825323,307.2537898565915,0.7269533207822654,0
1596168225.9925323,309.05168528811004,0.7269533207822654,0
1596168226.0025322,310.85447306887176,0.7269533207822654,0
1596168226.0125322,312.65464301363494,0.7269533207822654,0
1596168226.0225322,314.45236678377654,0.7269533207822654,0
1596168226.0325322,316.2530946280148,0.7269533207822654,0
1596168226.0425322,318.05420871035125,0.7269533207822654,0
1596168226.0525322,319.8542499090817,0.7269533207822654,0
1596168226.0625322,321.65424819246795,0.7269533207822654,0
1596168226.0725322,323.45274443880584,0.7269533207822654,0
1596168226.0825322,325.2514123465207,0.7269533207822654,0
1596168226.0925322,327.0531701590207,0.7269533207822654,0
1596168226.1025321,328.85467047945525,0.7269533207822654,0
1596168226.1125321,330.6547116781857,0.7269533207822654,0
1596168226.1225321,332.45234961763884,0.7269533207822654,0
1596168226.1325321,334.25286288515593,0.7269533207822654,0
1596168226.142532,336.05273242250945,0.7269533207822654,0
1596168226.152532,337.8523873831418,0.7269533207822654,0
1596168226.162532,339.6521281744626,0.7269533207822654,0
1596168226.172532,341.45238394991424,0.7269533207822654,0
1596168226.182532,343.2545709158566,0.7269533207822654,0
1596168226.192532,345.0516080404904,0.7269533207822654,0
1596168226.202532,346.85443873659636,0.7269533207822654,0
1596168226.212532,348.6513900305417,0.7269533207822654,0
1596168226.222532,350.4547357107785,0.7269533207822654,0
1596168226.232532,352.25451941744353,0.7269533207822654,0
1596168226.242532,354.05438895479705,0.7269533207822654,0
1596168226.252532,355.85314269320037,0.7269533207822654,0
1596168226.262532,357.65464301363494,0.7269533207822654,0
1596168226.272532,359.4544267203,0.7269533207822654,0
1596168226.2755806,360,0.7269533207822654,1
1596168226.2755806,0,0,0
1596168226.2855806,1.8010282516479492,0,0
1596168226.2955806,3.601713180541992,0,0
1596168226.3055806,5.402183532714844,0,0
1596168226.3155806,7.2019243240356445,0,0
1596168226.3255806,9.002652168273926,0,0
1596168226.3355806,10.800333023071289,0,0
1596168226.3455806,12.601919174194336,0,0
1596168226.3555806,14.4010591506958,0,0
1596168226.3655806,16.200671195983887,0,0
1596168226.3755805,18.00084114074707,0,0
1596168226.3855805,19.803242683410645,0,0
1596168226.3955805,21.600279808044434,0,0
1596168226.4055805,23.403325080871582,0,0
1596168226.4155805,25.200490951538086,0,0
1596168226.4255805,27.00190544128418,0,0
1596168226.4355805,28.801217079162598,0,0
1596168226.4455805,30.601730346679688,0,0
1596168226.4555805,32.40318775177002,0,0
1596168226.4655805,34.20224189758301,0,0
1596168226.4755805,36.00138187408447,0,0
1596168226.4855804,37.80095100402832,0,0
1596168226.4955804,39.601335525512695,0,0
1596168226.5055804,41.40296459197998,0,0
1596168226.5155804,43.20304870605469,0,0
1596168226.5255804,45.00094413757324,0,0
1596168226.5355804,46.800127029418945,0,0
1596168226.5455804,48.601884841918945,0,0
1596168226.5555804,50.39995193481445,0,0
1596168226.5655804,52.203125953674316,0,0
1596168226.5755804,54.00007724761963,0,0
1596168226.5855803,55.80029010772705,0,0
1596168226.5955803,57.60303497314453,0,0
1596168226.6055803,59.40054416656494,0,0
1596168226.6155803,61.201486587524414,0,0
1596168226.6255803,63.0031156539917,0,0
1596168226.6355803,64.80216979980469,0,0
1596168226.6455803,66.60032272338867,0,0
1596168226.6555803,68.40315341949463,0,0
1596168226.6655803,70.20139217376709,0,0
1596168226.6755803,72.00031757354736,0,0
1596168226.6855803,73.80186080932617,0,0
1596168226.6955802,75.60027122497559,0,0
1596168226.7055802,77.40018367767334,0,0
1596168226.7122307,78.59700679779053,0,0
1596168226.7122307,78.59700679779053,0,0
1596168226.7155802,79.20305728912354,0,0
1596168226.7255802,81.00322723388672,0,0
1596168226.7355802,82.80335426330566,0,0
1596168226.7455802,84.60150718688965,0,0
1596168226.7555802,86.40150547027588,0,0
1596168226.7655802,88.2028341293335,0,0
1596168226.7755802,90.00227451324463,0,0
1596168226.7855802,91.80158615112305,0,0
1596168226.7955801,93.60085487365723,0,0
1596168226.8055801,95.40063858032227,0,0
1596168226.8155801,97.20231056213379,0,0
1596168226.8255801,99.00316715240479,0,0
1596168226.83558,100.80119132995605,0,0
1596168226.84558,102.60204792022705,0,0
1596168226.85558,104.4019603729248,0,0
1596168226.86558,106.20311737060547,0,0
1596168226.87558,108.00298690795898,0,0
1596168226.88558,109.80015277862549,0,0
1596168226.89558,111.60062313079834,0,0
1596168226.90558,113.40100765228271,0,0
1596168226.91558,115.20139217376709,0,0
1596168226.92558,117.00044631958008,0,0
1596168226.93558,118.80117416381836,0,0
1596168226.94558,120.60082912445068,0,0
1596168226.95558,122.40082740783691,0,0
1596168226.96558,124.20219898223877,0,0
1596168226.97558,126.00078105926514,0,0
1596168226.98558,127.80142307281494,0,0
1596168226.99558,129.60052013397217,0,0
1596168227.00558,131.40227794647217,0,0
1596168227.01558,133.20326328277588,0,0
1596168227.02558,135.0006866455078,0,0
1596168227.03558,136.80291652679443,0,0
1596168227.04558,138.60145568847656,0,0
1596168227.05558,140.40342807769775,0,0
1596168227.06558,142.20140933990479,0,0
1596168227.07558,144.00187969207764,0,0
1596168227.0855799,145.80114841461182,0,0
1596168227.0955799,147.60093212127686,0,0
1596168227.1055799,149.40153121948242,0,0
1596168227.1155798,151.20092868804932,0,0
1596168227.1255798,153.00191402435303,0,0
1596168227.1355798,154.8004961013794,0,0
1596168227.1455798,156.60100936889648,0,0
1596168227.1555798,158.40092182159424,0,0
1596168227.1655798,160.2022933959961,0,0
1596168227.1755798,162.00040340423584,0,0
1596168227.1855798,163.80331993103027,0,0
1596168227.1955798,165.6013011932373,0,0
1596168227.2055798,167.4020290374756,0,0
1596168227.2155797,169.20129776000977,0,0
1596168227.2255797,171.0029697418213,0,0
1596168227.2355797,172.80292510986328,0,0
1596168227.2455797,174.60030555725098,0,0
1596168227.2555797,176.40227794647217,0,0
1596168227.2655797,178.20287704467773,0,0
1596168227.2755797,180.00171661376953,0,0
1596168227.2855797,181.80257320404053,0,0
1596168227.2955797,183.6014986038208,0,0
1596168227.3055797,185.40059566497803,0,0
1596168227.3155797,187.19990730285645,0,0
1596168227.3255796,189.00256633758545,0,0
1596168227.3355796,190.8029079437256,0,0
1596168227.3455796,192.60239124298096,0,0
1596168227.3555796,194.40020084381104,0,0
1596168227.3655796,196.20273113250732,0,0
1596168227.3755796,198.00315856933594,0,0
1596168227.3855796,199.8030710220337,0,0
1596168227.3955796,201.6023826599121,0,0
1596168227.4055796,203.40100765228271,0,0
1596168227.4155796,205.2006196975708,0,0
1596168227.4255795,207.00151920318604,0,0
1596168227.4355795,208.80237579345703,0,0
1596168227.4455795,210.60052871704102,0,0
1596168227.4555795,212.4009132385254,0,0
1596168227.4655795,214.20284271240234,0,0
1596168227.4755795,216.000394821167,0,0
1596168227.4855795,217.8011655807495,0,0
1596168227.4955795,219.6014642715454,0,0
1596168227.5055795,221.40154838562012,0,0
1596168227.5155795,223.20167541503906,0,0
1596168227.5255795,225.00051498413086,0,0
1596168227.5355794,226.8028736114502,0,0
1596168227.5455794,228.6002540588379,0,0
1596168227.5555794,230.4019260406494,0,0
1596168227.5655794,232.2013235092163,0,0
1596168227.5755794,234.0001630783081,0,0
1596168227.5855794,235.8006763458252,0,0
1596168227.5955794,237.60088920593262,0,0
1596168227.6055794,239.40243244171143,0,0
1596168227.6155794,241.20311737060547,0,0
1596168227.6255794,243.00247192382812,0,0
1596168227.6355793,244.80294227600098,0,0
1596168227.6455793,246.6028118133545,0,0
1596168227.6555793,248.40285301208496,0,0
1596168227.6655793,250.20044803619385,0,0
1596168227.6755793,252.00190544128418,0,0
1596168227.6855793,253.80027294158936,0,0
1596168227.6955793,255.6011724472046,0,0
1596168227.7055793,257.4019432067871,0,0
1596168227.7155793,259.2026710510254,0,0
1596168227.7255793,261.0023260116577,0,0
1596168227.7355793,262.8020238876343,0,0
1596168227.7455792,264.6007776260376,0,0
1596168227.7555792,266.40193462371826,0,0
1596168227.7655792,268.20287704467773,0,0
1596168227.7755792,270.00072956085205,0,0
1596168227.7855792,271.80270195007324,0,0
1596168227.7955792,273.6028718948364,0,0
1596168227.8055792,275.4019260406494,0,0
1596168227.8155792,277.2011947631836,0,0
1596168227.8255792,279.00067806243896,0,0
1596168227.8355792,280.8006763458252,0,0
1596168227.8455791,282.60282039642334,0,0
1596168227.8555791,284.40101623535156,0,0
1596168227.8655791,286.201229095459,0,0
1596168227.875579,287.9998970031738,0,0
1596168227.885579,289.80281352996826,0,0
1596168227.895579,291.6028118133545,0,0
1596168227.905579,293.40229511260986,0,0
1596168227.915579,295.20190715789795,0,0
1596168227.925579,297.00289249420166,0,0
1596168227.935579,298.7999725341797,0,0
1596168227.945579,300.60181617736816,0,0
1596168227.955579,302.40074157714844,0,0
1596168227.965579,304.20082569122314,0,0
1596168227.975579,306.0015106201172,0,0
1596168227.985579,307.80210971832275,0,0
1596168227.995579,309.6029233932495,0,0
