Type = DelayAdvance,Function = Wang Sync Simple,Refract = 0,Coupling Strength = 0.1,Start_phase = 60
Timestamp,Phase,Offset,Ping?
1595800599.0000274,60,0,0
1595800599.0100453,61.80205821990967,0.3333333333333333,0
1595800599.0200403,63.601155281066895,0.3333333333333333,0
1595800599.0300374,65.40063858032227,0.3333333333333333,0
1595800599.0400486,67.2026538848877,0.3333333333333333,0
1595800599.050039,69.0009355545044,0.3333333333333333,0
1595800599.060051,70.80307960510254,0.3333333333333333,0
1595800599.0700402,72.60114669799805,0.3333333333333333,0
1595800599.080045,74.40200328826904,0.3333333333333333,0
1595800599.0900447,76.20195865631104,0.3333333333333333,0
1595800599.1000342,78.00006866455078,0.3333333333333333,0
1595800599.1100407,79.80122566223145,0.3333333333333333,0
1595800599.120044,81.60182476043701,0.3333333333333333,0
1595800599.1300347,83.40014934539795,0.3333333333333333,0
1595800599.1400409,85.20126342773438,0.3333333333333333,0
1595800599.1500483,87.00259208679199,0.3333333333333333,0
1595800599.1600363,88.80044460296631,0.3333333333333333,0
1595800599.1700475,90.60245990753172,0.3333333333333333,0
1595800599.1800387,92.40087032318114,0.3333333333333333,0
1595800599.190035,94.2002248764038,0.3333333333333333,0
1595800599.2000518,96.0032272338867,0.3333333333333333,0
1595800599.210043,97.80163764953612,0.3333333333333333,0
1595800599.220036,99.60039138793944,0.3333333333333333,0
1595800599.2300377,101.40069007873534,0.3333333333333333,0
1595800599.24005,103.20291996002196,0.3333333333333333,0
1595800599.2500439,105.001802444458,0.3333333333333333,0
1595800599.26004,106.80111408233641,0.3333333333333333,0
1595800599.2700403,108.60115528106688,0.3333333333333333,0
1595800599.2800448,110.40196895599364,0.3333333333333333,0
1595800599.290048,112.20252513885497,0.3333333333333333,0
1595800599.3000405,114.00119304656981,0.3333333333333333,0
1595800599.31005,115.80290794372557,0.3333333333333333,0
1595800599.32005,117.6029062271118,0.3333333333333333,0
1595800599.3300471,119.40238952636717,0.3333333333333333,0
1595800599.3400497,121.20285987854002,0.3333333333333333,0
1595800599.350045,123.00199985504149,0.3333333333333333,0
1595800599.3600476,124.80247020721434,0.3333333333333333,0
1595800599.3700352,126.60023689270018,0.3333333333333333,0
1595800599.3800445,128.40190887451172,0.3333333333333333,0
1595800599.39005,130.20289421081543,0.3333333333333333,0
1595800599.4000335,131.99993133544922,0.3333333333333333,0
1595800599.4100418,133.8014316558838,0.3333333333333333,0
1595800599.4200363,135.60044288635254,0.3333333333333333,0
1595800599.4300485,137.40262985229492,0.3333333333333333,0
1595800599.4400523,139.20331478118896,0.3333333333333333,0
1595800599.4500449,141.0019826889038,0.3333333333333333,0
1595800599.4600492,142.80275344848633,0.3333333333333333,0
1595800599.4700468,144.60232257843018,0.3333333333333333,0
1595800599.4800358,146.40034675598145,0.3333333333333333,0
1595800599.4900517,148.20322036743164,0.3333333333333333,0
1595800599.5000477,150.00248908996582,0.3333333333333333,0
1595800599.5100486,151.802659034729,0.3333333333333333,0
1595800599.5200498,153.60287189483643,0.3333333333333333,0
1595800599.5300515,155.40317058563232,0.3333333333333333,0
1595800599.540051,157.20308303833008,0.3333333333333333,0
1595800599.5500367,159.000506401062,0.3333333333333333,0
1595800599.5600336,160.79994678497314,0.3333333333333333,0
1595800599.570041,162.60127544403076,0.3333333333333333,0
1595800599.580047,164.40234661102295,0.3333333333333333,0
1595800599.5900393,166.20097160339355,0.3333333333333333,0
1595800599.6000423,168.00152778625488,0.3333333333333333,0
1595800599.6100423,169.8015260696411,0.3333333333333333,0
1595800599.6200438,171.60178184509277,0.3333333333333333,0
1595800599.6300373,173.40062141418457,0.3333333333333333,0
1595800599.6400487,175.20267963409424,0.3333333333333333,0
1595800599.6500359,177.0003604888916,0.3333333333333333,0
1595800599.6600418,178.8014316558838,0.3333333333333333,0
1595800599.6700416,180.60138702392578,0.3333333333333333,0
1595800599.6800494,182.40280151367188,0.3333333333333333,0
1595800599.6900415,184.20138359069824,0.3333333333333333,0
1595800599.7000334,185.99992275238037,0.3333333333333333,0
1595800599.7100434,187.8017234802246,0.3333333333333333,0
1595800599.7200356,189.60030555725098,0.3333333333333333,0
1595800599.7300496,191.40283584594727,0.3333333333333333,0
1595800599.7400427,193.2015895843506,0.3333333333333333,0
1595800599.7500334,194.99991416931152,0.3333333333333333,0
1595800599.7600338,196.79999828338623,0.3333333333333333,0
1595800599.7700493,198.60278606414795,0.3333333333333333,0
1595800599.780035,200.40020942687988,0.3333333333333333,0
1595800599.790033,202.1998643875122,0.3333333333333333,0
1595800599.800041,204.0012788772583,0.3333333333333333,0
1595800599.810037,205.80054759979248,0.3333333333333333,0
1595800599.8200436,207.60174751281738,0.3333333333333333,0
1595800599.8300352,209.40024375915527,0.3333333333333333,0
1595800599.840045,211.20200157165527,0.3333333333333333,0
1595800599.8500514,213.00315856933594,0.3333333333333333,0
1595800599.8600407,214.80122566223145,0.3333333333333333,0
1595800599.8700428,216.60161018371582,0.3333333333333333,0
1595800599.8800423,218.40152263641357,0.3333333333333333,0
1595800599.8900414,220.20134925842285,0.3333333333333333,0
1595800599.9000466,222.00229167938232,0.3333333333333333,0
1595800599.9100397,223.80104541778564,0.3333333333333333,0
1595800599.9200373,225.6006145477295,0.3333333333333333,0
1595800599.9300423,227.40151405334473,0.3333333333333333,0
1595800599.940038,229.20073986053467,0.3333333333333333,0
1595800599.9500499,231.0028839111328,0.3333333333333333,0
1595800599.960049,232.8027105331421,0.3333333333333333,0
1595800599.9700475,234.6024513244629,0.3333333333333333,0
1595800599.980035,236.40021800994873,0.3333333333333333,0
1595800599.990035,238.20021629333496,0.3333333333333333,0
1595800600.0000386,240.00085830688477,0.3333333333333333,0
1595800600.0100398,241.8010711669922,0.3333333333333333,0
1595800600.0200467,243.60231399536133,0.3333333333333333,0
1595800600.0300336,245.39995193481445,0.3333333333333333,0
1595800600.0400486,247.2026538848877,0.3333333333333333,0
1595800600.0500484,249.0026092529297,0.3333333333333333,0
1595800600.0600443,250.80187797546387,0.3333333333333333,0
1595800600.0700498,252.60286331176758,0.3333333333333333,0
1595800600.0800364,254.40045833587646,0.3333333333333333,0
1595800600.090041,256.2012720108032,0.3333333333333333,0
1595800600.100034,258.00002574920654,0.3333333333333333,0
1595800600.1100457,259.80212688446045,0.3333333333333333,0
1595800600.1200345,261.6001081466675,0.3333333333333333,0
1595800600.1300423,263.4015226364136,0.3333333333333333,0
1595800600.140048,265.2025508880615,0.3333333333333333,0
1595800600.150034,267.0000171661377,0.3333333333333333,0
1595800600.1600475,268.8024616241455,0.3333333333333333,0
1595800600.1700337,270.5999708175659,0.3333333333333333,0
1595800600.1800463,272.4022436141968,0.3333333333333333,0
1595800600.190047,274.2023706436157,0.3333333333333333,0
1595800600.2000344,276.0000944137573,0.3333333333333333,0
1595800600.2100344,277.80009269714355,0.3333333333333333,0
1595800600.2200375,279.6006488800049,0.3333333333333333,0
1595800600.230048,281.4025354385376,0.3333333333333333,0
1595800600.2400503,283.2029628753662,0.3333333333333333,0
1595800600.2500503,285.00296115875244,0.3333333333333333,0
1595800600.2600405,286.8011999130249,0.3333333333333333,0
1595800600.2700412,288.60132694244385,0.3333333333333333,0
1595800600.2800379,290.40072441101074,0.3333333333333333,0
1595800600.2900438,292.20179557800293,0.3333333333333333,0
1595800600.3000355,294.0002918243408,0.3333333333333333,0
1595800600.310049,295.80273628234863,0.3333333333333333,0
1595800600.3200428,297.60161876678467,0.3333333333333333,0
1595800600.33004,299.40110206604004,0.3333333333333333,0
1595800600.340043,301.20165824890137,0.3333333333333333,0
1595800600.3450797,302.10824489593506,0.3333333333333333,0
1595800600.3450797,307.89742040634155,0.3654954195022583,0
1595800600.3500495,308.7919907569885,0.3654954195022583,0
1595800600.3600404,310.5903582572937,0.3654954195022583,0
1595800600.3700423,312.39069986343384,0.3654954195022583,0
1595800600.380039,314.19009733200073,0.3654954195022583,0
1595800600.390048,315.991726398468,0.3654954195022583,0
1595800600.4000335,317.7891068458557,0.3654954195022583,0
1595800600.410039,319.5900921821594,0.3654954195022583,0
1595800600.4200425,321.39073419570923,0.3654954195022583,0
1595800600.4300387,323.19004583358765,0.3654954195022583,0
1595800600.4400508,324.99223279953003,0.3654954195022583,0
1595800600.4500334,326.78909826278687,0.3654954195022583,0
1595800600.4600453,328.591242313385,0.3654954195022583,0
1595800600.4700325,330.3889231681824,0.3654954195022583,0
1595800600.4800384,332.18999433517456,0.3654954195022583,0
1595800600.490033,333.9890055656433,0.3654954195022583,0
1595800600.500046,335.79136419296265,0.3654954195022583,0
1595800600.5100324,337.5889163017273,0.3654954195022583,0
1595800600.5200338,339.38917207717896,0.3654954195022583,0
1595800600.5300353,341.1894278526306,0.3654954195022583,0
1595800600.540047,342.9915289878845,0.3654954195022583,0
1595800600.5500498,344.7920422554016,0.3654954195022583,0
1595800600.5600417,346.59058141708374,0.3654954195022583,0
1595800600.5700474,348.3916096687317,0.3654954195022583,0
1595800600.5800507,350.19220876693726,0.3654954195022583,0
1595800600.590035,351.98937463760376,0.3654954195022583,0
1595800600.6000412,353.7904887199402,0.3654954195022583,0
1595800600.6100352,355.58941411972046,0.3654954195022583,0
1595800600.620044,357.3910002708435,0.3654954195022583,0
1595800600.6300411,359.1904835700989,0.3654954195022583,0
1595800600.6345532,360,0.3654954195022583,1
1595800600.6345532,0,0,0
1595800600.6445713,1.8032598495483398,0,0
1595800600.6545632,3.6017990112304688,0,0
1595800600.6645672,5.40252685546875,0,0
1595800600.6745572,7.200722694396973,0,0
1595800600.6845698,9.002995491027832,0,0
1595800600.6945562,10.80054759979248,0,0
1595800600.7045636,12.601876258850098,0,0
1595800600.7145576,14.400801658630371,0,0
1595800600.72456,16.201229095458984,0,0
1595800600.7345686,18.002772331237793,0,0
1595800600.7445607,19.80135440826416,0,0
1595800600.7545662,21.60233974456787,0,0
1595800600.7645535,23.400063514709473,0,0
1595800600.77456,25.201220512390137,0,0
1595800600.7845557,27.000446319580078,0,0
1595800600.794571,28.80319118499756,0,0
1595800600.8045719,30.603361129760742,0,0
1595800600.8145702,32.403059005737305,0,0
1595800600.824554,34.20013904571533,0,0
1595800600.8345587,36.00099563598633,0,0
1595800600.8445623,37.80163764953613,0,0
1595800600.8545651,39.60215091705322,0,0
1595800600.8645563,41.40056133270264,0,0
1595800600.8745608,43.201375007629395,0,0
1595800600.8845606,45.00133037567139,0,0
1595800600.8945642,46.80197238922119,0,0
1595800600.9045587,48.60098361968994,0,0
1595800600.9145615,50.40149688720703,0,0
1595800600.9245641,52.20196723937988,0,0
1595800600.9345665,54.002394676208496,0,0
1595800600.9445555,55.800418853759766,0,0
1595800600.9545567,57.60063171386719,0,0
1595800600.9645662,59.40234661102295,0,0
1595800600.9745579,61.20084285736084,0,0
1595800600.9845624,63.0016565322876,0,0
1595800600.9945574,64.80075359344482,0,0
1595800601.0045576,66.6007947921753,0,0
1595800601.0145702,68.40306758880615,0,0
1595800601.0245576,70.20079135894775,0,0
1595800601.0345564,72.0005750656128,0,0
1595800601.044555,73.8003158569336,0,0
1595800601.0545592,75.60108661651611,0,0
1595800601.064562,77.4015998840332,0,0
1595800601.0745618,79.2015552520752,0,0
1595800601.084568,81.00266933441162,0,0
1595800601.0945578,82.8008222579956,0,0
1595800601.1045642,84.60197925567627,0,0
1595800601.1145647,86.40206336975098,0,0
1595800601.1245534,88.20004463195801,0,0
1595800601.1345575,90.00077247619629,0,0
1595800601.144554,91.80012702941895,0,0
1595800601.1545582,93.60089778900146,0,0
1595800601.1645713,95.4032564163208,0,0
1595800601.174566,97.20231056213379,0,0
1595800601.1845698,99.00299549102783,0,0
1595800601.1945698,100.80299377441406,0,0
1595800601.2045653,102.60217666625977,0,0
1595800601.2145703,104.403076171875,0,0
1595800601.224553,106.19998455047607,0,0
1595800601.2345562,108.0005407333374,0,0
1595800601.2445672,109.8025131225586,0,0
1595800601.254562,111.60156726837158,0,0
1595800601.2645657,113.40225219726562,0,0
1595800601.2745693,115.20289421081543,0,0
1595800601.2845566,117.00061798095703,0,0
1595800601.2945676,118.80259037017822,0,0
1595800601.304559,120.60104370117188,0,0
1595800601.3145654,122.40220069885254,0,0
1595800601.3245614,124.20146942138672,0,0
1595800601.3345592,126.0010814666748,0,0
1595800601.3445623,127.80163764953613,0,0
1595800601.3545678,129.60262298583984,0,0
1595800601.3645704,131.4030933380127,0,0
1595800601.3745632,133.20180416107178,0,0
1595800601.3845694,135.0029182434082,0,0
1595800601.3945694,136.80291652679443,0,0
1595800601.4045606,138.60132694244385,0,0
1595800601.414558,140.40085315704346,0,0
1595800601.4245582,142.20089435577393,0,0
1595800601.4345574,144.00076389312744,0,0
1595800601.4445658,145.802264213562,0,0
1595800601.4545574,147.6007604598999,0,0
1595800601.4645686,149.40277576446533,0,0
1595800601.4745634,151.20182991027832,0,0
1595800601.4845593,153.0010986328125,0,0
1595800601.4945695,154.80294227600098,0,0
1595800601.5045614,156.6014814376831,0,0
1595800601.514569,158.40285301208496,0,0
1595800601.5245533,160.20001888275146,0,0
1595800601.5345666,162.00242042541504,0,0
1595800601.5445678,163.80263328552246,0,0
1595800601.5545583,165.60091495513916,0,0
1595800601.5645537,167.40009784698486,0,0
1595800601.5745683,169.20271396636963,0,0
1595800601.5845697,171.0029697418213,0,0
1595800601.5945666,172.80241012573242,0,0
1595800601.6045532,174.6000051498413,0,0
1595800601.6145594,176.40111923217773,0,0
1595800601.6245613,178.20146083831787,0,0
1595800601.6345713,180.0032615661621,0,0
1595800601.6445699,181.8030023574829,0,0
1595800601.654558,183.60085487365723,0,0
1595800601.66457,185.4030418395996,0,0
1595800601.6745632,187.20179557800293,0,0
1595800601.6845524,188.99986267089844,0,0
1595800601.6945567,190.80063343048096,0,0
1595800601.7045655,192.602219581604,0,0
1595800601.7145605,194.40131664276123,0,0
1595800601.724556,196.20049953460693,0,0
1595800601.734565,198.00212860107422,0,0
1595800601.744564,199.8019552230835,0,0
1595800601.754564,201.60195350646973,0,0
1595800601.7645607,203.40135097503662,0,0
1595800601.7745678,205.20263671875,0,0
1595800601.784562,207.0016050338745,0,0
1595800601.79457,208.8030195236206,0,0
1595800601.804566,210.60228824615479,0,0
1595800601.814564,212.4019432067871,0,0
1595800601.8245697,214.20297145843506,0,0
1595800601.8345566,216.00060939788818,0,0
1595800601.8445652,217.802152633667,0,0
1595800601.8545694,219.6029233932495,0,0
1595800601.8645523,221.3998317718506,0,0
1595800601.8745563,223.20055961608887,0,0
1595800601.8845623,225.00163078308105,0,0
1595800601.8945522,226.79982662200928,0,0
1595800601.904552,228.59978199005127,0,0
1595800601.914567,230.4024839401245,0,0
1595800601.9245603,232.20128059387207,0,0
1595800601.934557,234.00067806243896,0,0
1595800601.9445634,235.80183506011963,0,0
1595800601.954554,237.60015964508057,0,0
1595800601.9645562,239.40054416656494,0,0
1595800601.9745557,241.2004566192627,0,0
1595800601.9845526,242.99989700317383,0,0
1595800601.9945612,244.80144023895264,0,0
1595800602.0045674,246.60255432128906,0,0
1595800602.0145633,248.40182304382324,0,0
1595800602.0245683,250.20272254943848,0,0
1595800602.0345693,252.00289249420166,0,0
1595800602.044565,253.8021183013916,0,0
1595800602.0545535,255.6000566482544,0,0
1595800602.0645704,257.40310192108154,0,0
1595800602.0745583,259.2009115219116,0,0
1595800602.084561,261.0014247894287,0,0
1595800602.094571,262.80322551727295,0,0
1595800602.1045659,264.60227966308594,0,0
1595800602.1145694,266.40292167663574,0,0
1595800602.1245542,268.2001733779907,0,0
1595800602.1345613,270.0014591217041,0,0
1595800602.1445582,271.80089950561523,0,0
1595800602.154557,273.6006832122803,0,0
1595800602.1645648,275.40209770202637,0,0
1595800602.1745586,277.2009801864624,0,0
1595800602.184565,279.00213718414307,0,0
1595800602.1945577,280.8008050918579,0,0
1595800602.2045658,282.60226249694824,0,0
1595800602.2145655,284.40221786499023,0,0
1595800602.2245579,286.20084285736084,0,0
1595800602.2345622,288.00161361694336,0,0
1595800602.244571,289.8031997680664,0,0
1595800602.2545528,291.5999364852905,0,0
1595800602.2645566,293.40062141418457,0,0
1595800602.2745597,295.2011775970459,0,0
1595800602.2845528,296.9999313354492,0,0
1595800602.2945666,298.80241870880127,0,0
1595800602.3045645,300.60203075408936,0,0
1595800602.3145595,302.4011278152466,0,0
1595800602.324564,304.20194149017334,0,0
1595800602.334553,305.9999656677246,0,0
1595800602.3445544,307.80022144317627,0,0
1595800602.354568,309.6026659011841,0,0
1595800602.364557,311.40069007873535,0,0
1595800602.3745534,313.200044631958,0,0
1595800602.3764246,313.53684425354004,0,0
1595800602.3764246,318.18315982818604,0.025812864303588867,0
1595800602.3845632,319.648118019104,0.025812864303588867,0
1595800602.3945532,321.4463138580322,0.025812864303588867,0
1595800602.4045575,323.24708461761475,0.025812864303588867,0
1595800602.4145603,325.04759788513184,0.025812864303588867,0
1595800602.4245648,326.8484115600586,0.025812864303588867,0
1595800602.4345572,328.6470365524292,0.025812864303588867,0
1595800602.444569,330.44918060302734,0.025812864303588867,0
1595800602.454559,332.24737644195557,0.025812864303588867,0
1595800602.464553,334.04630184173584,0.025812864303588867,0
1595800602.4745595,335.8474588394165,0.025812864303588867,0
1595800602.48457,337.6493453979492,0.025812864303588867,0
1595800602.494552,339.44608211517334,0.025812864303588867,0
1595800602.5045629,341.24805450439453,0.025812864303588867,0
1595800602.5145571,343.04702281951904,0.025812864303588867,0
1595800602.5245535,344.8463773727417,0.025812864303588867,0
1595800602.5345633,346.6481351852417,0.025812864303588867,0
1595800602.5445607,348.4476613998413,0.025812864303588867,0
1595800602.5545554,350.2467155456543,0.025812864303588867,0
1595800602.5645673,352.04885959625244,0.025812864303588867,0
1595800602.5745673,353.8488578796387,0.025812864303588867,0
1595800602.5845578,355.64713954925537,0.025812864303588867,0
1595800602.5945637,357.44821071624756,0.025812864303588867,0
1595800602.6045601,359.2475652694702,0.025812864303588867,0
1595800602.6087563,360,0.025812864303588867,1
1595800602.6087563,0,0,0
1595800602.6187751,1.8033885955810547,0,0
1595800602.6287735,3.603086471557617,0,0
1595800602.6387644,5.401453971862793,0,0
1595800602.6487718,7.20278263092041,0,0
1595800602.6587698,9.002437591552734,0,0
1595800602.668768,10.802092552185059,0,0
1595800602.678765,12.60157585144043,0,0
1595800602.68876,14.400672912597656,0,0
1595800602.6987622,16.20105743408203,0,0
1595800602.7087588,18.000454902648926,0,0
1595800602.7187605,19.800753593444824,0,0
1595800602.728772,21.602811813354492,0,0
1595800602.738757,23.40010643005371,0,0
1595800602.7487617,25.200963020324707,0,0
1595800602.758771,27.00263500213623,0,0
1595800602.7687588,28.80044460296631,0,0
1595800602.778775,30.603361129760742,0,0
1595800602.7887619,32.40099906921387,0,0
1595800602.7987607,34.200782775878906,0,0
1595800602.8087566,36.000051498413086,0,0
1595800602.8187704,37.80253887176514,0,0
1595800602.8287592,39.60052013397217,0,0
1595800602.838766,41.40176296234131,0,0
1595800602.8487668,43.201889991760254,0,0
1595800602.858773,45.00300407409668,0,0
1595800602.8687565,46.80004119873047,0,0
1595800602.8787656,48.601670265197754,0,0
1595800602.88876,50.400681495666504,0,0
1595800602.8987648,52.2015380859375,0,0
1595800602.9087737,54.00312423706055,0,0
1595800602.9187696,55.80239295959473,0,0
1595800602.9287724,57.602906227111816,0,0
1595800602.9387617,59.400973320007324,0,0
1595800602.9487698,61.202430725097656,0,0
1595800602.958774,63.003201484680176,0,0
1595800602.9687734,64.80307102203369,0,0
1595800602.978766,66.60173892974854,0,0
1595800602.9887595,68.40057849884033,0,0
1595800602.9987593,70.20053386688232,0,0
1595800603.0087583,72.0003604888916,0,0
1595800603.0187664,73.80181789398193,0,0
1595800603.0287697,75.6024169921875,0,0
1595800603.038764,77.40138530731201,0,0
1595800603.0487611,79.20086860656738,0,0
1595800603.0587707,81.00258350372314,0,0
1595800603.0687718,82.80279636383057,0,0
1595800603.0787678,84.60206508636475,0,0
1595800603.088772,86.40283584594727,0,0
1595800603.0987744,88.20326328277588,0,0
1595800603.1087718,90.00278949737549,0,0
1595800603.1187658,91.80171489715576,0,0
1595800603.1287725,93.60291481018066,0,0
1595800603.1387575,95.40020942687988,0,0
1595800603.1487582,97.20033645629883,0,0
1595800603.1587665,99.0018367767334,0,0
1595800603.1687646,100.80149173736572,0,0
1595800603.1787584,102.60037422180176,0,0
1595800603.1887708,104.40260410308838,0,0
1595800603.1987705,106.20255947113037,0,0
1595800603.2087736,108.0031156539917,0,0
1595800603.2187648,109.80152606964111,0,0
1595800603.228767,111.60191059112549,0,0
1595800603.2387733,113.40306758880615,0,0
1595800603.248768,115.20212173461914,0,0
1595800603.2587652,117.00160503387451,0,0
1595800603.2687607,118.80078792572021,0,0
1595800603.2787735,120.60310363769531,0,0
1595800603.2887654,122.40164279937744,0,0
1595800603.2987704,124.20254230499268,0,0
1595800603.30877,126.00245475769043,0,0
1595800603.318764,127.8013801574707,0,0
1595800603.3287654,129.60163593292236,0,0
1595800603.338756,131.3999605178833,0,0
1595800603.3487563,133.20000171661377,0,0
1595800603.358767,135.00193119049072,0,0
1595800603.3687673,136.8019723892212,0,0
1595800603.3787723,138.60287189483643,0,0
1595800603.3887646,140.40149688720703,0,0
1595800603.3987591,142.20050811767578,0,0
1595800603.4087574,144.00020599365234,0,0
1595800603.4187658,145.8017063140869,0,0
1595800603.4287713,147.60269165039062,0,0
1595800603.438763,149.40118789672852,0,0
1595800603.4487617,151.20097160339355,0,0
1595800603.4587572,153.00015449523926,0,0
1595800603.468771,154.8026418685913,0,0
1595800603.4787586,156.60040855407715,0,0
1595800603.4887578,158.40027809143066,0,0
1595800603.4987571,160.20014762878418,0,0
1595800603.5087678,162.00207710266113,0,0
1595800603.5187683,163.80216121673584,0,0
1595800603.5287743,165.60323238372803,0,0
1595800603.538763,167.40121364593506,0,0
1595800603.5487714,169.20271396636963,0,0
1595800603.558756,170.9999656677246,0,0
1595800603.5687659,172.8017234802246,0,0
1595800603.5787554,174.59983348846436,0,0
1595800603.5887678,176.40206336975098,0,0
1595800603.5987656,178.20167541503906,0,0
1595800603.6087587,180.00042915344238,0,0
1595800603.61876,181.80068492889404,0,0
1595800603.6287665,183.6018419265747,0,0
1595800603.638767,185.4019260406494,0,0
1595800603.648757,187.20012187957764,0,0
1595800603.6587558,188.99990558624268,0,0
1595800603.6687717,190.80277919769287,0,0
1595800603.6787605,192.6007604598999,0,0
1595800603.6887677,194.40204620361328,0,0
1595800603.6987622,196.20105743408203,0,0
1595800603.7087553,197.99981117248535,0,0
1595800603.7187572,199.8001527786255,0,0
1595800603.728764,201.60139560699463,0,0
1595800603.7387602,203.40070724487305,0,0
1595800603.7487688,205.20225048065186,0,0
1595800603.7587729,207.00297832489014,0,0
1595800603.7687716,208.80276203155518,0,0
1595800603.7787614,210.60091495513916,0,0
1595800603.7887592,212.40052700042725,0,0
1595800603.7987711,214.2026710510254,0,0
1595800603.8087606,216.00078105926514,0,0
1595800603.8187592,217.80052185058594,0,0
1595800603.8287659,219.60172176361084,0,0
1595800603.83876,221.4006471633911,0,0
1595800603.848773,223.20300579071045,0,0
1595800603.8587682,225.0021457672119,0,0
1595800603.8687708,226.80261611938477,0,0
1595800603.87876,228.60068321228027,0,0
1595800603.888773,230.40299892425537,0,0
1595800603.898756,232.19995021820068,0,0
1595800603.9087672,234.0019655227661,0,0
1595800603.9187703,235.80252170562744,0,0
1595800603.928762,237.60101795196533,0,0
1595800603.9387639,239.40135955810547,0,0
1595800603.9487655,241.20165824890137,0,0
1595800603.9587574,243.0001974105835,0,0
1595800603.9687622,244.8010540008545,0,0
1595800603.9787674,246.60199642181396,0,0
1595800603.9887645,248.40147972106934,0,0
1595800603.9987714,250.20272254943848,0,0
1595800604.0087705,252.00254917144775,0,0
1595800604.0187662,253.8017749786377,0,0
1595800604.028764,255.60138702392578,0,0
1595800604.038774,257.40318775177,0,0
1595800604.0487564,259.2000102996826,0,0
1595800604.0587652,261.00159645080566,0,0
1595800604.068766,262.80176639556885,0,0
1595800604.078768,264.602108001709,0,0
1595800604.0887718,266.402792930603,0,0
1595800604.0987687,268.20223331451416,0,0
1595800604.1087658,270.00171661376953,0,0
1595800604.1187606,271.8007707595825,0,0
1595800604.1287699,273.60244274139404,0,0
1595800604.138761,275.40085315704346,0,0
1595800604.1487622,277.2010660171509,0,0
1595800604.1587684,279.0021800994873,0,0
1595800604.168759,280.80050468444824,0,0
1595800604.1787567,282.6000738143921,0,0
1595800604.1887655,284.40165996551514,0,0
1595800604.198755,286.1997699737549,0,0
1595800604.2087562,287.9999828338623,0,0
1595800604.2187614,289.8009252548218,0,0
1595800604.2287633,291.6012668609619,0,0
1595800604.2387676,293.40203762054443,0,0
1595800604.2487586,295.2004051208496,0,0
1595800604.2587724,297.00289249420166,0,0
1595800604.268773,298.8030195236206,0,0
1595800604.27877,300.60245990753174,0,0
1595800604.288771,302.4026298522949,0,0
1595800604.2987726,304.2029285430908,0,0
1595800604.3087661,306.0017681121826,0,0
1595800604.3187706,307.8025817871094,0,0
1595800604.3287613,309.6009063720703,0,0
1595800604.3387556,311.3998746871948,0,0
1595800604.348765,313.20154666900635,0,0
1595800604.3587675,315.0020170211792,0,0
1595800604.3687663,316.80180072784424,0,0
1595800604.3787556,318.59986782073975,0,0
1595800604.3887706,320.402569770813,0,0
1595800604.398756,322.1999502182007,0,0
1595800604.4002864,322.4754238128662,0,0
1595800604.4002864,326.2278814315796,0.020846986770629884,0
1595800604.408756,327.7524061203003,0.020846986770629884,0
1595800604.4187672,329.5544214248657,0.020846986770629884,0
1595800604.4287696,331.35484886169434,0.020846986770629884,0
1595800604.438769,333.1547613143921,0.020846986770629884,0
1595800604.4487617,334.95342922210693,0.020846986770629884,0
1595800604.458769,336.75475788116455,0.020846986770629884,0
1595800604.4687643,338.553897857666,0.020846986770629884,0
1595800604.4787645,340.3539390563965,0.020846986770629884,0
1595800604.4887655,342.15410900115967,0.020846986770629884,0
1595800604.4987578,343.9527339935303,0.020846986770629884,0
1595800604.5087569,345.75256061553955,0.020846986770629884,0
1595800604.518761,347.55328845977783,0.020846986770629884,0
1595800604.5287616,349.3534154891968,0.020846986770629884,0
1595800604.5387564,351.15246963500977,0.020846986770629884,0
1595800604.5487723,352.95534324645996,0.020846986770629884,0
1595800604.5587587,354.7528953552246,0.020846986770629884,0
1595800604.5687678,356.5545244216919,0.020846986770629884,0
1595800604.5787585,358.35284900665283,0.020846986770629884,0
1595800604.5879104,360,0.020846986770629884,1
1595800604.5879104,0,0,0
1595800604.5979273,1.8030452728271484,0,0
1595800604.607923,3.60227108001709,0,0
1595800604.6179254,5.402698516845703,0,0
1595800604.627922,7.202095985412598,0,0
1595800604.6379218,9.00205135345459,0,0
1595800604.6479132,10.800504684448242,0,0
1595800604.657912,12.600288391113281,0,0
1595800604.6679184,14.401445388793945,0,0
1595800604.677911,16.20011329650879,0,0
1595800604.6879148,18.000798225402832,0,0
1595800604.697911,19.80010986328125,0,0
1595800604.7079227,21.602210998535156,0,0
1595800604.7179186,23.401479721069336,0,0
1595800604.727921,25.20190715789795,0,0
1595800604.7379248,27.002592086791992,0,0
1595800604.747911,28.800101280212402,0,0
1595800604.7579257,30.602760314941406,0,0
1595800604.7679136,32.400569915771484,0,0
1595800604.7779233,34.202327728271484,0,0
1595800604.7879121,36.000308990478516,0,0
1595800604.7979271,37.80301094055176,0,0
1595800604.8079216,39.60202217102051,0,0
1595800604.8179255,41.40270709991455,0,0
1595800604.82792,43.2017183303833,0,0
1595800604.8379292,45.003390312194824,0,0
1595800604.8479238,46.802401542663574,0,0
1595800604.857915,48.60081195831299,0,0
1595800604.8679194,50.401625633239746,0,0
1595800604.8779268,52.20295429229736,0,0
1595800604.8879197,54.001665115356445,0,0
1595800604.8979197,55.801663398742676,0,0
1595800604.9079127,57.600417137145996,0,0
1595800604.9179127,59.40041542053223,0,0
1595800604.9279106,61.20002746582031,0,0
1595800604.9379263,63.00285816192627,0,0
1595800604.9479294,64.8034143447876,0,0
1595800604.957915,66.60083770751953,0,0
1595800604.9679236,68.40238094329834,0,0
1595800604.9779162,70.20104885101318,0,0
1595800604.9879148,72.00078964233398,0,0
1595800604.997911,73.8001012802124,0,0
1595800605.0079186,75.60147285461426,0,0
1595800605.017911,77.40009784698486,0,0
1595800605.027927,79.20297145843506,0,0
1595800605.0379214,81.00198268890381,0,0
1595800605.047915,82.8008222579956,0,0
1595800605.0579128,84.60043430328369,0,0
1595800605.0679107,86.40004634857178,0,0
1595800605.0779178,88.20133209228516,0,0
1595800605.0879169,90.00115871429443,0,0
1595800605.0979276,91.80308818817139,0,0
1595800605.1079266,93.60291481018066,0,0
1595800605.1179118,95.40025234222412,0,0
1595800605.1279213,97.20196723937988,0,0
1595800605.1379266,99.00290966033936,0,0
1595800605.1479194,100.80162048339844,0,0
1595800605.1579204,102.60179042816162,0,0
1595800605.1679184,104.40144538879395,0,0
1595800605.177915,106.20084285736084,0,0
1595800605.187926,108.00281524658203,0,0
1595800605.1979144,109.80071067810059,0,0
1595800605.20792,111.60173892974854,0,0
1595800605.2179163,113.40105056762695,0,0
1595800605.2279153,115.20087718963623,0,0
1595800605.237924,117.00246334075928,0,0
1595800605.2479248,118.80259037017822,0,0
1595800605.257923,120.60224533081055,0,0
1595800605.267914,122.40065574645996,0,0
1595800605.2779105,124.20001029968262,0,0
1595800605.28791,125.99992275238037,0,0
1595800605.2979193,127.8015947341919,0,0
1595800605.307912,129.60030555725098,0,0
1595800605.3179274,131.40305042266846,0,0
1595800605.327918,133.2013750076294,0,0
1595800605.3379097,134.99987125396729,0,0
1595800605.3479216,136.80201530456543,0,0
1595800605.3579164,138.60106945037842,0,0
1595800605.367922,140.40209770202637,0,0
1595800605.3779151,142.2008514404297,0,0
1595800605.387925,144.0026092529297,0,0
1595800605.3979144,145.80071926116943,0,0
1595800605.4079106,147.60003089904785,0,0
1595800605.4179175,149.401273727417,0,0
1595800605.427917,151.20118618011475,0,0
1595800605.4379234,153.0023431777954,0,0
1595800605.4479284,154.80324268341064,0,0
1595800605.457916,156.60100936889648,0,0
1595800605.4679272,158.4030246734619,0,0
1595800605.4779174,160.20126342773438,0,0
1595800605.48792,162.00173377990723,0,0
1595800605.497914,163.8006591796875,0,0
1595800605.507921,165.60190200805664,0,0
1595800605.5179224,167.4021577835083,0,0
1595800605.5279186,169.20146942138672,0,0
1595800605.5379143,171.00069522857666,0,0
1595800605.547917,172.8011655807495,0,0
1595800605.5579255,174.60270881652832,0,0
1595800605.567916,176.40099048614502,0,0
1595800605.5779145,178.20073127746582,0,0
1595800605.5879145,180.00072956085205,0,0
1595800605.5979261,181.80283069610596,0,0
1595800605.6079113,183.6001682281494,0,0
1595800605.6179113,185.40016651153564,0,0
1595800605.6279268,187.20295429229736,0,0
1595800605.6379108,189.00007724761963,0,0
1595800605.6479237,190.80239295959473,0,0
1595800605.657915,192.60084629058838,0,0
1595800605.6679268,194.40294742584229,0,0
1595800605.6779265,196.20290279388428,0,0
1595800605.687914,198.00062656402588,0,0
1595800605.6979253,199.80268478393555,0,0
1595800605.7079182,201.60139560699463,0,0
1595800605.7179108,203.40006351470947,0,0
1595800605.7279239,205.2024221420288,0,0
1595800605.7379198,207.001690864563,0,0
1595800605.7479212,208.80194664001465,0,0
1595800605.757911,210.60009956359863,0,0
1595800605.7679183,212.40142822265625,0,0
1595800605.7779255,214.20271396636963,0,0
1595800605.787915,216.00082397460938,0,0
1595800605.7979271,217.80301094055176,0,0
1595800605.807926,219.6027946472168,0,0
1595800605.8179145,221.4007329940796,0,0
1595800605.8279104,223.20000171661377,0,0
1595800605.837927,225.00300407409668,0,0
1595800605.8479245,226.8025302886963,0,0
1595800605.857927,228.60300064086914,0,0
1595800605.8679225,230.40218353271484,0,0
1595800605.8779242,232.20248222351074,0,0
1595800605.887921,234.00192260742188,0,0
1595800605.897924,235.80243587493896,0,0
1595800605.9079154,237.60088920593262,0,0
1595800605.9179118,239.40024375915527,0,0
1595800605.9279187,241.2014865875244,0,0
1595800605.9379277,243.0031156539917,0,0
1595800605.9479268,244.80294227600098,0,0
1595800605.9579186,246.6014814376831,0,0
1595800605.967911,248.4001064300537,0,0
1595800605.9779189,250.2015209197998,0,0
1595800605.987915,252.00083255767822,0,0
1595800605.997914,253.8006591796875,0,0
1595800606.0079103,255.59997081756592,0,0
1595800606.0179129,257.40044116973877,0,0
1595800606.0279238,259.20241355895996,0,0
1595800606.0379162,261.00103855133057,0,0
1595800606.0479107,262.8000497817993,0,0
1595800606.0579154,264.6009063720703,0,0
1595800606.0679114,266.4001750946045,0,0
1595800606.0779138,268.2006025314331,0,0
1595800606.0879273,270.0030469894409,0,0
1595800606.0979142,271.80068492889404,0,0
1595800606.1079223,273.6021423339844,0,0
1595800606.1179268,275.40295600891113,0,0
1595800606.1279175,277.20128059387207,0,0
1595800606.137921,279.0019226074219,0,0
1595800606.1479275,280.80307960510254,0,0
1595800606.1579173,282.6012325286865,0,0
1595800606.1679149,284.40080165863037,0,0
1595800606.1779203,286.2017869949341,0,0
1595800606.1879163,288.00105571746826,0,0
1595800606.1979258,289.802770614624,0,0
1595800606.2079194,291.6016101837158,0,0
1595800606.21792,293.40173721313477,0,0
1595800606.2279224,295.2021646499634,0,0
1595800606.2379203,297.00177669525146,0,0
1595800606.24792,298.80173206329346,0,0
1595800606.2579188,300.6015157699585,0,0
1595800606.2679095,302.39984035491943,0,0
1595800606.2779226,304.20219898223877,0,0
1595800606.287909,305.9997510910034,0,0
1595800606.2979195,307.80163764953613,0,0
1595800606.3079152,309.6008634567261,0,0
1595800606.3179226,311.4021921157837,0,0
1595800606.3279135,313.20055961608887,0,0
1595800606.3379178,315.0013303756714,0,0
1595800606.3479133,316.8005132675171,0,0
1595800606.3579187,318.6014986038208,0,0
1595800606.3679144,320.40072441101074,0,0
1595800606.3779151,322.2008514404297,0,0
1595800606.3879144,324.0007209777832,0,0
1595800606.3979106,325.8000326156616,0,0
1595800606.4079173,327.6012325286865,0,0
1595800606.417925,329.4026041030884,0,0
1595800606.4203827,329.8450183868408,0,0
1595800606.4203827,332.86051654815674,0.01675276756286621,0
1595800606.42792,334.21724224090576,0.01675276756286621,0
1595800606.437924,336.0179271697998,0.01675276756286621,0
1595800606.4479234,337.81783962249756,0.01675276756286621,0
1595800606.4579103,339.6154775619507,0.01675276756286621,0
1595800606.4679163,341.41654872894287,0.01675276756286621,0
1595800606.4779103,343.21547412872314,0.01675276756286621,0
1595800606.4879189,345.01701736450195,0.01675276756286621,0
1595800606.4979193,346.81710147857666,0.01675276756286621,0
1595800606.507913,348.6159839630127,0.01675276756286621,0
1595800606.5179098,350.4153814315796,0.01675276756286621,0
1595800606.5279224,352.21765422821045,0.01675276756286621,0
1595800606.5379193,354.0170946121216,0.01675276756286621,0
1595800606.547917,355.81666374206543,0.01675276756286621,0
1595800606.5579202,357.617262840271,0.01675276756286621,0
1595800606.5679204,359.41730403900146,0.01675276756286621,0
1595800606.5711684,360,0.01675276756286621,1
1595800606.5711684,0,0,0
1595800606.5811837,1.8027448654174805,0,0
1595800606.591183,3.602614402770996,0,0
1595800606.601187,5.403342247009277,0,0
1595800606.6111825,7.2025251388549805,0,0
1595800606.6211717,9.000592231750488,0,0
1595800606.6311755,10.801277160644531,0,0
1595800606.6411848,12.602949142456055,0,0
1595800606.6511872,14.403376579284668,0,0
1595800606.6611848,16.202945709228516,0,0
1595800606.6711857,18.0031156539917,0,0
1595800606.6811812,19.802298545837402,0,0
1595800606.6911805,21.602168083190918,0,0
1595800606.7011795,23.401994705200195,0,0
1595800606.7111826,25.202550888061523,0,0
1595800606.7211714,27.000532150268555,0,0
1595800606.731185,28.802976608276367,0,0
1595800606.7411842,30.602846145629883,0,0
1595800606.751169,32.40009784698486,0,0
1595800606.7611706,34.20039653778076,0,0
1595800606.7711847,36.00292682647705,0,0
1595800606.7811832,37.80266761779785,0,0
1595800606.7911718,39.600605964660645,0,0
1595800606.8011866,41.40326499938965,0,0
1595800606.8111804,43.202147483825684,0,0
1595800606.821173,45.00081539154053,0,0
1595800606.83117,46.8002986907959,0,0
1595800606.8411787,48.60184192657471,0,0
1595800606.8511715,50.40055274963379,0,0
1595800606.8611724,52.20072269439697,0,0
1595800606.8711843,54.00286674499512,0,0
1595800606.881171,55.800461769104004,0,0
1595800606.891172,57.60063171386719,0,0
1595800606.9011726,59.40075874328613,0,0
1595800606.9111753,61.201229095458984,0,0
1595800606.9211779,63.001699447631836,0,0
1595800606.9311712,64.8004961013794,0,0
1595800606.9411697,66.6002368927002,0,0
1595800606.9511697,68.40023517608643,0,0
1595800606.9611695,70.20019054412842,0,0
1595800606.9711714,72.00053215026855,0,0
1595800606.981183,73.80263328552246,0,0
1595800606.9911766,75.60147285461426,0,0
1595800607.0011806,77.40220069885254,0,0
1595800607.0111847,79.20292854309082,0,0
1595800607.0211866,81.00327014923096,0,0
1595800607.0311806,82.80219554901123,0,0
1595800607.0411694,84.60017681121826,0,0
1595800607.051182,86.40244960784912,0,0
1595800607.0611823,88.20249080657959,0,0
1595800607.0711846,90.0029182434082,0,0
1595800607.0811863,91.8032169342041,0,0
1595800607.0911705,93.6003828048706,0,0
1595800607.1011755,95.40128231048584,0,0
1595800607.111186,97.20316886901855,0,0
1595800607.1211863,99.00321006774902,0,0
1595800607.131176,100.80136299133301,0,0
1595800607.1411834,102.60269165039062,0,0
1595800607.1511757,104.40131664276123,0,0
1595800607.1611817,106.20238780975342,0,0
1595800607.171179,108.00191402435303,0,0
1595800607.1811836,109.80272769927979,0,0
1595800607.1911757,111.60130977630615,0,0
1595800607.2011871,113.40336799621582,0,0
1595800607.2111855,115.20306587219238,0,0
1595800607.2211783,117.00177669525146,0,0
1595800607.2311842,118.80284786224365,0,0
1595800607.2411733,120.60087203979492,0,0
1595800607.2511697,122.40022659301758,0,0
1595800607.2611809,124.20224189758301,0,0
1595800607.2711825,126.0025405883789,0,0
1595800607.2811706,127.80039310455322,0,0
1595800607.2911737,129.60094928741455,0,0
1595800607.301186,131.40317916870117,0,0
1595800607.311172,133.20064544677734,0,0
1595800607.3211696,135.0002145767212,0,0
1595800607.3311741,136.80102825164795,0,0
1595800607.3411822,138.60248565673828,0,0
1595800607.3511784,140.4017972946167,0,0
1595800607.3611856,142.20308303833008,0,0
1595800607.3711863,144.00321006774902,0,0
1595800607.381184,145.8028221130371,0,0
1595800607.391177,147.6015329360962,0,0
1595800607.401175,149.40118789672852,0,0
1595800607.4111707,151.20041370391846,0,0
1595800607.4211774,153.00161361694336,0,0
1595800607.4311788,154.80186939239502,0,0
1595800607.4411728,156.6007947921753,0,0
1595800607.4511726,158.40075016021729,0,0
1595800607.4611816,160.20237922668457,0,0
1595800607.471175,162.00117588043213,0,0
1595800607.4811704,163.80035877227783,0,0
1595800607.4911685,165.60001373291016,0,0
1595800607.501174,167.40099906921387,0,0
1595800607.5111818,169.20241355895996,0,0
1595800607.5211809,171.00224018096924,0,0
1595800607.5311677,172.79987812042236,0,0
1595800607.5411742,174.60103511810303,0,0
1595800607.551185,176.40296459197998,0,0
1595800607.5611763,178.20141792297363,0,0
1595800607.571185,180.00300407409668,0,0
1595800607.5811708,181.8004274368286,0,0
1595800607.5911777,183.60167026519775,0,0
1595800607.601181,185.40226936340332,0,0
1595800607.611171,187.20046520233154,0,0
1595800607.6211684,188.99999141693115,0,0
1595800607.631186,190.80316543579102,0,0
1595800607.641186,192.60316371917725,0,0
1595800607.6511812,194.4023036956787,0,0
1595800607.661172,196.20062828063965,0,0
1595800607.6711857,198.0031156539917,0,0
1595800607.6811767,199.80148315429688,0,0
1595800607.6911712,201.60049438476562,0,0
1595800607.7011771,203.4015655517578,0,0
1595800607.7111778,205.20169258117676,0,0
1595800607.72117,207.00027465820312,0,0
1595800607.731182,208.8024616241455,0,0
1595800607.741174,210.60100078582764,0,0
1595800607.7511792,212.4019432067871,0,0
1595800607.7611692,214.20013904571533,0,0
1595800607.77117,216.00026607513428,0,0
1595800607.7811744,217.80107975006104,0,0
1595800607.7911806,219.60219383239746,0,0
1595800607.801169,221.40008926391602,0,0
1595800607.8111818,223.2024049758911,0,0
1595800607.8211763,225.00141620635986,0,0
1595800607.8311687,226.80004119873047,0,0
1595800607.8411763,228.60141277313232,0,0
1595800607.851177,230.40153980255127,0,0
1595800607.8611684,232.19999313354492,0,0
1595800607.871181,234.00226593017578,0,0
1595800607.8811762,235.80140590667725,0,0
1595800607.891184,237.60282039642334,0,0
1595800607.9011776,239.40165996551514,0,0
1595800607.911181,241.2022590637207,0,0
1595800607.9211786,243.00182819366455,0,0
1595800607.9311736,244.80092525482178,0,0
1595800607.9411755,246.6012668609619,0,0
1595800607.9511843,248.40285301208496,0,0
1595800607.9611702,250.20031929016113,0,0
1595800607.9711766,252.0014762878418,0,0
1595800607.9811811,253.80228996276855,0,0
1595800607.9911757,255.6013011932373,0,0
1595800608.0011725,257.40074157714844,0,0
1595800608.011167,259.1997528076172,0,0
1595800608.0211723,261.00069522857666,0,0
1595800608.0311787,262.8018522262573,0,0
1595800608.0411725,264.60073471069336,0,0
1595800608.0511847,266.40292167663574,0,0
1595800608.0611815,268.2023620605469,0,0
1595800608.071184,270.0027894973755,0,0
1595800608.0811808,271.8022298812866,0,0
1595800608.091174,273.60098361968994,0,0
1595800608.1011696,275.4002094268799,0,0
1595800608.1111825,277.202525138855,0,0
1595800608.121174,279.00102138519287,0,0
1595800608.1311843,280.80286502838135,0,0
1595800608.141183,282.60260581970215,0,0
1595800608.151183,284.4026041030884,0,0
1595800608.1611676,286.19985580444336,0,0
1595800608.1711724,288.00071239471436,0,0
1595800608.181179,289.80191230773926,0,0
1595800608.191185,291.60298347473145,0,0
1595800608.2011707,293.4004068374634,0,0
1595800608.2111838,295.2027654647827,0,0
1595800608.221168,296.9999313354492,0,0
1595800608.23118,298.80207538604736,0,0
1595800608.241177,300.60155868530273,0,0
1595800608.2511728,302.4007844924927,0,0
1595800608.2611797,304.2020273208618,0,0
1595800608.2711718,306.0006093978882,0,0
1595800608.2811751,307.80120849609375,0,0
1595800608.2911713,309.60052013397217,0,0
1595800608.301176,311.40137672424316,0,0
1595800608.3111832,313.20266246795654,0,0
1595800608.3211675,314.99982833862305,0,0
1595800608.3311763,316.8014144897461,0,0
1595800608.341176,318.6013698577881,0,0
1595800608.351178,320.4017114639282,0,0
1595800608.361167,322.1997356414795,0,0
1595800608.3711817,324.0023946762085,0,0
1595800608.3811715,325.8005475997925,0,0
1595800608.391179,327.60191917419434,0,0
1595800608.4011693,329.4001579284668,0,0
1595800608.4111705,331.2003707885742,0,0
1595800608.4211667,332.99968242645264,0,0
1595800608.431167,334.7997236251831,0,0
1595800608.436745,335.80377101898193,0,0
1595800608.436745,338.22339391708374,0.013442349433898926,0
1595800608.4411757,339.02093267440796,0.013442349433898926,0
1595800608.451176,340.8209738731384,0.013442349433898926,0
1595800608.4611845,342.62251710891724,0.013442349433898926,0
1595800608.4711769,344.42114210128784,0.013442349433898926,0
1595800608.4811676,346.2194666862488,0.013442349433898926,0
1595800608.4911687,348.0196795463562,0.013442349433898926,0
1595800608.5011842,349.8224673271179,0.013442349433898926,0
1595800608.5111754,351.62087774276733,0.013442349433898926,0
1595800608.5211744,353.4207043647766,0.013442349433898926,0
1595800608.5311701,355.21993017196655,0.013442349433898926,0
1595800608.5411825,357.0221600532532,0.013442349433898926,0
1595800608.5511706,358.8200125694275,0.013442349433898926,0
1595800608.557737,360,0.013442349433898926,1
1595800608.557737,0,0,0
1595800608.5677552,1.8032598495483398,0,0
1595800608.5777478,3.6019277572631836,0,0
1595800608.5877445,5.401325225830078,0,0
1595800608.5977557,7.203340530395508,0,0
1595800608.6077392,9.000377655029297,0,0
1595800608.617746,10.801620483398438,0,0
1595800608.627743,12.60106086730957,0,0
1595800608.6377544,14.403119087219238,0,0
1595800608.6477385,16.200242042541504,0,0
1595800608.6577532,18.002901077270508,0,0
1595800608.6677415,19.800796508789062,0,0
1595800608.6777406,21.60062313079834,0,0
1595800608.6877542,23.403067588806152,0,0
1595800608.6977503,25.20237922668457,0,0
1595800608.707738,27.00014591217041,0,0
1595800608.7177415,28.800787925720215,0,0
1595800608.7277427,30.601000785827637,0,0
1595800608.7377536,32.40297317504883,0,0
1595800608.7477489,34.20211315155029,0,0
1595800608.7577531,36.00288391113281,0,0
1595800608.767744,37.80125141143799,0,0
1595800608.777742,39.600863456726074,0,0
1595800608.7877507,41.40244960784912,0,0
1595800608.7977545,43.203134536743164,0,0
1595800608.807746,45.001587867736816,0,0
1595800608.817738,46.800169944763184,0,0
1595800608.8277438,48.60119819641113,0,0
1595800608.837749,50.402140617370605,0,0
1595800608.8477468,52.20175266265869,0,0
1595800608.8577557,54.00333881378174,0,0
1595800608.8677514,55.80256462097168,0,0
1595800608.8777452,57.601447105407715,0,0
1595800608.88775,59.40230369567871,0,0
1595800608.8977458,61.20157241821289,0,0
1595800608.907751,63.00251483917236,0,0
1595800608.9177387,64.8002815246582,0,0
1595800608.92775,66.60233974456787,0,0
1595800608.937755,68.4032392501831,0,0
1595800608.9477527,70.20280838012695,0,0
1595800608.957755,72.00323581695557,0,0
1595800608.9677484,73.80203247070312,0,0
1595800608.977747,75.60177326202393,0,0
1595800608.9877415,77.40078449249268,0,0
1595800608.9977462,79.20164108276367,0,0
1595800609.007746,81.00159645080566,0,0
1595800609.0177383,82.80022144317627,0,0
1595800609.0277529,84.60283756256104,0,0
1595800609.0377526,86.40279293060303,0,0
1595800609.0477376,88.20008754730225,0,0
1595800609.0577552,90.00326156616211,0,0
1595800609.067753,91.8028736114502,0,0
1595800609.0777423,93.6009407043457,0,0
1595800609.0877378,95.4001235961914,0,0
1595800609.09775,97.20231056213379,0,0
1595800609.107739,99.00033473968506,0,0
1595800609.1177404,100.80059051513672,0,0
1595800609.127749,102.60213375091553,0,0
1595800609.13775,104.40230369567871,0,0
1595800609.1477425,106.20097160339355,0,0
1595800609.1577368,107.99993991851807,0,0
1595800609.1677523,109.80272769927979,0,0
1595800609.177755,111.60324096679688,0,0
1595800609.1877432,113.40109348297119,0,0
1595800609.197748,115.20195007324219,0,0
1595800609.2077436,117.00117588043213,0,0
1595800609.2177477,118.80190372467041,0,0
1595800609.2277505,120.6024169921875,0,0
1595800609.2377527,122.40280151367188,0,0
1595800609.2477412,124.20073986053467,0,0
1595800609.2577455,126.00151062011719,0,0
1595800609.2677479,127.8019380569458,0,0
1595800609.2777421,129.6009063720703,0,0
1595800609.2877553,131.40326499938965,0,0
1595800609.2977495,133.20223331451416,0,0
1595800609.3077412,135.00072956085205,0,0
1595800609.3177526,136.80278778076172,0,0
1595800609.3277552,138.60325813293457,0,0
1595800609.33774,140.40050983428955,0,0
1595800609.347748,142.20196723937988,0,0
1595800609.357746,144.00157928466797,0,0
1595800609.3677504,145.80239295959473,0,0
1595800609.3777542,147.60307788848877,0,0
1595800609.3877463,149.40165996551514,0,0
1595800609.3977363,151.19985580444336,0,0
1595800609.4077492,153.00217151641846,0,0
1595800609.4177437,154.8011827468872,0,0
1595800609.427744,156.60122394561768,0,0
1595800609.4377468,158.40173721313477,0,0
1595800609.4477377,160.20010471343994,0,0
1595800609.4577513,162.00254917144775,0,0
1595800609.4677372,163.80001544952393,0,0
1595800609.4777503,165.60237407684326,0,0
1595800609.4877498,167.40228652954102,0,0
1595800609.4977424,169.20095443725586,0,0
1595800609.5077417,171.00082397460938,0,0
1595800609.517743,172.80107975006104,0,0
1595800609.5277524,174.60275173187256,0,0
1595800609.5377498,176.40227794647217,0,0
1595800609.5477402,178.20055961608887,0,0
1595800609.55775,180.00231742858887,0,0
1595800609.5677507,181.8024444580078,0,0
1595800609.5777524,183.6027431488037,0,0
1595800609.5877442,185.40128231048584,0,0
1595800609.5977526,187.2027826309204,0,0
1595800609.6077414,189.00076389312744,0,0
1595800609.6177363,190.79986095428467,0,0
1595800609.6277406,192.6006317138672,0,0
1595800609.6377418,194.4008445739746,0,0
1595800609.6477427,196.2010145187378,0,0
1595800609.65774,198.0005407333374,0,0
1595800609.6677506,199.80242729187012,0,0
1595800609.6777375,201.60006523132324,0,0
1595800609.6877382,203.4001922607422,0,0
1595800609.6977437,205.2011775970459,0,0
1595800609.7077472,207.0018196105957,0,0
1595800609.7177436,208.80117416381836,0,0
1595800609.727752,210.60267448425293,0,0
1595800609.7377527,212.40280151367188,0,0
1595800609.7477446,214.201340675354,0,0
1595800609.7577498,216.00228309631348,0,0
1595800609.7677417,217.8008222579956,0,0
1595800609.7777383,219.6002197265625,0,0
1595800609.787739,221.40034675598145,0,0
1595800609.797738,223.20017337799072,0,0
1595800609.807738,225.00017166137695,0,0
1595800609.817747,226.80180072784424,0,0
1595800609.8277535,228.6029577255249,0,0
1595800609.837743,230.40106773376465,0,0
1595800609.8477502,232.20235347747803,0,0
1595800609.8577414,234.00076389312744,0,0
1595800609.8677409,235.8006763458252,0,0
1595800609.877751,237.60251998901367,0,0
1595800609.8877542,239.403076171875,0,0
1595800609.897751,241.20251655578613,0,0
1595800609.9077423,243.00092697143555,0,0
1595800609.9177544,244.80311393737793,0,0
1595800609.9277387,246.60027980804443,0,0
1595800609.937751,248.40250968933105,0,0
1595800609.9477525,250.20276546478271,0,0
1595800609.957738,252.0001459121704,0,0
1595800609.9677393,253.80040168762207,0,0
1595800609.9777534,255.60293197631836,0,0
1595800609.9877446,257.4013423919678,0,0
1595800609.997754,259.20305728912354,0,0
1595800610.0077477,261.00189685821533,0,0
1595800610.0177507,262.80245304107666,0,0
1595800610.0277526,264.6027946472168,0,0
1595800610.0377378,266.40013217926025,0,0
1595800610.0477407,268.20064544677734,0,0
1595800610.0577512,270.00253200531006,0,0
1595800610.067752,271.802659034729,0,0
1595800610.0777483,273.60201358795166,0,0
1595800610.0877452,275.4014539718628,0,0
1595800610.097744,277.20123767852783,0,0
1595800610.1077497,279.0022659301758,0,0
1595800610.117737,280.7999897003174,0,0
1595800610.1277406,282.6006317138672,0,0
1595800610.1377525,284.40277576446533,0,0
1595800610.1477487,286.20208740234375,0,0
1595800610.157742,288.0008840560913,0,0
1595800610.1677396,289.80045318603516,0,0
1595800610.1777403,291.6005802154541,0,0
1595800610.1877491,293.40216636657715,0,0
1595800610.1977365,295.19989013671875,0,0
1595800610.2077506,297.00242042541504,0,0
1595800610.2177384,298.8002300262451,0,0
1595800610.2277527,300.60280323028564,0,0
1595800610.2377498,302.402286529541,0,0
1595800610.2477417,304.20082569122314,0,0
1595800610.2577467,306.0017251968384,0,0
1595800610.267748,307.80198097229004,0,0
1595800610.2777493,309.60219383239746,0,0
1595800610.2877433,311.40111923217773,0,0
1595800610.297747,313.20176124572754,0,0
1595800610.3077435,315.00115871429443,0,0
1595800610.317745,316.8014144897461,0,0
1595800610.3277361,318.5998249053955,0,0
1595800610.3377516,320.4026126861572,0,0
1595800610.3477447,322.20136642456055,0,0
1595800610.3577452,324.00145053863525,0,0
1595800610.3677409,325.8006763458252,0,0
1595800610.3777494,327.602219581604,0,0
1595800610.3877423,329.4009304046631,0,0
1595800610.3977468,331.20174407958984,0,0
1595800610.4077466,333.00169944763184,0,0
1595800610.4177454,334.8014831542969,0,0
1595800610.4277482,336.60199642181396,0,0
1595800610.4377358,338.3997631072998,0,0
1595800610.4477463,340.2016496658325,0,0
1595800610.450609,340.71693420410156,0,0
1595800610.450609,342.6452407836914,0.010712814331054688,0
1595800610.4577398,343.92879581451416,0.010712814331054688,0
1595800610.4677386,345.7285795211792,0.010712814331054688,0
1595800610.4777472,347.530122756958,0.010712814331054688,0
1595800610.4877422,349.32921981811523,0.010712814331054688,0
1595800610.4977415,351.12908935546875,0.010712814331054688,0
1595800610.507746,352.9299030303955,0.010712814331054688,0
1595800610.5177388,354.7286138534546,0.010712814331054688,0
1595800610.5277398,356.5287837982178,0.010712814331054688,0
1595800610.5377426,358.32929706573486,0.010712814331054688,0
1595800610.5470388,360,0.010712814331054688,1
1595800610.5470388,0,0,0
1595800610.5570405,1.8002986907958984,0,0
1595800610.5670524,3.602442741394043,0,0
1595800610.577051,5.402183532714844,0,0
1595800610.5870543,7.20278263092041,0,0
1595800610.5970483,9.001708030700684,0,0
1595800610.6070492,10.801877975463867,0,0
1595800610.6170413,12.600460052490234,0,0
1595800610.6270409,14.400372505187988,0,0
1595800610.6370401,16.200242042541504,0,0
1595800610.647055,18.002901077270508,0,0
1595800610.657041,19.800410270690918,0,0
1595800610.6670532,21.6025972366333,0,0
1595800610.677048,23.40165138244629,0,0
1595800610.6870446,25.201048851013184,0,0
1595800610.6970563,27.00314998626709,0,0
1595800610.707043,28.800745010375977,0,0
1595800610.7170537,30.60267448425293,0,0
1595800610.7270548,32.40288734436035,0,0
1595800610.737049,34.20185565948486,0,0
1595800610.7470465,36.00138187408447,0,0
1595800610.7570555,37.80301094055176,0,0
1595800610.7670498,39.60197925567627,0,0
1595800610.7770567,41.40322208404541,0,0
1595800610.7870564,43.2031774520874,0,0
1595800610.7970562,45.003132820129395,0,0
1595800610.8070407,46.80034160614014,0,0
1595800610.8170555,48.60300064086914,0,0
1595800610.827042,50.40059566497803,0,0
1595800610.8370407,52.20033645629883,0,0
1595800610.8470566,54.00321006774902,0,0
1595800610.8570452,55.801148414611816,0,0
1595800610.8670387,57.59998798370361,0,0
1595800610.8770435,59.40084457397461,0,0
1595800610.8870392,61.20007038116455,0,0
1595800610.8970394,63.00011157989502,0,0
1595800610.9070392,64.80006694793701,0,0
1595800610.9170506,66.60212516784668,0,0
1595800610.9270513,68.40225219726562,0,0
1595800610.9370546,70.20285129547119,0,0
1595800610.9470453,72.00117588043213,0,0
1595800610.9570436,73.80087375640869,0,0
1595800610.9670432,75.60078620910645,0,0
1595800610.977051,77.40220069885254,0,0
1595800610.9870412,79.200439453125,0,0
1595800610.9970548,81.00288391113281,0,0
1595800611.007055,82.80292510986328,0,0
1595800611.0170553,84.60296630859375,0,0
1595800611.0270448,86.4010763168335,0,0
1595800611.0370555,88.20300579071045,0,0
1595800611.0470545,90.00283241271973,0,0
1595800611.0570488,91.80180072784424,0,0
1595800611.067054,93.60274314880371,0,0
1595800611.0770526,95.40248394012451,0,0
1595800611.0870457,97.20123767852783,0,0
1595800611.0970438,99.00089263916016,0,0
1595800611.1070554,100.80299377441406,0,0
1595800611.1170442,102.6009750366211,0,0
1595800611.1270483,104.40170288085938,0,0
1595800611.1370506,106.20213031768799,0,0
1595800611.1470394,108.00011157989502,0,0
1595800611.1570528,109.8025131225586,0,0
1595800611.1670408,111.60036563873291,0,0
1595800611.1770568,113.4032392501831,0,0
1595800611.187047,115.20147800445557,0,0
1595800611.1970406,117.00031757354736,0,0
1595800611.2070386,118.79997253417969,0,0
1595800611.2170553,120.6029748916626,0,0
1595800611.2270436,122.40087032318115,0,0
1595800611.237049,124.20185565948486,0,0
1595800611.2470448,126.0010814666748,0,0
1595800611.2570546,127.8028392791748,0,0
1595800611.2670445,129.60103511810303,0,0
1595800611.2770557,131.40305042266846,0,0
1595800611.2870529,133.20253372192383,0,0
1595800611.29705,135.0020170211792,0,0
1595800611.3070498,136.8019723892212,0,0
1595800611.317051,138.6021852493286,0,0
1595800611.3270497,140.40196895599365,0,0
1595800611.3370445,142.20102310180664,0,0
1595800611.3470426,144.00067806243896,0,0
1595800611.3570406,145.8003330230713,0,0
1595800611.3670487,147.60179042816162,0,0
1595800611.3770502,149.40204620361328,0,0
1595800611.3870535,151.20264530181885,0,0
1595800611.3970532,153.00260066986084,0,0
1595800611.4070508,154.8021697998047,0,0
1595800611.417053,156.60255432128906,0,0
1595800611.4270477,158.40160846710205,0,0
1595800611.4370391,160.2000617980957,0,0
1595800611.447042,162.0005750656128,0,0
1595800611.4570456,163.8012170791626,0,0
1595800611.4670389,165.60001373291016,0,0
1595800611.4770424,167.40065574645996,0,0
1595800611.487045,169.2011260986328,0,0
1595800611.4970384,170.99992275238037,0,0
1595800611.5070474,172.80155181884766,0,0
1595800611.5170379,174.59983348846436,0,0
1595800611.5270448,176.4010763168335,0,0
1595800611.537056,178.20309162139893,0,0
1595800611.547054,180.00274658203125,0,0
1595800611.5570424,181.8006420135498,0,0
1595800611.5670452,183.6011552810669,0,0
1595800611.5770438,185.4008960723877,0,0
1595800611.5870423,187.2006368637085,0,0
1595800611.5970385,188.9999485015869,0,0
1595800611.6070452,190.80114841461182,0,0
1595800611.617042,192.60058879852295,0,0
1595800611.6270475,194.40157413482666,0,0
1595800611.63705,196.20200157165527,0,0
1595800611.647056,198.0031156539917,0,0
1595800611.6570468,199.80144023895264,0,0
1595800611.6670482,201.6016960144043,0,0
1595800611.677055,203.4028959274292,0,0
1595800611.6870456,205.20122051239014,0,0
1595800611.6970558,207.0030641555786,0,0
1595800611.7070513,208.80224704742432,0,0
1595800611.7170515,210.60228824615479,0,0
1595800611.727038,212.39984035491943,0,0
1595800611.7370427,214.20069694519043,0,0
1595800611.7470484,216.00172519683838,0,0
1595800611.7570548,217.80288219451904,0,0
1595800611.7670436,219.60086345672607,0,0
1595800611.7770486,221.4017629623413,0,0
1595800611.787052,223.20236206054688,0,0
1595800611.7970457,225.0012445449829,0,0
1595800611.807043,226.80077075958252,0,0
1595800611.8170552,228.6029577255249,0,0
1595800611.827044,230.40093898773193,0,0
1595800611.837041,232.20037937164307,0,0
1595800611.847045,234.00110721588135,0,0
1595800611.8570428,235.80071926116943,0,0
1595800611.867052,237.60239124298096,0,0
1595800611.8770556,239.40303325653076,0,0
1595800611.8870444,241.2010145187378,0,0
1595800611.8970432,243.00079822540283,0,0
1595800611.9070551,244.80294227600098,0,0
1595800611.9170516,246.60229682922363,0,0
1595800611.9270499,248.4019947052002,0,0
1595800611.9370415,250.2004909515381,0,0
1595800611.9470403,252.00027465820312,0,0
1595800611.9570384,253.79992961883545,0,0
1595800611.9670486,255.60177326202393,0,0
1595800611.9770453,257.4011707305908,0,0
1595800611.9870484,259.20172691345215,0,0
1595800611.9970407,261.00035190582275,0,0
1595800612.0070434,262.8008222579956,0,0
1595800612.017042,264.6005630493164,0,0
1595800612.0270493,266.401891708374,0,0
1595800612.0370426,268.2006883621216,0,0
1595800612.0470552,270.00296115875244,0,0
1595800612.0570502,271.80205821990967,0,0
1595800612.067048,273.60167026519775,0,0
1595800612.0770526,275.4024839401245,0,0
1595800612.0870426,277.20067977905273,0,0
1595800612.0970485,279.0017509460449,0,0
1595800612.1070468,280.8014488220215,0,0
1595800612.117049,282.60183334350586,0,0
1595800612.1270547,284.4028615951538,0,0
1595800612.1370502,286.2020444869995,0,0
1595800612.1470418,288.0005407333374,0,0
1595800612.1570542,289.802770614624,0,0
1595800612.1670449,291.60109519958496,0,0
1595800612.1770487,293.401780128479,0,0
1595800612.1870418,295.2005338668823,0,0
1595800612.1970472,297.00151920318604,0,0
1595800612.2070441,298.80095958709717,0,0
1595800612.2170465,300.6013870239258,0,0
1595800612.227044,302.40095615386963,0,0
1595800612.2370384,304.19992446899414,0,0
1595800612.247046,306.001296043396,0,0
1595800612.2570446,307.8010368347168,0,0
1595800612.267039,309.60004806518555,0,0
1595800612.2770388,311.40000343322754,0,0
1595800612.2870436,313.20086002349854,0,0
1595800612.2970395,315.0001287460327,0,0
1595800612.3070517,316.8023157119751,0,0
1595800612.3170466,318.6014127731323,0,0
1595800612.3270497,320.40196895599365,0,0
1595800612.33705,322.2020101547241,0,0
1595800612.3470497,324.0019655227661,0,0
1595800612.3570516,325.80230712890625,0,0
1595800612.3670437,327.6008892059326,0,0
1595800612.377037,329.3996858596802,0,0
1595800612.3870552,331.2029457092285,0,0
1595800612.397053,333.0025577545166,0,0
1595800612.407048,334.8016548156738,0,0
1595800612.4170442,336.60096645355225,0,0
1595800612.427039,338.40002059936523,0,0
1595800612.4370375,340.19976139068604,0,0
1595800612.4470458,342.0012617111206,0,0
1595800612.4570475,343.8015604019165,0,0
1595800612.4619431,344.68278408050537,0,0
1595800612.4619431,346.21450567245483,0.00850956439971924,0
1595800612.4670472,347.13323736190796,0.00850956439971924,0
1595800612.4770424,348.9323773384094,0.00850956439971924,0
1595800612.4870386,350.73168897628784,0.00850956439971924,0
1595800612.4970417,352.53224515914917,0.00850956439971924,0
1595800612.5070415,354.33220052719116,0.00850956439971924,0
1595800612.5170455,356.13292837142944,0.00850956439971924,0
1595800612.5270407,357.9320683479309,0.00850956439971924,0
1595800612.5370495,359.73365449905396,0.00850956439971924,0
1595800612.5385444,360,0.00850956439971924,1
1595800612.5385444,0,0,0
1595800612.5485501,1.8010282516479492,0,0
1595800612.5585456,3.6002111434936523,0,0
1595800612.568552,5.401368141174316,0,0
1595800612.5785513,7.201237678527832,0,0
1595800612.5885446,9.00003433227539,0,0
1595800612.598548,10.800633430480957,0,0
1595800612.6085541,12.601747512817383,0,0
1595800612.6185598,14.402775764465332,0,0
1595800612.6285527,16.201486587524414,0,0
1595800612.638554,18.001742362976074,0,0
1595800612.6485515,19.801268577575684,0,0
1595800612.6585474,21.600537300109863,0,0
1595800612.6685493,23.40087890625,0,0
1595800612.6785483,25.200705528259277,0,0
1595800612.6885624,27.003235816955566,0,0
1595800612.698549,28.800830841064453,0,0
1595800612.708549,30.600829124450684,0,0
1595800612.718553,32.401556968688965,0,0
1595800612.728555,34.2018985748291,0,0
1595800612.738562,36.00318431854248,0,0
1595800612.748546,37.80026435852051,0,0
1595800612.7585542,39.60176467895508,0,0
1595800612.7685568,41.40223503112793,0,0
1595800612.778555,43.201889991760254,0,0
1595800612.7885485,45.00072956085205,0,0
1595800612.798555,46.801886558532715,0,0
1595800612.8085558,48.6020565032959,0,0
1595800612.8185449,50.40008068084717,0,0
1595800612.8285463,52.20033645629883,0,0
1595800612.838559,54.00260925292969,0,0
1595800612.848547,55.800461769104004,0,0
1595800612.8585496,57.600932121276855,0,0
1595800612.86856,59.40281867980957,0,0
1595800612.878562,61.20316028594971,0,0
1595800612.8885486,63.000755310058594,0,0
1595800612.8985443,64.79998111724854,0,0
1595800612.908547,66.60045146942139,0,0
1595800612.918553,68.40156555175781,0,0
1595800612.9285614,70.20306587219238,0,0
1595800612.938549,72.00083255767822,0,0
1595800612.9485548,73.80186080932617,0,0
1595800612.958559,75.60263156890869,0,0
1595800612.968556,77.40207195281982,0,0
1595800612.9785488,79.2007827758789,0,0
1595800612.9885485,81.0007381439209,0,0
1595800612.998555,82.80189514160156,0,0
1595800613.0085578,84.60240840911865,0,0
1595800613.0185564,86.40214920043945,0,0
1595800613.028544,88.1999158859253,0,0
1595800613.0385492,90.00085830688477,0,0
1595800613.0485528,91.80150032043457,0,0
1595800613.0585492,93.60085487365723,0,0
1595800613.0685558,95.40205478668213,0,0
1595800613.0785546,97.20183849334717,0,0
1595800613.0885508,99.00115013122559,0,0
1595800613.098552,100.80136299133301,0,0
1595800613.1085572,102.60230541229248,0,0
1595800613.118555,104.40191745758057,0,0
1595800613.1285484,106.20071411132812,0,0
1595800613.138546,108.00028324127197,0,0
1595800613.1485536,109.80165481567383,0,0
1595800613.1585584,111.60251140594482,0,0
1595800613.1685622,113.40319633483887,0,0
1595800613.1785488,115.20079135894775,0,0
1595800613.1885457,117.00023174285889,0,0
1595800613.19855,118.8010025024414,0,0
1595800613.2085485,120.6007432937622,0,0
1595800613.2185454,122.40018367767334,0,0
1595800613.228546,124.20026779174805,0,0
1595800613.2385623,126.00322723388672,0,0
1595800613.2485564,127.80215263366699,0,0
1595800613.2585537,129.6016788482666,0,0
1595800613.268557,131.40227794647217,0,0
1595800613.2785563,133.20214748382568,0,0
1595800613.2885573,135.00231742858887,0,0
1595800613.2985618,136.80313110351562,0,0
1595800613.308549,138.600811958313,0,0
1595800613.3185458,140.40025234222412,0,0
1595800613.3285456,142.2002077102661,0,0
1595800613.3385444,143.99999141693115,0,0
1595800613.3485446,145.80003261566162,0,0
1595800613.3585508,147.60114669799805,0,0
1595800613.3685446,149.40002918243408,0,0
1595800613.3785512,151.20122909545898,0,0
1595800613.3885489,153.00079822540283,0,0
1595800613.3985443,154.79998111724854,0,0
1595800613.4085567,156.60221099853516,0,0
1595800613.4185538,158.40169429779053,0,0
1595800613.4285529,160.2015209197998,0,0
1595800613.4385448,162.00006008148193,0,0
1595800613.4485493,163.8008737564087,0,0
1595800613.4585516,165.6013011932373,0,0
1595800613.4685616,167.40310192108154,0,0
1595800613.4785452,169.20013904571533,0,0
1595800613.488548,171.00065231323242,0,0
1595800613.498552,172.8013801574707,0,0
1595800613.508552,174.60137844085693,0,0
1595800613.5185447,176.40004634857178,0,0
1595800613.5285525,178.20146083831787,0,0
1595800613.5385513,180.0012445449829,0,0
1595800613.5485466,181.80038452148438,0,0
1595800613.5585608,183.6029577255249,0,0
1595800613.5685449,185.40008068084717,0,0
1595800613.5785618,187.20312595367432,0,0
1595800613.5885446,189.0000343322754,0,0
1595800613.5985558,190.80204963684082,0,0
1595800613.6085472,192.60050296783447,0,0
1595800613.618559,194.40260410308838,0,0
1595800613.6285558,196.2020444869995,0,0
1595800613.6385436,197.9998540878296,0,0
1595800613.6485593,199.80268478393555,0,0
1595800613.658562,201.6031551361084,0,0
1595800613.668548,203.4006643295288,0,0
1595800613.6785464,205.20036220550537,0,0
1595800613.688551,207.00117588043213,0,0
1595800613.6985543,208.8017749786377,0,0
1595800613.708545,210.60009956359863,0,0
1595800613.718559,212.40262985229492,0,0
1595800613.728551,214.20116901397705,0,0
1595800613.7385554,216.0019826889038,0,0
1595800613.74855,217.80099391937256,0,0
1595800613.7585535,219.60163593292236,0,0
1595800613.7685523,221.4014196395874,0,0
1595800613.7785583,223.2024908065796,0,0
1595800613.7885473,225.00051498413086,0,0
1595800613.7985501,226.80102825164795,0,0
1595800613.8085558,228.6020565032959,0,0
1595800613.818551,230.40119647979736,0,0
1595800613.8285558,232.20205307006836,0,0
1595800613.8385503,234.0010643005371,0,0
1595800613.848544,235.7999038696289,0,0
1595800613.858553,237.6015329360962,0,0
1595800613.86855,239.40101623535156,0,0
1595800613.8785472,241.20049953460693,0,0
1595800613.8885503,243.00105571746826,0,0
1595800613.8985431,244.79976654052734,0,0
1595800613.9085479,246.60062313079834,0,0
1595800613.918552,248.40135097503662,0,0
1595800613.9285579,250.2024221420288,0,0
1595800613.9385536,252.00164794921875,0,0
1595800613.948557,253.80224704742432,0,0
1595800613.9585612,255.60301780700684,0,0
1595800613.9685621,257.40318775177,0,0
1595800613.9785547,259.20185565948486,0,0
1595800613.988544,260.99992275238037,0,0
1595800613.9985447,262.8000497817993,0,0
1595800614.0085504,264.60107803344727,0,0
1595800614.018554,266.40172004699707,0,0
1595800614.0285578,268.2024049758911,0,0
1595800614.0385492,270.00085830688477,0,0
1595800614.0485585,271.8025302886963,0,0
1595800614.058561,273.60300064086914,0,0
1595800614.068561,275.40299892425537,0,0
1595800614.0785596,277.2027397155762,0,0
1595800614.0885434,278.9998197555542,0,0
1595800614.0985594,280.8026933670044,0,0
1595800614.1085603,282.6028633117676,0,0
1595800614.1185498,284.4009733200073,0,0
1595800614.1285617,286.20311737060547,0,0
1595800614.138543,287.9997253417969,0,0
1595800614.1485536,289.8016548156738,0,0
1595800614.158551,291.60118103027344,0,0
1595800614.1685479,293.40062141418457,0,0
1595800614.1785607,295.20293712615967,0,0
1595800614.188561,297.00297832489014,0,0
1595800614.1985528,298.80151748657227,0,0
1595800614.208561,300.6029748916626,0,0
1595800614.218554,302.4017286300659,0,0
1595800614.228556,304.20207023620605,0,0
1595800614.2385604,306.0028839111328,0,0
1595800614.2485442,307.79996395111084,0,0
1595800614.2585547,309.60185050964355,0,0
1595800614.2685552,311.40193462371826,0,0
1595800614.2785554,313.20197582244873,0,0
1595800614.2885523,315.00141620635986,0,0
1595800614.2985578,316.8024015426636,0,0
1595800614.30855,318.60098361968994,0,0
1595800614.3185492,320.40085315704346,0,0
1595800614.3285487,322.2007656097412,0,0
1595800614.3385468,324.00042057037354,0,0
1595800614.348547,325.800461769104,0,0
1595800614.3585603,327.6028633117676,0,0
1595800614.3685591,329.4026470184326,0,0
1595800614.3785431,331.1997699737549,0,0
1595800614.3885589,333.00260066986084,0,0
1595800614.3985558,334.802041053772,0,0
1595800614.4085484,336.6007089614868,0,0
1595800614.4185433,338.39980602264404,0,0
1595800614.428558,340.20246505737305,0,0
1595800614.4385576,342.0023775100708,0,0
1595800614.448561,343.80297660827637,0,0
1595800614.4585586,345.6025457382202,0,0
1595800614.4685454,347.40018367767334,0,0
1595800614.4708214,347.809853553772,0,0
1595800614.4708214,349.0288681983948,0.0067723035812377935,0
1595800614.4785485,350.41975450515747,0.0067723035812377935,0
1595800614.4885433,352.21880865097046,0.0067723035812377935,0
1595800614.498545,354.01910734176636,0.0067723035812377935,0
1595800614.5085604,355.8218951225281,0.0067723035812377935,0
1595800614.518545,357.6191039085388,0.0067723035812377935,0
1595800614.5285425,359.41867303848267,0.0067723035812377935,0
1595800614.5317733,360,0.0067723035812377935,1
1595800614.5317733,0,0,0
1595800614.5417817,1.8015003204345703,0,0
1595800614.551781,3.601369857788086,0,0
1595800614.5617871,5.402483940124512,0,0
1595800614.5717895,7.202911376953125,0,0
1595800614.581779,9.001021385192871,0,0
1595800614.5917919,10.803337097167969,0,0
1595800614.601784,12.601919174194336,0,0
1595800614.6117914,14.403247833251953,0,0
1595800614.6217785,16.200928688049316,0,0
1595800614.6317751,18.00032615661621,0,0
1595800614.6417866,19.80238437652588,0,0
1595800614.6517804,21.601266860961914,0,0
1595800614.6617823,23.40160846710205,0,0
1595800614.6717868,25.20242214202881,0,0
1595800614.681792,27.00336456298828,0,0
1595800614.691777,28.8006591796875,0,0
1595800614.701774,30.600099563598633,0,0
1595800614.7117898,32.40297317504883,0,0
1595800614.7217827,34.20168399810791,0,0
1595800614.7317867,36.00241184234619,0,0
1595800614.7417846,37.80202388763428,0,0
1595800614.7517738,39.600090980529785,0,0
1595800614.761783,41.40172004699707,0,0
1595800614.7717862,43.20231914520264,0,0
1595800614.7817793,45.00107288360596,0,0
1595800614.7917767,46.800599098205566,0,0
1595800614.8017914,48.60325813293457,0,0
1595800614.8117788,50.40098190307617,0,0
1595800614.8217826,52.201666831970215,0,0
1595800614.831777,54.000678062438965,0,0
1595800614.8417737,55.80007553100586,0,0
1595800614.8517735,57.60003089904785,0,0
1595800614.861786,59.40226078033447,0,0
1595800614.8717773,61.200714111328125,0,0
1595800614.881781,63.00139904022217,0,0
1595800614.8917768,64.80062484741211,0,0
1595800614.9017792,66.60105228424072,0,0
1595800614.9117827,68.40169429779053,0,0
1595800614.9217784,70.20092010498047,0,0
1595800614.9317768,72.00061798095703,0,0
1595800614.9417756,73.80040168762207,0,0
1595800614.9517899,75.6029748916626,0,0
1595800614.9617777,77.40078449249268,0,0
1595800614.9717731,79.19996738433838,0,0
1595800614.9817739,81.00009441375732,0,0
1595800614.9917767,82.80060768127441,0,0
1595800615.0017765,84.6005630493164,0,0
1595800615.0117838,86.40189170837402,0,0
1595800615.0217729,88.1999158859253,0,0
1595800615.0317743,90.00017166137695,0,0
1595800615.0417864,91.80235862731934,0,0
1595800615.051786,93.60227108001709,0,0
1595800615.0617874,95.40252685546875,0,0
1595800615.0717885,97.20273971557617,0,0
1595800615.0817838,99.00187969207764,0,0
1595800615.0917828,100.80170631408691,0,0
1595800615.1017907,102.60312080383301,0,0
1595800615.1117816,104.40148830413818,0,0
1595800615.1217902,106.20303153991699,0,0
1595800615.131773,107.99993991851807,0,0
1595800615.1417782,109.80088233947754,0,0
1595800615.1517744,111.60019397735596,0,0
1595800615.1617818,113.40152263641357,0,0
1595800615.1717885,115.20272254943848,0,0
1595800615.1817753,117.0003604888916,0,0
1595800615.1917813,118.80143165588379,0,0
1595800615.2017794,120.60108661651611,0,0
1595800615.2117832,122.40177154541016,0,0
1595800615.2217863,124.20232772827148,0,0
1595800615.2317765,126.00056648254395,0,0
1595800615.241789,127.8028392791748,0,0
1595800615.2517908,129.6031379699707,0,0
1595800615.2617836,131.40184879302979,0,0
1595800615.2717814,133.20146083831787,0,0
1595800615.281777,135.00064373016357,0,0
1595800615.291774,136.80012702941895,0,0
1595800615.3017738,138.60008239746094,0,0
1595800615.3117757,140.40042400360107,0,0
1595800615.3217726,142.1998643875122,0,0
1595800615.331782,144.00157928466797,0,0
1595800615.3417733,145.79998970031738,0,0
1595800615.351775,147.60028839111328,0,0
1595800615.3617783,149.40088748931885,0,0
1595800615.3717802,151.20122909545898,0,0
1595800615.3817747,153.00024032592773,0,0
1595800615.391776,154.8004961013794,0,0
1595800615.40179,156.60298347473145,0,0
1595800615.4117854,158.40216636657715,0,0
1595800615.421774,160.20010471343994,0,0
1595800615.4317741,162.0001459121704,0,0
1595800615.4417791,163.80104541778564,0,0
1595800615.4517817,165.6015157699585,0,0
1595800615.4617865,167.4023723602295,0,0
1595800615.471782,169.2015552520752,0,0
1595800615.481774,171.00013732910156,0,0
1595800615.4917827,172.80168056488037,0,0
1595800615.5017786,174.60094928741455,0,0
1595800615.511788,176.40262126922607,0,0
1595800615.5217817,178.2015037536621,0,0
1595800615.5317888,180.0027894973755,0,0
1595800615.5417893,181.8028736114502,0,0
1595800615.5517828,183.601713180542,0,0
1595800615.5617762,185.40050983428955,0,0
1595800615.5717852,187.20213890075684,0,0
1595800615.5817876,189.00256633758545,0,0
1595800615.591776,190.800461769104,0,0
1595800615.6017826,192.6016616821289,0,0
1595800615.6117756,194.40041542053223,0,0
1595800615.621785,196.20208740234375,0,0
1595800615.6317835,198.00182819366455,0,0
1595800615.641776,199.8004961013794,0,0
1595800615.651781,201.60139560699463,0,0
1595800615.6617756,203.40040683746338,0,0
1595800615.671778,205.200834274292,0,0
1595800615.6817858,207.0022487640381,0,0
1595800615.6917884,208.80271911621094,0,0
1595800615.7017844,210.60198783874512,0,0
1595800615.711783,212.40172863006592,0,0
1595800615.721791,214.20318603515625,0,0
1595800615.7317839,216.00189685821533,0,0
1595800615.7417872,217.8024959564209,0,0
1595800615.7517855,219.60219383239746,0,0
1595800615.7617836,221.40184879302979,0,0
1595800615.7717726,223.19987297058105,0,0
1595800615.7817879,225.00261783599854,0,0
1595800615.7917852,226.80214405059814,0,0
1595800615.8017852,228.60214233398438,0,0
1595800615.8117745,230.40020942687988,0,0
1595800615.8217764,232.20055103302002,0,0
1595800615.8317876,234.00256633758545,0,0
1595800615.841779,235.8010196685791,0,0
1595800615.8517764,237.6005458831787,0,0
1595800615.8617842,239.4019603729248,0,0
1595800615.8717763,241.20054244995117,0,0
1595800615.8817909,243.00315856933594,0,0
1595800615.8917851,244.80212688446045,0,0
1595800615.9017773,246.60070896148682,0,0
1595800615.9117866,248.40238094329834,0,0
1595800615.9217882,250.20267963409424,0,0
1595800615.9317746,252.0002317428589,0,0
1595800615.9417722,253.79980087280273,0,0
1595800615.9517744,255.6001853942871,0,0
1595800615.961785,257.40211486816406,0,0
1595800615.9717853,259.20215606689453,0,0
1595800615.981784,261.00193977355957,0,0
1595800615.991789,262.8028392791748,0,0
1595800616.0017831,264.6017646789551,0,0
1595800616.0117755,266.4003896713257,0,0
1595800616.0217843,268.20197582244873,0,0
1595800616.0317748,270.00025749206543,0,0
1595800616.041773,271.799955368042,0,0
1595800616.0517883,273.6027002334595,0,0
1595800616.0617847,275.40205478668213,0,0
1595800616.0717854,277.2021818161011,0,0
1595800616.0817761,279.000506401062,0,0
1595800616.0917895,280.8029079437256,0,0
1595800616.101787,282.60247707366943,0,0
1595800616.1117842,284.4019603729248,0,0
1595800616.1217797,286.2011432647705,0,0
1595800616.13179,288.002986907959,0,0
1595800616.1417756,289.8004102706909,0,0
1595800616.1517851,291.6021251678467,0,0
1595800616.161787,293.4024667739868,0,0
1595800616.1717823,295.2016067504883,0,0
1595800616.1817827,297.001690864563,0,0
1595800616.191777,298.8006591796875,0,0
1595800616.2017753,300.60035705566406,0,0
1595800616.2117724,302.39984035491943,0,0
1595800616.2217839,304.2018985748291,0,0
1595800616.2317903,306.00305557250977,0,0
1595800616.2417815,307.8014659881592,0,0
1595800616.2517817,309.60150718688965,0,0
1595800616.2617767,311.4006042480469,0,0
1595800616.271779,313.2010316848755,0,0
1595800616.281776,315.0004720687866,0,0
1595800616.2917736,316.80004119873047,0,0
1595800616.3017766,318.6005973815918,0,0
1595800616.311777,320.4006814956665,0,0
1595800616.3217726,322.1998643875122,0,0
1595800616.3317792,324.0010643005371,0,0
1595800616.3417807,325.80132007598877,0,0
1595800616.3517785,327.60093212127686,0,0
1595800616.3617873,329.4025182723999,0,0
1595800616.3717794,331.20110034942627,0,0
1595800616.3817828,333.00169944763184,0,0
1595800616.3917816,334.8014831542969,0,0
1595800616.4017723,336.5998077392578,0,0
1595800616.4117851,338.4021234512329,0,0
1595800616.4217806,340.2013063430786,0,0
1595800616.4317732,341.99997425079346,0,0
1595800616.441772,343.7997579574585,0,0
1595800616.4517794,345.6010866165161,0,0
1595800616.4617772,347.4006986618042,0,0
1595800616.4717836,349.20185565948486,0,0
1595800616.4784145,350.39541721343994,0,0
1595800616.4784145,351.35587549209595,0.0053358793258667,0
1595800616.4817817,351.9619688987732,0.0053358793258667,0
1595800616.4917755,353.76085138320923,0.0053358793258667,0
1595800616.501789,355.56329584121704,0.0053358793258667,0
1595800616.511785,357.3625645637512,0.0053358793258667,0
1595800616.5217814,359.1619191169739,0.0053358793258667,0
1595800616.526456,360,0.0053358793258667,1
1595800616.526456,0,0,0
1595800616.5364625,1.801156997680664,0,0
1595800616.5464613,3.600940704345703,0,0
1595800616.5564632,5.40128231048584,0,0
1595800616.5664563,7.20003604888916,0,0
1595800616.5764563,9.00003433227539,0,0
1595800616.586459,10.800504684448242,0,0
1595800616.596466,12.601790428161621,0,0
1595800616.6064699,14.402475357055664,0,0
1595800616.616457,16.200156211853027,0,0
1595800616.6264703,18.0025577545166,0,0
1595800616.6364584,19.800410270690918,0,0
1595800616.6464643,21.601481437683105,0,0
1595800616.6564667,23.40190887451172,0,0
1595800616.6664612,25.20092010498047,0,0
1595800616.6764746,27.003321647644043,0,0
1595800616.6864724,28.80293369293213,0,0
1595800616.6964731,30.603060722351074,0,0
1595800616.7064605,32.400784492492676,0,0
1595800616.7164567,34.200096130371094,0,0
1595800616.726456,35.99996566772461,0,0
1595800616.7364578,37.800307273864746,0,0
1595800616.7464595,39.600605964660645,0,0
1595800616.7564747,41.403350830078125,0,0
1595800616.7664678,43.202104568481445,0,0
1595800616.7764676,45.00205993652344,0,0
1595800616.7864606,46.80081367492676,0,0
1595800616.796462,48.60106945037842,0,0
1595800616.806466,50.4017972946167,0,0
1595800616.8164706,52.20261096954346,0,0
1595800616.8264587,54.00046348571777,0,0
1595800616.8364747,55.80333709716797,0,0
1595800616.8464737,57.603163719177246,0,0
1595800616.8564577,59.40028667449951,0,0
1595800616.8664718,61.2028169631958,0,0
1595800616.8764644,63.001484870910645,0,0
1595800616.886459,64.80053901672363,0,0
1595800616.8964674,66.6020393371582,0,0
1595800616.90646,68.40070724487305,0,0
1595800616.916459,70.20053386688232,0,0
1595800616.9264648,72.00156211853027,0,0
1595800616.9364667,73.80190372467041,0,0
1595800616.9464643,75.60147285461426,0,0
1595800616.9564734,77.40310192108154,0,0
1595800616.9664671,79.20198440551758,0,0
1595800616.9764616,81.00099563598633,0,0
1595800616.9864573,82.80022144317627,0,0
1595800616.9964716,84.6027946472168,0,0
1595800617.0064738,86.40317916870117,0,0
1595800617.0164623,88.20111751556396,0,0
1595800617.0264618,90.00102996826172,0,0
1595800617.0364683,91.80218696594238,0,0
1595800617.0464575,93.60025405883789,0,0
1595800617.0564597,95.40063858032227,0,0
1595800617.0664563,97.20003604888916,0,0
1595800617.0764616,99.00097846984863,0,0
1595800617.0864625,100.80114841461182,0,0
1595800617.0964687,102.60226249694824,0,0
1595800617.106466,104.40178871154785,0,0
1595800617.1164603,106.20075702667236,0,0
1595800617.1264627,108.00118446350098,0,0
1595800617.1364605,109.80079650878906,0,0
1595800617.1464682,111.60216808319092,0,0
1595800617.1564631,113.40126514434814,0,0
1595800617.1664655,115.20169258117676,0,0
1595800617.176457,117.00014591217041,0,0
1595800617.1864557,118.79992961883545,0,0
1595800617.196467,120.60194492340088,0,0
1595800617.2064614,122.40095615386963,0,0
1595800617.2164595,124.20061111450195,0,0
1595800617.226463,126.00125312805176,0,0
1595800617.2364564,127.80004978179932,0,0
1595800617.2464633,129.60129261016846,0,0
1595800617.256467,131.4019775390625,0,0
1595800617.2664592,133.20055961608887,0,0
1595800617.2764664,135.00184535980225,0,0
1595800617.2864716,136.80278778076172,0,0
1595800617.2964692,138.60235691070557,0,0
1595800617.306463,140.4012393951416,0,0
1595800617.3164618,142.20102310180664,0,0
1595800617.326466,144.00179386138916,0,0
1595800617.3364651,145.80162048339844,0,0
1595800617.3464696,147.6024341583252,0,0
1595800617.3564692,149.40234661102295,0,0
1595800617.3664684,151.20221614837646,0,0
1595800617.3764663,153.00182819366455,0,0
1595800617.3864574,154.80023860931396,0,0
1595800617.3964672,156.60199642181396,0,0
1595800617.4064736,158.40315341949463,0,0
1595800617.416466,160.20177841186523,0,0
1595800617.4264574,162.0002317428589,0,0
1595800617.4364603,163.80074501037598,0,0
1595800617.4464602,165.6007432937622,0,0
1595800617.4564629,167.40121364593506,0,0
1595800617.4664574,169.2002248764038,0,0
1595800617.4764733,171.003098487854,0,0
1595800617.4864738,172.8031826019287,0,0
1595800617.4964602,174.60073471069336,0,0
1595800617.5064583,176.40038967132568,0,0
1595800617.5164702,178.20253372192383,0,0
1595800617.5264642,180.0014591217041,0,0
1595800617.536473,181.80304527282715,0,0
1595800617.5464714,183.6027431488037,0,0
1595800617.5564601,185.40072441101074,0,0
1595800617.566464,187.20140933990479,0,0
1595800617.5764732,189.0030813217163,0,0
1595800617.586467,190.80196380615234,0,0
1595800617.5964582,192.60037422180176,0,0
1595800617.6064627,194.40118789672852,0,0
1595800617.616455,196.19981288909912,0,0
1595800617.6264563,198.00002574920654,0,0
1595800617.6364717,199.80281352996826,0,0
1595800617.646463,201.60122394561768,0,0
1595800617.6564596,203.40062141418457,0,0
1595800617.6664631,205.20126342773438,0,0
1595800617.676463,207.00121879577637,0,0
1595800617.6864715,208.80276203155518,0,0
1595800617.6964552,210.5998420715332,0,0
1595800617.7064588,212.400484085083,0,0
1595800617.716465,214.20159816741943,0,0
1595800617.7264574,216.00022315979004,0,0
1595800617.736471,217.80266761779785,0,0
1595800617.7464726,219.60296630859375,0,0
1595800617.756461,221.4008617401123,0,0
1595800617.766471,223.20266246795654,0,0
1595800617.7764573,225.0002145767212,0,0
1595800617.7864583,226.80038452148438,0,0
1595800617.796471,228.60270023345947,0,0
1595800617.806459,230.40050983428955,0,0
1595800617.8164728,232.2029972076416,0,0
1595800617.8264616,234.00097846984863,0,0
1595800617.8364627,235.80119132995605,0,0
1595800617.8464732,237.60307788848877,0,0
1595800617.8564646,239.40153121948242,0,0
1595800617.8664598,241.2006711959839,0,0
1595800617.876465,243.00161361694336,0,0
1595800617.8864627,244.8011827468872,0,0
1595800617.8964672,246.60199642181396,0,0
1595800617.9064558,248.39993476867676,0,0
1595800617.9164598,250.20066261291504,0,0
1595800617.9264574,252.0002317428589,0,0
1595800617.9364629,253.8012170791626,0,0
1595800617.946458,255.60035705566406,0,0
1595800617.956457,257.4001407623291,0,0
1595800617.9664648,259.2015552520752,0,0
1595800617.9764683,261.002197265625,0,0
1595800617.986458,262.800350189209,0,0
1595800617.9964695,264.60240840911865,0,0
1595800618.0064647,266.4015483856201,0,0
1595800618.0164573,268.20021629333496,0,0
1595800618.026466,270.00175952911377,0,0
1595800618.0364585,271.8004274368286,0,0
1595800618.0464566,273.60008239746094,0,0
1595800618.056466,275.4017972946167,0,0
1595800618.0664573,277.2002077102661,0,0
1595800618.076469,279.00230884552,0,0
1595800618.086464,280.80140590667725,0,0
1595800618.0964622,282.6011037826538,0,0
1595800618.10646,284.4007158279419,0,0
1595800618.116468,286.202130317688,0,0
1595800618.126461,288.0008840560913,0,0
1595800618.1364734,289.80311393737793,0,0
1595800618.146468,291.6021251678467,0,0
1595800618.156457,293.40014934539795,0,0
1595800618.1664681,295.2021646499634,0,0
1595800618.176457,297.0001459121704,0,0
1595800618.186471,298.8026762008667,0,0
1595800618.1964548,300.5997562408447,0,0
1595800618.2064617,302.40099906921387,0,0
1595800618.2164571,304.20018196105957,0,0
1595800618.2264612,306.00090980529785,0,0
1595800618.2364545,307.7997064590454,0,0
1595800618.2464604,309.6007776260376,0,0
1595800618.2564688,311.40227794647217,0,0
1595800618.266456,313.19995880126953,0,0
1595800618.2764623,315.0011157989502,0,0
1595800618.2864707,316.80261611938477,0,0
1595800618.2964628,318.60119819641113,0,0
1595800618.3064709,320.40265560150146,0,0
1595800618.3164556,322.19990730285645,0,0
1595800618.3264651,324.0016222000122,0,0
1595800618.3364687,325.802264213562,0,0
1595800618.3464684,327.602219581604,0,0
1595800618.3564718,329.40281867980957,0,0
1595800618.366461,331.2008857727051,0,0
1595800618.376458,333.0003261566162,0,0
1595800618.386473,334.80302810668945,0,0
1595800618.3964722,336.60289764404297,0,0
1595800618.406459,338.4005355834961,0,0
1595800618.4164672,340.2019929885864,0,0
1595800618.4264557,341.9999313354492,0,0
1595800618.436463,343.80125999450684,0,0
1595800618.4464543,345.59967041015625,0,0
1595800618.456466,347.40177154541016,0,0
1595800618.4664624,349.2011260986328,0,0
1595800618.47647,351.00249767303467,0,0
1595800618.484778,352.4979257583618,0,0
1595800618.484778,353.24813318252563,0.004167819023132325,0
1595800618.486466,353.55197381973267,0.004167819023132325,0
1595800618.496455,355.34999799728394,0.004167819023132325,0
1595800618.5064545,357.1499104499817,0.004167819023132325,0
1595800618.516459,358.95072412490845,0.004167819023132325,0
1595800618.5222914,360,0.004167819023132325,1
1595800618.5222914,0,0,0
1595800618.532307,1.8027877807617188,0,0
1595800618.54231,3.603343963623047,0,0
1595800618.552304,5.40226936340332,0,0
1595800618.5622988,7.201323509216309,0,0
1595800618.5722964,9.000892639160156,0,0
1595800618.5822916,10.800032615661621,0,0
1595800618.592308,12.602992057800293,0,0
1595800618.6022956,14.400758743286133,0,0
1595800618.6123018,16.20187282562256,0,0
1595800618.6223044,18.00234317779541,0,0
1595800618.6323006,19.801654815673828,0,0
1595800618.6423073,21.60285472869873,0,0
1595800618.6523015,23.401823043823242,0,0
1595800618.662296,25.200834274291992,0,0
1595800618.6723018,27.00186252593994,0,0
1595800618.6822972,28.801045417785645,0,0
1595800618.6922967,30.6009578704834,0,0
1595800618.7023022,32.40194320678711,0,0
1595800618.7122936,34.20039653778076,0,0
1595800618.7222943,36.00052356719971,0,0
1595800618.732305,37.80245304107666,0,0
1595800618.742306,39.602622985839844,0,0
1595800618.7523072,41.402835845947266,0,0
1595800618.762308,43.20296287536621,0,0
1595800618.772302,45.001888275146484,0,0
1595800618.7822938,46.80042743682861,0,0
1595800618.7923083,48.60304355621338,0,0
1595800618.8023016,50.40184020996094,0,0
1595800618.8122919,52.2000789642334,0,0
1595800618.822304,54.00226593017578,0,0
1595800618.832292,55.8001184463501,0,0
1595800618.8422935,57.60037422180176,0,0
1595800618.8522954,59.400715827941895,0,0
1595800618.8622992,61.20140075683594,0,0
1595800618.872291,62.999939918518066,0,0
1595800618.882301,64.8017406463623,0,0
1595800618.8923056,66.60255432128906,0,0
1595800618.9023063,68.40268135070801,0,0
1595800618.912307,70.20280838012695,0,0
1595800618.922292,72.00010299682617,0,0
1595800618.9322913,73.79997253417969,0,0
1595800618.942304,75.60224533081055,0,0
1595800618.952305,77.40245819091797,0,0
1595800618.9622989,79.201340675354,0,0
1595800618.9722927,81.00022315979004,0,0
1595800618.9822998,82.80150890350342,0,0
1595800618.9923048,84.60240840911865,0,0
1595800619.0022967,86.40094757080078,0,0
1595800619.0123007,88.20167541503906,0,0
1595800619.022304,90.00227451324463,0,0
1595800619.0322988,91.80132865905762,0,0
1595800619.0422988,93.60132694244385,0,0
1595800619.0523005,95.40162563323975,0,0
1595800619.0623064,97.20269680023193,0,0
1595800619.0723002,99.00157928466797,0,0
1595800619.0823042,100.80230712890625,0,0
1595800619.0923023,102.60196208953857,0,0
1595800619.1023042,104.40230369567871,0,0
1595800619.112292,106.20011329650879,0,0
1595800619.1223094,108.00324440002441,0,0
1595800619.1323075,109.80289936065674,0,0
1595800619.1422968,111.60096645355225,0,0
1595800619.152302,113.40190887451172,0,0
1595800619.1622972,115.20104885101318,0,0
1595800619.1723099,117.00332164764404,0,0
1595800619.182297,118.8010025024414,0,0
1595800619.1922908,120.59988498687744,0,0
1595800619.2022977,122.40112781524658,0,0
1595800619.2123086,124.20310020446777,0,0
1595800619.2223032,126.00211143493652,0,0
1595800619.2323065,127.80271053314209,0,0
1595800619.2423055,129.60253715515137,0,0
1595800619.2523081,131.40300750732422,0,0
1595800619.2623014,133.20180416107178,0,0
1595800619.2722948,135.00060081481934,0,0
1595800619.282293,136.8002986907959,0,0
1595800619.292296,138.600811958313,0,0
1595800619.3023086,140.40308475494385,0,0
1595800619.312293,142.2002935409546,0,0
1595800619.3222935,144.0003776550293,0,0
1595800619.3322947,145.80059051513672,0,0
1595800619.3423016,147.60183334350586,0,0
1595800619.3523033,149.40213203430176,0,0
1595800619.362308,151.20298862457275,0,0
1595800619.3722906,152.9998540878296,0,0
1595800619.3822992,154.8013973236084,0,0
1595800619.392294,156.6004514694214,0,0
1595800619.4022923,158.40014934539795,0,0
1595800619.412295,160.20066261291504,0,0
1595800619.4222999,162.00151920318604,0,0
1595800619.432303,163.80207538604736,0,0
1595800619.4423075,165.60288906097412,0,0
1595800619.4523072,167.4028444290161,0,0
1595800619.462294,169.20048236846924,0,0
1595800619.4723067,171.0027551651001,0,0
1595800619.4822924,172.80017852783203,0,0
1595800619.492299,174.60137844085693,0,0
1595800619.5023026,176.40202045440674,0,0
1595800619.5123036,178.20219039916992,0,0
1595800619.5223026,180.0020170211792,0,0
1595800619.5323036,181.80218696594238,0,0
1595800619.5423067,183.6027431488037,0,0
1595800619.5523038,185.40222644805908,0,0
1595800619.5622933,187.20033645629883,0,0
1595800619.5723002,189.00157928466797,0,0
1595800619.5822992,190.80140590667725,0,0
1595800619.5922961,192.60084629058838,0,0
1595800619.6022904,194.3998146057129,0,0
1595800619.6123016,196.20182991027832,0,0
1595800619.622299,198.00135612487793,0,0
1595800619.6323006,199.80165481567383,0,0
1595800619.6422927,201.6002368927002,0,0
1595800619.6522994,203.4014368057251,0,0
1595800619.6623025,205.20199298858643,0,0
1595800619.6722977,207.0011329650879,0,0
1595800619.6822963,208.8008737564087,0,0
1595800619.6923063,210.60267448425293,0,0
1595800619.7023017,212.40185737609863,0,0
1595800619.7123055,214.20254230499268,0,0
1595800619.7222955,216.0007381439209,0,0
1595800619.732291,217.7999210357666,0,0
1595800619.7423081,219.603009223938,0,0
1595800619.7523093,221.4032220840454,0,0
1595800619.7622957,223.20077419281006,0,0
1595800619.7722914,225.0,0,0
1595800619.7822971,226.80102825164795,0,0
1595800619.7923043,228.60231399536133,0,0
1595800619.8023005,230.40162563323975,0,0
1595800619.8123033,232.20213890075684,0,0
1595800619.822298,234.00119304656982,0,0
1595800619.832307,235.8028221130371,0,0
1595800619.8422983,237.60123252868652,0,0
1595800619.8523,239.40153121948242,0,0
1595800619.8623025,241.20200157165527,0,0
1595800619.872298,243.00118446350098,0,0
1595800619.8822944,244.80053901672363,0,0
1595800619.8923018,246.60186767578125,0,0
1595800619.9022996,248.40147972106934,0,0
1595800619.9122956,250.20074844360352,0,0
1595800619.9223068,252.00276374816895,0,0
1595800619.932294,253.8004446029663,0,0
1595800619.9422953,255.60070037841797,0,0
1595800619.952297,257.40099906921387,0,0
1595800619.9623082,259.2030143737793,0,0
1595800619.972293,261.0002660751343,0,0
1595800619.9823017,262.8018522262573,0,0
1595800619.992297,264.6009922027588,0,0
1595800620.002298,266.4012050628662,0,0
1595800620.0122905,268.1998300552368,0,0
1595800620.0223002,270.0015878677368,0,0
1595800620.0323071,271.80283069610596,0,0
1595800620.0422938,273.60042572021484,0,0
1595800620.0522945,275.4005527496338,0,0
1595800620.062303,277.2020959854126,0,0
1595800620.072307,279.0028238296509,0,0
1595800620.0823002,280.8015775680542,0,0
1595800620.0922933,282.6003313064575,0,0
1595800620.1022956,284.40075874328613,0,0
1595800620.1122901,286.1997699737549,0,0
1595800620.122302,288.001914024353,0,0
1595800620.1322968,289.800968170166,0,0
1595800620.1423032,291.6021251678467,0,0
1595800620.15229,293.3997631072998,0,0
1595800620.1622965,295.20092010498047,0,0
1595800620.1723075,297.00289249420166,0,0
1595800620.182297,298.8010025024414,0,0
1595800620.1923034,300.60215950012207,0,0
1595800620.2022984,302.4012565612793,0,0
1595800620.212297,304.2009973526001,0,0
1595800620.2222965,306.00090980529785,0,0
1595800620.2322953,307.8006935119629,0,0
1595800620.242294,309.60047721862793,0,0
1595800620.2522922,311.40013217926025,0,0
1595800620.2622964,313.2009029388428,0,0
1595800620.2722905,314.99982833862305,0,0
1595800620.2822917,316.80004119873047,0,0
1595800620.2922916,318.6000394821167,0,0
1595800620.3023,320.40153980255127,0,0
1595800620.3122933,322.2003364562988,0,0
1595800620.3222952,324.00067806243896,0,0
1595800620.3323069,325.80277919769287,0,0
1595800620.3422935,327.60037422180176,0,0
1595800620.3522952,329.40067291259766,0,0
1595800620.3623025,331.2020015716553,0,0
1595800620.3722985,333.00127029418945,0,0
1595800620.3822937,334.8004102706909,0,0
1595800620.392293,336.60027980804443,0,0
1595800620.402292,338.4001064300537,0,0
1595800620.4123077,340.20293712615967,0,0
1595800620.4222908,341.999888420105,0,0
1595800620.4323008,343.8016891479492,0,0
1595800620.4423084,345.6030607223511,0,0
1595800620.4523,347.40155696868896,0,0
1595800620.462294,349.20048236846924,0,0
1595800620.4723034,351.00215435028076,0,0
1595800620.4822955,352.80073642730713,0,0
1595800620.4899008,354.16969299316406,0,0
1595800620.4899008,354.75272369384766,0.0032390594482421876,0
1595800620.4922957,355.1838083267212,0.0032390594482421876,0
1595800620.5022988,356.9843645095825,0.0032390594482421876,0
1595800620.5122979,358.7841911315918,0.0032390594482421876,0
1595800620.5190668,360,0.0032390594482421876,1
1595800620.5190668,0,0,0
1595800620.5290835,1.8030023574829102,0,0
1595800620.539083,3.602914810180664,0,0
1595800620.5490737,5.401239395141602,0,0
1595800620.559083,7.202911376953125,0,0
1595800620.5690706,9.000678062438965,0,0
1595800620.579085,10.80329418182373,0,0
1595800620.5890777,12.601962089538574,0,0
1595800620.5990791,14.402217864990234,0,0
1595800620.6090708,16.200714111328125,0,0
1595800620.619083,18.002901077270508,0,0
1595800620.6290767,19.801783561706543,0,0
1595800620.6390696,21.600494384765625,0,0
1595800620.6490712,23.400793075561523,0,0
1595800620.6590705,25.20066261291504,0,0
1595800620.669076,27.00164794921875,0,0
1595800620.6790771,28.801860809326172,0,0
1595800620.6890788,30.60215950012207,0,0
1595800620.69907,32.400569915771484,0,0
1595800620.7090812,34.202585220336914,0,0
1595800620.719083,36.00292682647705,0,0
1595800620.7290685,37.800307273864746,0,0
1595800620.7390852,39.603309631347656,0,0
1595800620.749067,41.40004634857178,0,0
1595800620.7590792,43.20223331451416,0,0
1595800620.769084,45.003089904785156,0,0
1595800620.7790692,46.80042743682861,0,0
1595800620.7890782,48.6020565032959,0,0
1595800620.7990825,50.40282726287842,0,0
1595800620.809085,52.20325469970703,0,0
1595800620.8190837,54.00303840637207,0,0
1595800620.8290741,55.80132007598877,0,0
1595800620.8390722,57.600975036621094,0,0
1595800620.8490818,59.402689933776855,0,0
1595800620.8590786,61.20213031768799,0,0
1595800620.8690686,63.00032615661621,0,0
1595800620.8790724,64.80101108551025,0,0
1595800620.8890727,66.60105228424072,0,0
1595800620.8990676,68.40014934539795,0,0
1595800620.909082,70.20272254943848,0,0
1595800620.9190748,72.00143337249756,0,0
1595800620.9290733,73.80117416381836,0,0
1595800620.9390707,75.60070037841797,0,0
1595800620.9490685,77.40031242370605,0,0
1595800620.9590826,79.20284271240234,0,0
1595800620.9690688,81.00035190582275,0,0
1595800620.9790823,82.80279636383057,0,0
1595800620.989073,84.6011209487915,0,0
1595800620.9990711,86.40077590942383,0,0
1595800621.0090709,88.20073127746582,0,0
1595800621.0190742,90.00133037567139,0,0
1595800621.0290825,91.80283069610596,0,0
1595800621.0390813,93.602614402771,0,0
1595800621.0490792,95.40222644805908,0,0
1595800621.0590663,97.19990730285645,0,0
1595800621.0690765,99.00175094604492,0,0
1595800621.0790823,100.80277919769287,0,0
1595800621.0890734,102.60118961334229,0,0
1595800621.0990841,104.40311908721924,0,0
1595800621.1090825,106.2028169631958,0,0
1595800621.1190822,108.0027723312378,0,0
1595800621.1290665,109.7999382019043,0,0
1595800621.1390812,111.6025972366333,0,0
1595800621.1490839,113.40306758880615,0,0
