Type = DelayAdvance,Function = Wang Sync Simple,Refract = 0,Coupling Strength = 0.3,Start_phase = 0
Timestamp,Phase,Offset,Ping?
1595800039.0000198,0,0,0
1595800039.010036,1.8018436431884766,0.0,0
1595800039.020042,3.602914810180664,0.0,0
1595800039.030041,5.402741432189941,0.0,0
1595800039.0400422,7.202954292297363,0.0,0
1595800039.050026,9.00003433227539,0.0,0
1595800039.0600348,10.801620483398438,0.0,0
1595800039.070038,12.602219581604004,0.0,0
1595800039.0800374,14.40208911895752,0.0,0
1595800039.0900378,16.202173233032227,0.0,0
1595800039.1000297,18.000712394714355,0.0,0
1595800039.1100416,19.8028564453125,0.0,0
1595800039.1200328,21.601266860961914,0.0,0
1595800039.1300333,23.40135097503662,0.0,0
1595800039.140033,25.201306343078613,0.0,0
1595800039.1500337,27.00143337249756,0.0,0
1595800039.1600296,28.80070209503174,0.0,0
1595800039.1700432,30.60314655303955,0.0,0
1595800039.1800315,32.401041984558105,0.0,0
1595800039.1900296,34.20069694519043,0.0,0
1595800039.2000415,36.002840995788574,0.0,0
1595800039.210037,37.80202388763428,0.0,0
1595800039.2200284,39.60047721862793,0.0,0
1595800039.2300317,41.401076316833496,0.0,0
1595800039.2400298,43.20073127746582,0.0,0
1595800039.2500298,45.00072956085205,0.0,0
1595800039.2600412,46.80278778076172,0.0,0
1595800039.2700386,48.60231399536133,0.0,0
1595800039.2800434,50.403170585632324,0.0,0
1595800039.2900352,52.20170974731445,0.0,0
1595800039.300036,54.0018367767334,0.0,0
1595800039.3100328,55.80127716064453,0.0,0
1595800039.3200283,57.600460052490234,0.0,0
1595800039.3300257,59.399986267089844,0.0,0
1595800039.3400307,61.20088577270508,0.0,0
1595800039.3500316,63.00105571746826,0.0,0
1595800039.360044,64.80328559875488,0.0,0
1595800039.3700368,66.60199642181396,0.0,0
1595800039.3800328,68.40126514434814,0.0,0
1595800039.3900273,70.2002763748169,0.0,0
1595800039.4000301,72.00078964233398,0.0,0
1595800039.4100432,73.80314826965332,0.0,0
1595800039.4200344,75.60155868530273,0.0,0
1595800039.4300346,77.4015998840332,0.0,0
1595800039.4400432,79.20314311981201,0.0,0
1595800039.4500403,81.00262641906738,0.0,0
1595800039.4600415,82.8028392791748,0.0,0
1595800039.4700272,84.60026264190674,0.0,0
1595800039.4800272,86.40026092529297,0.0,0
1595800039.4900258,88.20000171661377,0.0,0
1595800039.5000396,90.00248908996582,0.0,0
1595800039.5100338,91.80145740509033,0.0,0
1595800039.5200276,93.60033988952637,0.0,0
1595800039.5300257,95.39999485015869,0.0,0
1595800039.540032,97.20110893249512,0.0,0
1595800039.5500414,99.00282382965088,0.0,0
1595800039.5600314,100.8010196685791,0.0,0
1595800039.570031,102.60093212127686,0.0,0
1595800039.5800257,104.39998626708984,0.0,0
1595800039.590042,106.20294570922852,0.0,0
1595800039.600043,108.0031156539917,0.0,0
1595800039.6100256,109.79998111724854,0.0,0
1595800039.620038,111.60221099853516,0.0,0
1595800039.6300411,113.40276718139648,0.0,0
1595800039.6400359,115.20182132720947,0.0,0
1595800039.6500335,117.00139045715332,0.0,0
1595800039.6600296,118.80070209503174,0.0,0
1595800039.6700392,120.6024169921875,0.0,0
1595800039.6800432,122.40314483642578,0.0,0
1595800039.6900396,124.20249938964844,0.0,0
1595800039.700033,126.001296043396,0.0,0
1595800039.7100434,127.80318260192871,0.0,0
1595800039.7200296,129.60069179534912,0.0,0
1595800039.7300363,131.40189170837402,0.0,0
1595800039.740027,133.20021629333496,0.0,0
1595800039.7500262,135.00008583068848,0.0,0
1595800039.7600412,136.80278778076172,0.0,0
1595800039.7700293,138.60064029693604,0.0,0
1595800039.780035,140.40166854858398,0.0,0
1595800039.790031,142.20093727111816,0.0,0
1595800039.800041,144.0027379989624,0.0,0
1595800039.8100321,145.80114841461182,0.0,0
1595800039.8200374,147.6020908355713,0.0,0
1595800039.8300343,149.40153121948242,0.0,0
1595800039.8400364,151.2019157409668,0.0,0
1595800039.850032,153.00114154815674,0.0,0
1595800039.860042,154.80294227600098,0.0,0
1595800039.8700287,156.60053730010986,0.0,0
1595800039.8800328,158.40126514434814,0.0,0
1595800039.8900414,160.20280838012695,0.0,0
1595800039.900038,162.00220584869385,0.0,0
1595800039.9100308,163.80091667175293,0.0,0
1595800039.9200416,165.60284614562988,0.0,0
1595800039.9300332,167.40134239196777,0.0,0
1595800039.9400256,169.19996738433838,0.0,0
1595800039.950029,171.00056648254395,0.0,0
1595800039.960026,172.80004978179932,0.0,0
1595800039.9700267,174.60017681121826,0.0,0
1595800039.9800336,176.4014196395874,0.0,0
1595800039.990032,178.20111751556396,0.0,0
1595800040.0000427,180.00304698944092,0.0,0
1595800040.0100331,181.80132865905762,0.0,0
1595800040.0110734,181.98856830596924,0.0,0
1595800040.0110734,235.39199781417844,0.29668571949005124,0
1595800040.020033,237.0047135353088,0.29668571949005124,0
1595800040.0300336,238.80484056472775,0.29668571949005124,0
1595800040.0400333,240.60479593276975,0.29668571949005124,0
1595800040.0500429,242.4065108299255,0.29668571949005124,0
1595800040.060028,244.20384836196897,0.29668571949005124,0
1595800040.0700405,246.0060782432556,0.29668571949005124,0
1595800040.0800292,247.80405950546262,0.29668571949005124,0
1595800040.0900295,249.6041007041931,0.29668571949005124,0
1595800040.100031,251.40435647964475,0.29668571949005124,0
1595800040.1100335,253.2048268318176,0.29668571949005124,0
1595800040.1200309,255.0043530464172,0.29668571949005124,0
1595800040.1300254,256.803364276886,0.29668571949005124,0
1595800040.1400347,258.6050362586975,0.29668571949005124,0
1595800040.1500278,260.40378999710083,0.29668571949005124,0
1595800040.1600368,262.2054190635681,0.29668571949005124,0
1595800040.1700332,264.00477361679077,0.29668571949005124,0
1595800040.1800294,265.8040852546692,0.29668571949005124,0
1595800040.1900418,267.6063151359558,0.29668571949005124,0
1595800040.2000325,269.40463972091675,0.29668571949005124,0
1595800040.2100313,271.2044234275818,0.29668571949005124,0
1595800040.2200277,273.00377798080444,0.29668571949005124,0
1595800040.2300274,274.80373334884644,0.29668571949005124,0
1595800040.2400274,276.60373163223267,0.29668571949005124,0
1595800040.2500424,278.4064335823059,0.29668571949005124,0
1595800040.2600384,280.2057023048401,0.29668571949005124,0
1595800040.270035,282.005099773407,0.29668571949005124,0
1595800040.2800376,283.80557012557983,0.29668571949005124,0
1595800040.29004,285.60599756240845,0.29668571949005124,0
1595800040.3000286,287.40393590927124,0.29668571949005124,0
1595800040.3100386,289.2057366371155,0.29668571949005124,0
1595800040.3200305,291.0042757987976,0.29668571949005124,0
1595800040.3300357,292.8052182197571,0.29668571949005124,0
1595800040.3400326,294.6046586036682,0.29668571949005124,0
1595800040.350026,296.40345525741577,0.29668571949005124,0
1595800040.3600354,298.20517015457153,0.29668571949005124,0
1595800040.370038,300.0056405067444,0.29668571949005124,0
1595800040.3800259,301.80345010757446,0.29668571949005124,0
1595800040.3900278,303.6037917137146,0.29668571949005124,0
1595800040.4000285,305.40391874313354,0.29668571949005124,0
1595800040.4100425,307.20644903182983,0.29668571949005124,0
1595800040.4200418,309.00631856918335,0.29668571949005124,0
1595800040.430026,310.80348443984985,0.29668571949005124,0
1595800040.440041,312.6061863899231,0.29668571949005124,0
1595800040.450028,314.4038243293762,0.29668571949005124,0
1595800040.4600286,316.20395135879517,0.29668571949005124,0
1595800040.4700263,318.003520488739,0.29668571949005124,0
1595800040.4800284,319.8039050102234,0.29668571949005124,0
1595800040.4900281,321.6038603782654,0.29668571949005124,0
1595800040.500039,323.4058327674866,0.29668571949005124,0
1595800040.5100315,325.2044577598572,0.29668571949005124,0
1595800040.5200381,327.0056576728821,0.29668571949005124,0
1595800040.5300357,328.8052268028259,0.29668571949005124,0
1595800040.5400426,330.60646963119507,0.29668571949005124,0
1595800040.5500298,332.40415048599243,0.29668571949005124,0
1595800040.560029,334.20402002334595,0.29668571949005124,0
1595800040.5700343,336.0049624443054,0.29668571949005124,0
1595800040.5800247,337.8032441139221,0.29668571949005124,0
1595800040.5900261,339.6034998893738,0.29668571949005124,0
1595800040.6000297,341.4041419029236,0.29668571949005124,0
1595800040.6100354,343.20517015457153,0.29668571949005124,0
1595800040.6200345,345.0049967765808,0.29668571949005124,0
1595800040.6300328,346.8046946525574,0.29668571949005124,0
1595800040.6400363,348.6053366661072,0.29668571949005124,0
1595800040.6500335,350.40481996536255,0.29668571949005124,0
1595800040.6600327,352.20468950271606,0.29668571949005124,0
1595800040.670035,354.00507402420044,0.29668571949005124,0
1595800040.6800318,355.8045144081116,0.29668571949005124,0
1595800040.690035,357.60511350631714,0.29668571949005124,0
1595800040.7000318,359.40451097488403,0.29668571949005124,0
1595800040.70334,360,0.29668571949005124,1
1595800040.70334,0,0,0
1595800040.7133586,1.8033456802368164,0,0
1595800040.723357,3.603043556213379,0,0
1595800040.7333496,5.401711463928223,0,0
1595800040.7433455,7.200980186462402,0,0
1595800040.753341,9.000163078308105,0,0
1595800040.7633574,10.803122520446777,0,0
1595800040.7733517,12.602090835571289,0,0
1595800040.78335,14.401788711547852,0,0
1595800040.7933455,16.200971603393555,0,0
1595800040.8033557,18.00281524658203,0,0
1595800040.8133469,19.801225662231445,0,0
1595800040.823341,21.60015106201172,0,0
1595800040.8333557,23.402810096740723,0,0
1595800040.843343,25.200533866882324,0,0
1595800040.8533494,27.00169086456299,0,0
1595800040.863354,28.802504539489746,0,0
1595800040.8733492,30.60164451599121,0,0
1595800040.8833575,32.40314483642578,0,0
1595800040.8933456,34.2009973526001,0,0
1595800040.9033403,36.000051498413086,0,0
1595800040.913357,37.803053855895996,0,0
1595800040.923357,39.60305213928223,0,0
1595800040.9333584,41.40330791473389,0,0
1595800040.9433577,43.2031774520874,0,0
1595800040.9533489,45.001587867736816,0,0
1595800040.9633553,46.80274486541748,0,0
1595800040.9733508,48.601927757263184,0,0
1595800040.9833562,50.402913093566895,0,0
1595800040.993344,52.20072269439697,0,0
1595800041.0033584,54.0032958984375,0,0
1595800041.0133479,55.801405906677246,0,0
1595800041.023351,57.601962089538574,0,0
1595800041.0333517,59.40208911895752,0,0
1595800041.0433457,61.20101451873779,0,0
1595800041.053357,63.00302982330322,0,0
1595800041.0633438,64.80066776275635,0,0
1595800041.0733476,66.60135269165039,0,0
1595800041.083343,68.4005355834961,0,0
1595800041.0933404,70.2000617980957,0,0
1595800041.1033494,72.00169086456299,0,0
1595800041.113349,73.80160331726074,0,0
1595800041.1233475,75.60134410858154,0,0
1595800041.133343,77.40052700042725,0,0
1595800041.1433485,79.20151233673096,0,0
1595800041.1533396,80.99992275238037,0,0
1595800041.163342,82.80035018920898,0,0
1595800041.173352,84.60215091705322,0,0
1595800041.1833396,86.39991760253906,0,0
1595800041.1933417,88.20030212402344,0,0
1595800041.2033498,90.00175952911377,0,0
1595800041.213353,91.8023157119751,0,0
1595800041.2233515,93.6020565032959,0,0
1595800041.2333438,95.4006814956665,0,0
1595800041.2433584,97.20329761505127,0,0
1595800041.253342,99.00033473968506,0,0
1595800041.2633426,100.800461769104,0,0
1595800041.2733426,102.60046005249023,0,0
1595800041.2833552,104.4027328491211,0,0
1595800041.2933438,106.20067119598389,0,0
1595800041.3033445,108.00079822540283,0,0
1595800041.3133419,109.80032444000244,0,0
1595800041.3233457,111.60100936889648,0,0
1595800041.3333478,113.40139389038086,0,0
1595800041.3433437,115.20066261291504,0,0
1595800041.3533552,117.0027208328247,0,0
1595800041.3633428,118.80048751831055,0,0
1595800041.373347,120.60125827789307,0,0
1595800041.3833413,122.40022659301758,0,0
1595800041.39334,124.20001029968262,0,0
1595800041.4033484,126.00151062011719,0,0
1595800041.4133532,127.80236721038818,0,0
1595800041.42334,129.6000051498413,0,0
1595800041.4333584,131.4033079147339,0,0
1595800041.4433522,133.20219039916992,0,0
1595800041.4533484,135.00150203704834,0,0
1595800041.463351,136.8019723892212,0,0
1595800041.4733481,138.60145568847656,0,0
1595800041.4833465,140.40115356445312,0,0
1595800041.4933565,142.20295429229736,0,0
1595800041.503341,144.0001630783081,0,0
1595800041.5133495,145.8017063140869,0,0
1595800041.5233524,147.602219581604,0,0
1595800041.5333579,149.40320491790771,0,0
1595800041.5433412,151.20019912719727,0,0
1595800041.5533488,153.00157070159912,0,0
1595800041.5633433,154.80058193206787,0,0
1595800041.5733466,156.60118103027344,0,0
1595800041.5833497,158.40173721313477,0,0
1595800041.5933535,160.2024221420288,0,0
1595800041.6033423,162.00040340423584,0,0
1595800041.6133525,163.80224704742432,0,0
1595800041.6233556,165.60280323028564,0,0
1595800041.6333394,167.39988327026367,0,0
1595800041.6433444,169.2007827758789,0,0
1595800041.6533513,171.00202560424805,0,0
1595800041.6633475,172.80133724212646,0,0
1595800041.6733563,174.6029233932495,0,0
1595800041.68335,176.40180587768555,0,0
1595800041.6933403,178.200044631958,0,0
1595800041.7033439,180.0006866455078,0,0
1595800041.713347,181.80124282836914,0,0
1595800041.723353,183.60231399536133,0,0
1595800041.7333474,185.40132522583008,0,0
1595800041.7433522,187.20218181610107,0,0
1595800041.7533505,189.00187969207764,0,0
1595800041.7633579,190.80320835113525,0,0
1595800041.7733414,192.60024547576904,0,0
1595800041.783353,194.40234661102295,0,0
1595800041.7933416,196.20028495788574,0,0
1595800041.803352,198.00217151641846,0,0
1595800041.813358,199.80324268341064,0,0
1595800041.8233476,201.6013526916504,0,0
1595800041.8333557,203.40281009674072,0,0
1595800041.8433423,205.2004051208496,0,0
1595800041.8533483,207.0014762878418,0,0
1595800041.8633509,208.80194664001465,0,0
1595800041.8733513,210.60203075408936,0,0
1595800041.88334,212.39996910095215,0,0
1595800041.8933413,214.2002248764038,0,0
1595800041.903347,216.00125312805176,0,0
1595800041.9133558,217.8028392791748,0,0
1595800041.9233415,219.60026264190674,0,0
1595800041.9333465,221.40116214752197,0,0
1595800041.9433472,223.20128917694092,0,0
1595800041.953352,225.0021457672119,0,0
1595800041.9633486,226.8015432357788,0,0
1595800041.973341,228.6001682281494,0,0
1595800041.9833457,230.4010248184204,0,0
1595800041.9933538,232.20248222351074,0,0
1595800042.0033398,233.9999485015869,0,0
1595800042.013344,235.80071926116943,0,0
1595800042.0233476,237.60136127471924,0,0
1595800042.033344,239.4007158279419,0,0
1595800042.0433388,241.19976997375488,0,0
1595800042.0533435,243.00062656402588,0,0
1595800042.063347,244.80126857757568,0,0
1595800042.0733478,246.60139560699463,0,0
1595800042.0833478,248.40139389038086,0,0
1595800042.0933492,250.20164966583252,0,0
1595800042.1033452,252.0009183883667,0,0
1595800042.1133409,253.80014419555664,0,0
1595800042.1233459,255.60104370117188,0,0
1595800042.1333463,257.4011278152466,0,0
1595800042.1433544,259.2025852203369,0,0
1595800042.1533415,261.0002660751343,0,0
1595800042.1633425,262.80043601989746,0,0
1595800042.1733553,264.60275173187256,0,0
1595800042.1833568,266.4030075073242,0,0
1595800042.1933396,268.1999158859253,0,0
1595800042.2033396,269.9999141693115,0,0
1595800042.2133462,271.8011140823364,0,0
1595800042.2233393,273.59986782073975,0,0
1595800042.2236662,273.65870475769043,0,0
1595800042.2236662,299.5610933303833,0.14390215873718262,0
1595800042.2333455,301.30337047576904,0.14390215873718262,0
1595800042.243349,303.10401248931885,0.14390215873718262,0
1595800042.253344,304.9031095504761,0.14390215873718262,0
1595800042.2633488,306.70396614074707,0.14390215873718262,0
1595800042.2733507,308.5043077468872,0.14390215873718262,0
1595800042.2833512,310.3043918609619,0.14390215873718262,0
1595800042.2933474,312.10370349884033,0.14390215873718262,0
1595800042.3033454,313.90335845947266,0.14390215873718262,0
1595800042.313345,315.7032709121704,0.14390215873718262,0
1595800042.3233495,317.50408458709717,0.14390215873718262,0
1595800042.3333528,319.30468368530273,0.14390215873718262,0
1595800042.3433487,321.1039524078369,0.14390215873718262,0
1595800042.3533435,322.9030065536499,0.14390215873718262,0
1595800042.363355,324.70506477355957,0.14390215873718262,0
1595800042.3733566,326.50536346435547,0.14390215873718262,0
1595800042.3833482,328.30385971069336,0.14390215873718262,0
1595800042.3933535,330.10480213165283,0.14390215873718262,0
1595800042.403353,331.9047145843506,0.14390215873718262,0
1595800042.413343,333.7029104232788,0.14390215873718262,0
1595800042.4233482,335.5038528442383,0.14390215873718262,0
1595800042.4333456,337.3033790588379,0.14390215873718262,0
1595800042.443355,339.10509395599365,0.14390215873718262,0
1595800042.4533477,340.9037618637085,0.14390215873718262,0
1595800042.4633434,342.70298767089844,0.14390215873718262,0
1595800042.4733517,344.504487991333,0.14390215873718262,0
1595800042.4833481,346.30384254455566,0.14390215873718262,0
1595800042.493345,348.1032829284668,0.14390215873718262,0
1595800042.5033388,349.90216541290283,0.14390215873718262,0
1595800042.513355,351.70508193969727,0.14390215873718262,0
1595800042.5233483,353.5038785934448,0.14390215873718262,0
1595800042.53335,355.3041772842407,0.14390215873718262,0
1595800042.5433474,357.10370349884033,0.14390215873718262,0
1595800042.5533452,358.9033155441284,0.14390215873718262,0
1595800042.5594506,360,0.14390215873718262,1
1595800042.5594506,0,0,0
1595800042.5694563,1.8010282516479492,0,0
1595800042.5794518,3.6002111434936523,0,0
1595800042.5894547,5.400724411010742,0,0
1595800042.5994544,7.200679779052734,0,0
1595800042.6094573,9.001193046569824,0,0
1595800042.6194596,10.801620483398438,0,0
1595800042.6294606,12.601790428161621,0,0
1595800042.639463,14.402217864990234,0,0
1595800042.6494546,16.200714111328125,0,0
1595800042.6594582,18.00135612487793,0,0
1595800042.6694505,19.799981117248535,0,0
1595800042.679455,21.600794792175293,0,0
1595800042.6894526,23.40036392211914,0,0
1595800042.699454,25.2006196975708,0,0
1595800042.7094548,27.000746726989746,0,0
1595800042.7194564,28.801045417785645,0,0
1595800042.7294636,30.602331161499023,0,0
1595800042.739458,32.40134239196777,0,0
1595800042.7494643,34.2024564743042,0,0
1595800042.7594516,36.0001802444458,0,0
1595800042.7694666,37.80288219451904,0,0
1595800042.779455,39.6007776260376,0,0
1595800042.7894661,41.40279293060303,0,0
1595800042.7994533,43.20047378540039,0,0
1595800042.8094573,45.00120162963867,0,0
1595800042.8194551,46.80081367492676,0,0
1595800042.829451,48.60008239746094,0,0
1595800042.8394506,50.39999485015869,0,0
1595800042.8494556,52.200894355773926,0,0
1595800042.8594675,54.00303840637207,0,0
1595800042.8694608,55.80183506011963,0,0
1595800042.8794525,57.60033130645752,0,0
1595800042.8894541,59.40062999725342,0,0
1595800042.8994565,61.20105743408203,0,0
1595800042.9094524,63.00032615661621,0,0
1595800042.919451,64.80006694793701,0,0
1595800042.9294631,66.6022539138794,0,0
1595800042.939467,68.40293884277344,0,0
1595800042.9494574,70.20122051239014,0,0
1595800042.9594634,72.00229167938232,0,0
1595800042.9694648,73.80254745483398,0,0
1595800042.979468,75.60314655303955,0,0
1595800042.9894657,77.4027156829834,0,0
1595800042.9994667,79.20288562774658,0,0
1595800043.009468,81.00314140319824,0,0
1595800043.019465,82.80258178710938,0,0
1595800043.0294642,84.60245132446289,0,0
1595800043.0394547,86.40073299407959,0,0
1595800043.0494573,88.20120334625244,0,0
1595800043.0594676,90.00304698944092,0,0
1595800043.0694597,91.80162906646729,0,0
1595800043.079461,93.60188484191895,0,0
1595800043.0894513,95.4001235961914,0,0
1595800043.099465,97.20256805419922,0,0
1595800043.1094546,99.0007209777832,0,0
1595800043.1194594,100.8015775680542,0,0
1595800043.1294508,102.60003089904785,0,0
1595800043.1394658,104.4027328491211,0,0
1595800043.1494546,106.20071411132812,0,0
1595800043.159467,108.00294399261475,0,0
1595800043.1694627,109.80216979980469,0,0
1595800043.179459,111.60152435302734,0,0
1595800043.1894507,113.40002059936523,0,0
1595800043.1994512,115.20010471343994,0,0
1595800043.2094674,117.00302124023438,0,0
1595800043.219454,118.80061626434326,0,0
1595800043.2294583,120.60138702392578,0,0
1595800043.2394505,122.39996910095215,0,0
1595800043.2494526,124.20035362243652,0,0
1595800043.2594643,126.00245475769043,0,0
1595800043.269453,127.80043601989746,0,0
1595800043.279458,129.6013355255127,0,0
1595800043.2894518,131.40021800994873,0,0
1595800043.2994661,133.20279121398926,0,0
1595800043.3094568,135.0011157989502,0,0
1595800043.3194544,136.80068492889404,0,0
1595800043.329451,138.60008239746094,0,0
1595800043.3394651,140.40261268615723,0,0
1595800043.3494608,142.20183849334717,0,0
1595800043.3594584,144.00140762329102,0,0
1595800043.3694654,145.80265045166016,0,0
1595800043.3794522,147.60028839111328,0,0
1595800043.389454,149.40058708190918,0,0
1595800043.3994641,151.20243072509766,0,0
1595800043.4094565,153.00105571746826,0,0
1595800043.4194534,154.8004961013794,0,0
1595800043.4294615,156.60195350646973,0,0
1595800043.439466,158.40276718139648,0,0
1595800043.4494503,160.199933052063,0,0
1595800043.4594505,161.99997425079346,0,0
1595800043.4694538,163.80057334899902,0,0
1595800043.4794579,165.6013011932373,0,0
1595800043.4894567,167.40108489990234,0,0
1595800043.4994528,169.20039653778076,0,0
1595800043.5094562,171.00099563598633,0,0
1595800043.5194497,172.79983520507812,0,0
1595800043.529459,174.60150718688965,0,0
1595800043.5394542,176.4006471633911,0,0
1595800043.5494561,178.20098876953125,0,0
1595800043.5594604,180.00175952911377,0,0
1595800043.5694606,181.80180072784424,0,0
1595800043.579458,183.60132694244385,0,0
1595800043.5894644,185.4024839401245,0,0
1595800043.5994573,187.2011947631836,0,0
1595800043.609452,189.00024890899658,0,0
1595800043.61946,190.8017063140869,0,0
1595800043.6294658,192.60273456573486,0,0
1595800043.639458,194.40131664276123,0,0
1595800043.6494513,196.2001132965088,0,0
1595800043.6594584,198.00139904022217,0,0
1595800043.669465,199.80259895324707,0,0
1595800043.6794593,201.60156726837158,0,0
1595800043.689467,203.40293884277344,0,0
1595800043.6994677,205.20306587219238,0,0
1595800043.7094617,207.00199127197266,0,0
1595800043.7194593,208.8015604019165,0,0
1595800043.729467,210.60293197631836,0,0
1595800043.7394667,212.40288734436035,0,0
1595800043.7494538,214.20056819915771,0,0
1595800043.759456,216.0009527206421,0,0
1595800043.7694502,217.7999210357666,0,0
1595800043.779459,219.60150718688965,0,0
1595800043.7894607,221.40180587768555,0,0
1595800043.7994614,223.2019329071045,0,0
1595800043.809452,225.00025749206543,0,0
1595800043.819467,226.80295944213867,0,0
1595800043.8294501,228.59991073608398,0,0
1595800043.8394496,230.39982318878174,0,0
1595800043.8494668,232.20291137695312,0,0
1595800043.8594677,234.0030813217163,0,0
1595800043.8694556,235.8008909225464,0,0
1595800043.879457,237.60114669799805,0,0
1595800043.889452,239.40024375915527,0,0
1595800043.8994515,241.20015621185303,0,0
1595800043.9094617,243.0019998550415,0,0
1595800043.9194546,244.8007106781006,0,0
1595800043.9294512,246.60010814666748,0,0
1595800043.9394667,248.4028959274292,0,0
1595800043.949456,250.2009630203247,0,0
1595800043.9594564,252.0010471343994,0,0
1595800043.9694514,253.80014419555664,0,0
1595800043.9794497,255.5998420715332,0,0
1595800043.9894605,257.40177154541016,0,0
1595800043.9994576,259.2012548446655,0,0
1595800044.0094516,261.0001802444458,0,0
1595800044.0194614,262.8019380569458,0,0
1595800044.029455,264.6007776260376,0,0
1595800044.0394568,266.40111923217773,0,0
1595800044.0494516,268.2001733779907,0,0
1595800044.059457,270.00115871429443,0,0
1595800044.0694497,271.7998266220093,0,0
1595800044.0794508,273.6000394821167,0,0
1595800044.089458,275.4013252258301,0,0
1595800044.099457,277.20115184783936,0,0
1595800044.1094577,279.0012788772583,0,0
1595800044.1194646,280.80252170562744,0,0
1595800044.1294556,282.6008892059326,0,0
1595800044.1394663,284.40281867980957,0,0
1595800044.1494653,286.20264530181885,0,0
1595800044.1594622,288.00208568573,0,0
1595800044.16945,289.79989528656006,0,0
1595800044.1794512,291.6001081466675,0,0
1595800044.1894562,293.4010076522827,0,0
1595800044.199449,295.1997184753418,0,0
1595800044.2094631,297.0022487640381,0,0
1595800044.2194538,298.800573348999,0,0
1595800044.2294533,300.6004858016968,0,0
1595800044.2394643,302.40245819091797,0,0
1595800044.249449,304.19970989227295,0,0
1595800044.2594583,306.0013818740845,0,0
1595800044.269456,307.8009510040283,0,0
1595800044.2794538,309.6005630493164,0,0
1595800044.289466,311.4027500152588,0,0
1595800044.2994556,313.2009029388428,0,0
1595800044.3094552,315.0008153915405,0,0
1595800044.3194613,316.80192947387695,0,0
1595800044.3287842,318.48004817962646,0,0
1595800044.3287842,330.9360337257385,0.06919991970062256,0
1595800044.32945,331.0558533668518,0.06919991970062256,0
1595800044.339464,332.8583836555481,0.06919991970062256,0
1595800044.3494513,334.6561074256897,0.06919991970062256,0
1595800044.3594525,336.4563202857971,0.06919991970062256,0
1595800044.369467,338.2589364051819,0.06919991970062256,0
1595800044.379466,340.05876302719116,0.06919991970062256,0
1595800044.389463,341.8582034111023,0.06919991970062256,0
1595800044.3994653,343.6586308479309,0.06919991970062256,0
1595800044.4094598,345.45764207839966,0.06919991970062256,0
1595800044.4194505,347.2559666633606,0.06919991970062256,0
1595800044.4294577,349.057252407074,0.06919991970062256,0
1595800044.4394562,350.8569931983948,0.06919991970062256,0
1595800044.449464,352.65840768814087,0.06919991970062256,0
1595800044.459463,354.4581913948059,0.06919991970062256,0
1595800044.4694567,356.25707387924194,0.06919991970062256,0
1595800044.4794621,358.05805921554565,0.06919991970062256,0
1595800044.489461,359.8578429222107,0.06919991970062256,0
1595800044.4902573,360,0.06919991970062256,1
1595800044.4902573,0,0,0
1595800044.5002701,1.8023157119750977,0,0
1595800044.510268,3.6019277572631836,0,0
1595800044.5202715,5.402569770812988,0,0
1595800044.5302603,7.2005510330200195,0,0
1595800044.5402663,9.001622200012207,0,0
1595800044.5502574,10.800032615661621,0,0
1595800044.5602722,12.602691650390625,0,0
1595800044.5702665,14.401659965515137,0,0
1595800044.5802581,16.200156211853027,0,0
1595800044.5902693,18.002171516418457,0,0
1595800044.600273,19.80281352996826,0,0
1595800044.6102645,21.601309776306152,0,0
1595800044.6202695,23.402209281921387,0,0
1595800044.6302743,25.203065872192383,0,0
1595800044.6402652,27.00143337249756,0,0
1595800044.6502683,28.801989555358887,0,0
1595800044.660262,30.600872039794922,0,0
1595800044.6702676,32.40185737609863,0,0
1595800044.6802697,34.20224189758301,0,0
1595800044.6902688,36.002068519592285,0,0
1595800044.70027,37.80228137969971,0,0
1595800044.710267,39.60176467895508,0,0
1595800044.7202735,41.40292167663574,0,0
1595800044.7302647,43.201332092285156,0,0
1595800044.740273,45.00283241271973,0,0
1595800044.7502615,46.80077075958252,0,0
1595800044.7602673,48.60179901123047,0,0
1595800044.7702591,50.4003381729126,0,0
1595800044.7802742,52.20304012298584,0,0
1595800044.7902694,54.002180099487305,0,0
1595800044.8002694,55.802178382873535,0,0
1595800044.8102727,57.6027774810791,0,0
1595800044.8202655,59.401488304138184,0,0
1595800044.8302736,61.202945709228516,0,0
1595800044.8402593,63.00036907196045,0,0
1595800044.8502686,64.80204105377197,0,0
1595800044.8602667,66.6016960144043,0,0
1595800044.8702664,68.40165138244629,0,0
1595800044.880261,70.20066261291504,0,0
1595800044.890269,72.00212001800537,0,0
1595800044.9002576,73.80005836486816,0,0
1595800044.9102657,75.6015157699585,0,0
1595800044.9202693,77.4021577835083,0,0
1595800044.930266,79.2015552520752,0,0
1595800044.9402568,80.99992275238037,0,0
1595800044.9502625,82.80095100402832,0,0
1595800044.9602687,84.60206508636475,0,0
1595800044.9702606,86.40060424804688,0,0
1595800044.9802692,88.20214748382568,0,0
1595800044.9902694,90.00218868255615,0,0
1595800045.0002694,91.80218696594238,0,0
1595800045.0102572,93.59999656677246,0,0
1595800045.0202603,95.40055274963379,0,0
1595800045.0302625,97.20093727111816,0,0
1595800045.0402734,99.00290966033936,0,0
1595800045.050267,100.80174922943115,0,0
1595800045.0602589,102.60028839111328,0,0
1595800045.0702736,104.40294742584229,0,0
1595800045.0802584,106.20019912719727,0,0
1595800045.0902724,108.00272941589355,0,0
1595800045.100275,109.8031997680664,0,0
1595800045.110258,111.60015106201172,0,0
1595800045.1202662,113.40160846710205,0,0
1595800045.1302576,115.2000617980957,0,0
1595800045.1402617,117.00078964233398,0,0
1595800045.1502576,118.80005836486816,0,0
1595800045.1602628,120.60100078582764,0,0
1595800045.170263,122.4010419845581,0,0
1595800045.1802733,124.20288562774658,0,0
1595800045.1902673,126.00181102752686,0,0
1595800045.2002673,127.80180931091309,0,0
1595800045.210263,129.60103511810303,0,0
1595800045.2202568,131.39991760253906,0,0
1595800045.2302713,133.20253372192383,0,0
1595800045.2402723,135.002703666687,0,0
1595800045.2502577,136.8000841140747,0,0
1595800045.260275,138.6031723022461,0,0
1595800045.2702646,140.40132522583008,0,0
1595800045.2802665,142.20166683197021,0,0
1595800045.2902582,144.0001630783081,0,0
1595800045.3002594,145.80037593841553,0,0
1595800045.3102612,147.60071754455566,0,0
1595800045.3202589,149.4002866744995,0,0
1595800045.3302634,151.20110034942627,0,0
1595800045.3402612,153.00071239471436,0,0
1595800045.3502576,154.800066947937,0,0
1595800045.3602648,156.6013526916504,0,0
1595800045.3702672,158.401780128479,0,0
1595800045.3802729,160.20280838012695,0,0
1595800045.390269,162.00212001800537,0,0
1595800045.400261,163.8006591796875,0,0
1595800045.410263,165.60104370117188,0,0
1595800045.420263,167.4010419845581,0,0
1595800045.4302757,169.20331478118896,0,0
1595800045.4402602,171.0005235671997,0,0
1595800045.4502747,172.80313968658447,0,0
1595800045.4602683,174.60197925567627,0,0
1595800045.4702713,176.4025354385376,0,0
1595800045.4802642,178.20124626159668,0,0
1595800045.49026,180.00047206878662,0,0
1595800045.5002615,181.80077075958252,0,0
1595800045.510264,183.60119819641113,0,0
1595800045.5202575,185.40003776550293,0,0
1595800045.530272,187.2026538848877,0,0
1595800045.5402663,189.0016222000122,0,0
1595800045.550267,190.80174922943115,0,0
1595800045.5602694,192.60217666625977,0,0
1595800045.570265,194.4014024734497,0,0
1595800045.5802743,196.20307445526123,0,0
1595800045.5902705,198.00238609313965,0,0
1595800045.6002681,199.8019552230835,0,0
1595800045.6102564,201.59985065460205,0,0
1595800045.6202588,203.40027809143066,0,0
1595800045.6302562,205.19980430603027,0,0
1595800045.6402683,207.00199127197266,0,0
1595800045.6502676,208.80186080932617,0,0
1595800045.660265,210.60138702392578,0,0
1595800045.6702728,212.40280151367188,0,0
1595800045.6802588,214.20026779174805,0,0
1595800045.6902614,216.0007381439209,0,0
1595800045.700273,217.8028392791748,0,0
1595800045.7102692,219.60215091705322,0,0
1595800045.7202747,221.40313625335693,0,0
1595800045.7302623,223.20090293884277,0,0
1595800045.7402573,225.0,0,0
1595800045.7502568,226.79991245269775,0,0
1595800045.7602673,228.60179901123047,0,0
1595800045.770258,230.4001235961914,0,0
1595800045.780268,232.20192432403564,0,0
1595800045.7902641,234.00123596191406,0,0
1595800045.8002644,235.80127716064453,0,0
1595800045.8102646,237.601318359375,0,0
1595800045.8202586,239.40024375915527,0,0
1595800045.8302703,241.20234489440918,0,0
1595800045.840272,243.00264358520508,0,0
1595800045.8502657,244.8015260696411,0,0
1595800045.8602564,246.59985065460205,0,0
1595800045.8702602,248.4005355834961,0,0
1595800045.880261,250.20066261291504,0,0
1595800045.8902576,252.00006008148193,0,0
1595800045.9002638,253.80117416381836,0,0
1595800045.910265,255.60138702392578,0,0
1595800045.9202726,257.40275859832764,0,0
1595800045.930268,259.20194149017334,0,0
1595800045.9402618,261.0008239746094,0,0
1595800045.9502742,262.803053855896,0,0
1595800045.9602733,264.6028804779053,0,0
1595800045.9702647,266.4013338088989,0,0
1595800045.9802682,268.20197582244873,0,0
1595800045.9902668,270.00171661376953,0,0
1595800046.00027,271.80227279663086,0,0
1595800046.0102594,273.6003828048706,0,0
1595800046.0202596,275.4004240036011,0,0
1595800046.030264,277.2011947631836,0,0
1595800046.0402682,279.0019655227661,0,0
1595800046.0502703,280.8023500442505,0,0
1595800046.0602696,282.602219581604,0,0
1595800046.0702739,284.4029903411865,0,0
1595800046.080264,286.201229095459,0,0
1595800046.0902612,288.00071239471436,0,0
1595800046.1002672,289.80178356170654,0,0
1595800046.1102698,291.6022539138794,0,0
1595800046.1202645,293.4013080596924,0,0
1595800046.1302736,295.20293712615967,0,0
1595800046.140268,297.0019483566284,0,0
1595800046.1502576,298.80005836486816,0,0
1595800046.1602597,300.60044288635254,0,0
1595800046.170268,302.4019432067871,0,0
1595800046.1802664,304.2016410827637,0,0
1595800046.1902616,306.00078105926514,0,0
1595800046.200264,307.80120849609375,0,0
1595800046.210261,309.6006917953491,0,0
1595800046.2202675,311.4018487930298,0,0
1595800046.2302566,313.19987297058105,0,0
1595800046.240261,315.0006866455078,0,0
1595800046.250265,316.80137157440186,0,0
1595800046.2602682,318.6019706726074,0,0
1595800046.2702737,320.40295600891113,0,0
1595800046.2802663,322.201623916626,0,0
1595800046.2902648,324.0013647079468,0,0
1595800046.3002567,325.7999038696289,0,0
1595800046.310262,327.6008462905884,0,0
1595800046.3202562,329.3998146057129,0,0
1595800046.3302586,331.2002420425415,0,0
1595800046.340271,333.0024719238281,0,0
1595800046.3502612,334.8007106781006,0,0
1595800046.3602588,336.60027980804443,0,0
1595800046.3702629,338.4010076522827,0,0
1595800046.3802588,340.2002763748169,0,0
1595800046.3813865,340.40326595306396,0,0
1595800046.3813865,346.2822861671448,0.03266122341156006,0
1595800046.3902614,347.87976694107056,0.03266122341156006,0
1595800046.400263,349.68006563186646,0.03266122341156006,0
1595800046.4102607,351.4796347618103,0.03266122341156006,0
1595800046.4202697,353.2812638282776,0.03266122341156006,0
1595800046.4302726,355.0817770957947,0.03266122341156006,0
1595800046.440272,356.88168954849243,0.03266122341156006,0
1595800046.4502559,358.67876958847046,0.03266122341156006,0
1595800046.457608,360,0.03266122341156006,1
1595800046.457608,0,0,0
1595800046.4676168,1.8015861511230469,0,0
1595800046.4776187,3.6019277572631836,0,0
1595800046.4876237,5.402827262878418,0,0
1595800046.497626,7.203254699707031,0,0
1595800046.507622,9.002523422241211,0,0
1595800046.5176158,10.801405906677246,0,0
1595800046.5276098,12.60033130645752,0,0
1595800046.53762,14.402174949645996,0,0
1595800046.5476232,16.202731132507324,0,0
1595800046.5576234,18.002772331237793,0,0
1595800046.5676095,19.800281524658203,0,0
1595800046.577622,21.602511405944824,0,0
1595800046.5876155,23.40135097503662,0,0
1595800046.5976124,25.200791358947754,0,0
1595800046.6076188,27.001948356628418,0,0
1595800046.6176178,28.801774978637695,0,0
1595800046.6276147,30.601215362548828,0,0
1595800046.63762,32.4021577835083,0,0
1595800046.6476142,34.20112609863281,0,0
1595800046.657616,36.00142478942871,0,0
1595800046.6676095,37.80026435852051,0,0
1595800046.6776173,39.6016788482666,0,0
1595800046.6876132,41.40094757080078,0,0
1595800046.6976247,43.20300579071045,0,0
1595800046.7076228,45.00266075134277,0,0
1595800046.7176108,46.80051326751709,0,0
1595800046.7276237,48.60282897949219,0,0
1595800046.7376113,50.40059566497803,0,0
1595800046.7476163,52.20149517059326,0,0
1595800046.7576194,54.00205135345459,0,0
1595800046.7676163,55.80149173736572,0,0
1595800046.7776103,57.600417137145996,0,0
1595800046.7876132,59.400930404663086,0,0
1595800046.797621,61.20234489440918,0,0
1595800046.8076146,63.00118446350098,0,0
1595800046.817619,64.80199813842773,0,0
1595800046.8276236,66.60281181335449,0,0
1595800046.8376105,68.40044975280762,0,0
1595800046.8476233,70.20276546478271,0,0
1595800046.8576243,72.0029354095459,0,0
1595800046.8676162,73.80147457122803,0,0
1595800046.8776133,75.6009578704834,0,0
1595800046.8876133,77.40095615386963,0,0
1595800046.8976142,79.20112609863281,0,0
1595800046.907613,81.00090980529785,0,0
1595800046.917621,82.80232429504395,0,0
1595800046.9276235,84.6027946472168,0,0
1595800046.9376183,86.40184879302979,0,0
1595800046.9476078,88.19995880126953,0,0
1595800046.957622,90.00253200531006,0,0
1595800046.967625,91.80304527282715,0,0
1595800046.977611,93.60055446624756,0,0
1595800046.9876218,95.40248394012451,0,0
1595800046.9976146,97.2011947631836,0,0
1595800047.0076084,99.00007724761963,0,0
1595800047.0176184,100.80187797546387,0,0
1595800047.0276148,102.60123252868652,0,0
1595800047.037618,104.40178871154785,0,0
1595800047.0476115,106.20062828063965,0,0
1595800047.057621,108.00234317779541,0,0
1595800047.0676115,109.80062484741211,0,0
1595800047.0776243,111.6029405593872,0,0
1595800047.0876117,113.40066432952881,0,0
1595800047.097625,115.20306587219238,0,0
1595800047.10762,117.00216293334961,0,0
1595800047.1176257,118.80319118499756,0,0
1595800047.1276073,120.59988498687744,0,0
1595800047.1376226,122.40262985229492,0,0
1595800047.147619,124.20198440551758,0,0
1595800047.157608,126.00000858306885,0,0
1595800047.1676247,127.80301094055176,0,0
1595800047.1776257,129.60318088531494,0,0
1595800047.1876109,131.4005184173584,0,0
1595800047.1976118,133.20068836212158,0,0
1595800047.2076151,135.00128746032715,0,0
1595800047.2176254,136.80313110351562,0,0
1595800047.22761,138.6003828048706,0,0
1595800047.2376196,140.40209770202637,0,0
1595800047.2476225,142.20261096954346,0,0
1595800047.2576241,144.00290966033936,0,0
1595800047.2676222,145.80256462097168,0,0
1595800047.2776237,147.60282039642334,0,0
1595800047.287616,149.40144538879395,0,0
1595800047.2976112,151.2005853652954,0,0
1595800047.3076165,153.00152778625488,0,0
1595800047.317612,154.8007106781006,0,0
1595800047.3276253,156.60311222076416,0,0
1595800047.3376071,158.39984893798828,0,0
1595800047.347615,160.20126342773438,0,0
1595800047.3576193,162.0020341873169,0,0
1595800047.3676138,163.80104541778564,0,0
1595800047.3776116,165.60065746307373,0,0
1595800047.3876243,167.4029302597046,0,0
1595800047.3976235,169.2027997970581,0,0
1595800047.4076173,171.00168228149414,0,0
1595800047.417612,172.80073642730713,0,0
1595800047.4276204,174.6022367477417,0,0
1595800047.437608,176.40000343322754,0,0
1595800047.4476175,178.2017183303833,0,0
1595800047.457619,180.00197410583496,0,0
1595800047.4676192,181.80201530456543,0,0
1595800047.477608,183.59999656677246,0,0
1595800047.4876072,185.39986610412598,0,0
1595800047.4976218,187.20248222351074,0,0
1595800047.5076072,188.99986267089844,0,0
1595800047.5176103,190.80041885375977,0,0
1595800047.5276086,192.60011672973633,0,0
1595800047.5376222,194.40256118774414,0,0
1595800047.5476258,196.20320320129395,0,0
1595800047.5576215,198.0024290084839,0,0
1595800047.5676193,199.80204105377197,0,0
1595800047.5776095,201.60027980804443,0,0
1595800047.587623,203.402681350708,0,0
1595800047.597616,205.20143508911133,0,0
1595800047.6076171,207.00164794921875,0,0
1595800047.617612,208.80070209503174,0,0
1595800047.6276205,210.60224533081055,0,0
1595800047.6376193,212.4020290374756,0,0
1595800047.647609,214.20018196105957,0,0
1595800047.6576123,216.00078105926514,0,0
1595800047.667609,217.80017852783203,0,0
1595800047.6776094,219.60026264190674,0,0
1595800047.6876245,221.40296459197998,0,0
1595800047.6976168,223.2015895843506,0,0
1595800047.7076168,225.00158786773682,0,0
1595800047.71762,226.80214405059814,0,0
1595800047.7276216,228.60244274139404,0,0
1595800047.7376208,230.40231227874756,0,0
1595800047.747624,232.2028684616089,0,0
1595800047.7576084,234.00007724761963,0,0
1595800047.7676132,235.80093383789062,0,0
1595800047.7776139,237.60106086730957,0,0
1595800047.7876198,239.40213203430176,0,0
1595800047.7976096,241.20028495788574,0,0
1595800047.8076203,243.0022144317627,0,0
1595800047.8176115,244.8006248474121,0,0
1595800047.8276222,246.60255432128906,0,0
1595800047.8376193,248.40203762054443,0,0
1595800047.847621,250.20233631134033,0,0
1595800047.857622,252.00250625610352,0,0
1595800047.867622,253.80250453948975,0,0
1595800047.8776248,255.60301780700684,0,0
1595800047.8876123,257.4007844924927,0,0
1595800047.8976068,259.1997957229614,0,0
1595800047.907625,261.00305557250977,0,0
1595800047.9176223,262.8025817871094,0,0
1595800047.9276116,264.6006488800049,0,0
1595800047.9376187,266.40193462371826,0,0
1595800047.9476097,268.20030212402344,0,0
1595800047.9576175,270.00171661376953,0,0
1595800047.9676208,271.8023157119751,0,0
1595800047.9776154,273.60132694244385,0,0
1595800047.9876153,275.4013252258301,0,0
1595800047.9976153,277.2013235092163,0,0
1595800048.007619,279.0019655227661,0,0
1595800048.017615,280.80127716064453,0,0
1595800048.0276213,282.60239124298096,0,0
1595800048.0376103,284.4004154205322,0,0
1595800048.0476182,286.2018299102783,0,0
1595800048.057607,287.99981117248535,0,0
1595800048.067609,289.8001956939697,0,0
1595800048.0776072,291.59985065460205,0,0
1595800048.0876224,293.40259552001953,0,0
1595800048.0976124,295.20079135894775,0,0
1595800048.1076212,297.0023775100708,0,0
1595800048.117623,298.80271911621094,0,0
1595800048.1276186,300.60190200805664,0,0
1595800048.1376073,302.3998832702637,0,0
1595800048.1476226,304.20262813568115,0,0
1595800048.1576228,306.0026693344116,0,0
1595800048.1676164,307.8015089035034,0,0
1595800048.1776125,309.60082054138184,0,0
1595800048.187608,311.40000343322754,0,0
1595800048.1976066,313.19974422454834,0,0
1595800048.2076206,315.00227451324463,0,0
1595800048.2176166,316.8015432357788,0,0
1595800048.2276063,318.5996961593628,0,0
1595800048.2376122,320.400767326355,0,0
1595800048.247612,322.200722694397,0,0
1595800048.257618,324.00179386138916,0,0
1595800048.2676187,325.8019208908081,0,0
1595800048.2776237,327.60282039642334,0,0
1595800048.2876196,329.4020891189575,0,0
1595800048.2976217,331.2024736404419,0,0
1595800048.307613,333.0008840560913,0,0
1595800048.3176236,334.80281352996826,0,0
1595800048.3276117,336.6006660461426,0,0
1595800048.3376071,338.3998489379883,0,0
1595800048.3476243,340.20293712615967,0,0
1595800048.357611,342.00053215026855,0,0
1595800048.3676102,343.80040168762207,0,0
1595800048.377621,345.602331161499,0,0
1595800048.3876078,347.39996910095215,0,0
1595800048.397622,349.2025423049927,0,0
1595800048.4076068,350.99979400634766,0,0
1595800048.408984,351.24767303466797,0,0
1595800048.408984,353.8733711242676,0.014587211608886718,0
1595800048.4176116,355.42634868621826,0.014587211608886718,0
1595800048.4276154,357.2270336151123,0.014587211608886718,0
1595800048.4376135,359.02668857574463,0.014587211608886718,0
1595800048.443036,360,0.014587211608886718,1
1595800048.443036,0,0,0
1595800048.4530485,1.802229881286621,0,0
1595800048.4630518,3.6028289794921875,0,0
1595800048.4730523,5.4029130935668945,0,0
1595800048.4830523,7.202911376953125,0,0
1595800048.4930472,9.002008438110352,0,0
1595800048.5030403,10.800762176513672,0,0
1595800048.5130453,12.601661682128906,0,0
1595800048.5230455,14.401702880859375,0,0
1595800048.5330405,16.2007999420166,0,0
1595800048.5430467,18.001914024353027,0,0
1595800048.553051,19.802684783935547,0,0
1595800048.5630398,21.600666046142578,0,0
1595800048.5730512,23.402724266052246,0,0
1595800048.5830529,25.203022956848145,0,0
1595800048.593038,27.0003604888916,0,0
1595800048.6030412,28.80091667175293,0,0
1595800048.613051,30.60267448425293,0,0
1595800048.6230466,32.40190029144287,0,0
1595800048.633038,34.20035362243652,0,0
1595800048.6430511,36.00271224975586,0,0
1595800048.6530437,37.8013801574707,0,0
1595800048.663047,39.60197925567627,0,0
1595800048.6730394,41.400604248046875,0,0
1595800048.6830385,43.20043087005615,0,0
1595800048.693047,45.00197410583496,0,0
1595800048.7030377,46.8002986907959,0,0
1595800048.7130423,48.601112365722656,0,0
1595800048.723049,50.40231227874756,0,0
1595800048.7330422,52.20110893249512,0,0
1595800048.7430432,54.0012788772583,0,0
1595800048.753053,55.8030366897583,0,0
1595800048.7630422,57.60110378265381,0,0
1595800048.7730389,59.4005012512207,0,0
1595800048.7830484,61.202216148376465,0,0
1595800048.7930489,63.00230026245117,0,0
1595800048.8030472,64.80199813842773,0,0
1595800048.8130388,66.60049438476562,0,0
1595800048.8230422,68.40109348297119,0,0
1595800048.833041,70.20087718963623,0,0
1595800048.843054,72.00323581695557,0,0
1595800048.8530462,73.80181789398193,0,0
1595800048.8630524,75.60293197631836,0,0
1595800048.8730507,77.40262985229492,0,0
1595800048.883039,79.20052528381348,0,0
1595800048.8930514,81.0027551651001,0,0
1595800048.903044,82.80142307281494,0,0
1595800048.913041,84.60090637207031,0,0
1595800048.9230452,86.4016342163086,0,0
1595800048.9330454,88.20167541503906,0,0
1595800048.943049,90.00231742858887,0,0
1595800048.9530425,91.80115699768066,0,0
1595800048.9630396,93.60064029693604,0,0
1595800048.973044,95.40141105651855,0,0
1595800048.9830446,97.2015380859375,0,0
1595800048.9930537,99.00316715240479,0,0
1595800049.0030468,100.8019208908081,0,0
1595800049.0130439,102.60140419006348,0,0
1595800049.0230412,104.40093040466309,0,0
1595800049.0330489,106.20230197906494,0,0
1595800049.0430398,108.00066947937012,0,0
1595800049.0530546,109.80332851409912,0,0
1595800049.0630407,111.60083770751953,0,0
1595800049.0730393,113.40057849884033,0,0
1595800049.083044,115.20143508911133,0,0
1595800049.0930514,117.00276374816895,0,0
1595800049.1030378,118.8003158569336,0,0
1595800049.1130495,120.6024169921875,0,0
1595800049.1230416,122.40099906921387,0,0
1595800049.1330528,124.2030143737793,0,0
1595800049.1430454,126.00168228149414,0,0
1595800049.153041,127.80086517333984,0,0
1595800049.1630414,129.60094928741455,0,0
1595800049.1730478,131.40210628509521,0,0
1595800049.1830373,133.20021629333496,0,0
1595800049.193052,135.00287532806396,0,0
1595800049.2030368,136.80012702941895,0,0
1595800049.2130399,138.60068321228027,0,0
1595800049.223041,140.4008960723877,0,0
1595800049.2330537,142.20316886901855,0,0
1595800049.2430408,144.00084972381592,0,0
1595800049.2530465,145.80187797546387,0,0
1595800049.2630439,147.60140419006348,0,0
1595800049.2730474,149.40204620361328,0,0
1595800049.2830434,151.20131492614746,0,0
1595800049.2930367,153.00011157989502,0,0
1595800049.3030436,154.80135440826416,0,0
1595800049.3130424,156.6011381149292,0,0
1595800049.3230386,158.40044975280762,0,0
1595800049.333052,160.2028512954712,0,0
1595800049.3430529,162.00302124023438,0,0
1595800049.353046,163.8017749786377,0,0
1595800049.3630428,165.60121536254883,0,0
1595800049.3730438,167.401385307312,0,0
1595800049.383039,169.20052528381348,0,0
1595800049.393052,171.0028839111328,0,0
1595800049.403042,172.80107975006104,0,0
1595800049.413044,174.60142135620117,0,0
1595800049.423036,176.40000343322754,0,0
1595800049.4330366,178.20008754730225,0,0
1595800049.4430425,180.00115871429443,0,0
1595800049.4530451,181.80162906646729,0,0
1595800049.463042,183.60106945037842,0,0
1595800049.473037,185.40016651153564,0,0
1595800049.483043,187.20123767852783,0,0
1595800049.4930384,189.00042057037354,0,0
1595800049.503053,190.8030366897583,0,0
1595800049.5130475,192.60204792022705,0,0
1595800049.523038,194.40032958984375,0,0
1595800049.5330448,196.2015724182129,0,0
1595800049.5430362,198.00002574920654,0,0
1595800049.5530353,199.79985237121582,0,0
1595800049.5630534,201.60311222076416,0,0
1595800049.5730517,203.40281009674072,0,0
1595800049.5830507,205.20263671875,0,0
1595800049.5930438,207.00139045715332,0,0
1595800049.603048,208.80216121673584,0,0
1595800049.6130524,210.60293197631836,0,0
1595800049.623043,212.4012565612793,0,0
1595800049.63305,214.20249938964844,0,0
1595800049.6430404,216.00078105926514,0,0
1595800049.653044,217.80142307281494,0,0
1595800049.6630485,219.6022367477417,0,0
1595800049.6730397,221.4006471633911,0,0
1595800049.683046,223.20180416107178,0,0
1595800049.6930368,225.00012874603271,0,0
1595800049.7030535,226.80313110351562,0,0
1595800049.713047,228.60197067260742,0,0
1595800049.7230394,230.40059566497803,0,0
1595800049.7330358,232.19995021820068,0,0
1595800049.7430513,234.0027379989624,0,0
1595800049.753043,235.8012342453003,0,0
1595800049.76305,237.60251998901367,0,0
1595800049.7730396,239.40062999725342,0,0
1595800049.783047,241.20195865631104,0,0
1595800049.7930517,243.00281524658203,0,0
1595800049.8030536,244.80315685272217,0,0
1595800049.813036,246.59997940063477,0,0
1595800049.8230443,248.40147972106934,0,0
1595800049.8330424,250.20113468170166,0,0
1595800049.8430498,252.00246334075928,0,0
1595800049.853051,253.8026762008667,0,0
1595800049.863053,255.60306072235107,0,0
1595800049.8730433,257.40129947662354,0,0
1595800049.8830354,259.1998815536499,0,0
1595800049.893038,261.00035190582275,0,0
1595800049.9030519,262.8028392791748,0,0
1595800049.9130487,264.60227966308594,0,0
1595800049.9230535,266.40313625335693,0,0
1595800049.933038,268.2003450393677,0,0
1595800049.943045,270.0015878677368,0,0
1595800049.9530365,271.8000841140747,0,0
1595800049.9630518,273.6028289794922,0,0
1595800049.9730465,275.4018831253052,0,0
1595800049.9830408,277.2008514404297,0,0
1595800049.9930348,278.99977684020996,0,0
1595800050.0030446,280.80153465270996,0,0
1595800050.0130403,282.6007604598999,0,0
1595800050.02304,284.4007158279419,0,0
1595800050.0330503,286.20255947113037,0,0
1595800050.0430486,288.00225734710693,0,0
1595800050.0530517,289.80281352996826,0,0
1595800050.0630496,291.60242557525635,0,0
1595800050.0730455,293.4016942977905,0,0
1595800050.0830474,295.20203590393066,0,0
1595800050.0930464,297.00186252593994,0,0
1595800050.1030455,298.8016891479492,0,0
1595800050.1130364,300.6000566482544,0,0
1595800050.1230345,302.3997116088867,0,0
1595800050.1330488,304.20228481292725,0,0
1595800050.143046,306.0017681121826,0,0
1595800050.1530411,307.8009080886841,0,0
1595800050.163041,309.6009063720703,0,0
1595800050.173038,311.40034675598145,0,0
1595800050.1830451,313.2016324996948,0,0
1595800050.193041,315.000901222229,0,0
1595800050.2030458,316.8017578125,0,0
1595800050.2130518,318.6028289794922,0,0
1595800050.223045,320.40162563323975,0,0
1595800050.2330515,322.2027826309204,0,0
1595800050.2430365,324.00007724761963,0,0
1595800050.2530417,325.8010196685791,0,0
1595800050.2630422,327.6011037826538,0,0
1595800050.2730346,329.3997287750244,0,0
1595800050.283042,331.20105743408203,0,0
1595800050.2930467,333.001914024353,0,0
1595800050.3030522,334.80289936065674,0,0
1595800050.3130417,336.6010093688965,0,0
1595800050.3230464,338.4018659591675,0,0
1595800050.333052,340.2028512954712,0,0
1595800050.343046,342.00177669525146,0,0
1595800050.3530354,343.7998867034912,0,0
1595800050.363049,345.602331161499,0,0
1595800050.3730383,347.40039825439453,0,0
1595800050.3830483,349.20219898223877,0,0
1595800050.3930464,351.0018539428711,0,0
1595800050.4030447,352.80155181884766,0,0
1595800050.4130356,354.59991931915283,0,0
1595800050.422845,356.36558532714844,0,0
1595800050.422845,357.4559097290039,0.006057357788085937,0
1595800050.423041,357.491229057312,0.006057357788085937,0
1595800050.4330442,359.29178524017334,0.006057357788085937,0
1595800050.4369872,360,0.006057357788085937,1
1595800050.4369872,0,0,0
1595800050.4470022,1.8027019500732422,0,0
1595800050.4569979,3.6019277572631836,0,0
1595800050.4669971,5.401797294616699,0,0
1595800050.476991,7.200679779052734,0,0
1595800050.4869883,9.000205993652344,0,0
1595800050.4970043,10.803079605102539,0,0
1595800050.5069885,12.600245475769043,0,0
1595800050.5170019,14.402647018432617,0,0
1595800050.5269926,16.200971603393555,0,0
1595800050.5370007,18.002429008483887,0,0
1595800050.5469909,19.800667762756348,0,0
1595800050.5570047,21.6031551361084,0,0
1595800050.567001,23.402509689331055,0,0
1595800050.5770016,25.20259380340576,0,0
1595800050.586994,27.001218795776367,0,0
1595800050.5969996,28.802247047424316,0,0
1595800050.6070006,30.6024169921875,0,0
1595800050.6169999,32.402286529541016,0,0
1595800050.627002,34.20267105102539,0,0
1595800050.6369991,36.00215435028076,0,0
1595800050.6469917,37.800822257995605,0,0
1595800050.6570015,39.602580070495605,0,0
1595800050.6669962,41.401634216308594,0,0
1595800050.6769986,43.20206165313721,0,0
1595800050.686994,45.00124454498291,0,0
1595800050.6969934,46.801114082336426,0,0
1595800050.7069948,48.601369857788086,0,0
1595800050.7170005,50.402398109436035,0,0
1595800050.7269876,52.2000789642334,0,0
1595800050.7369962,54.00162220001221,0,0
1595800050.747,55.80230712890625,0,0
1595800050.7570045,57.60312080383301,0,0
1595800050.7670047,59.40316200256348,0,0
1595800050.7770033,61.20290279388428,0,0
1595800050.787004,63.00302982330322,0,0
1595800050.7970037,64.80298519134521,0,0
1595800050.8070023,66.60272598266602,0,0
1595800050.8169982,68.4019947052002,0,0
1595800050.8270004,70.20237922668457,0,0
1595800050.836999,72.00212001800537,0,0
1595800050.8469942,73.80125999450684,0,0
1595800050.856997,75.60177326202393,0,0
1595800050.867,77.40232944488525,0,0
1595800050.8769875,79.20005321502686,0,0
1595800050.887,81.00232601165771,0,0
1595800050.8969972,82.80180931091309,0,0
1595800050.9069877,84.60009098052979,0,0
1595800050.9170008,86.40244960784912,0,0
1595800050.9269986,88.2020616531372,0,0
1595800050.9369998,90.00227451324463,0,0
1595800050.947,91.8023157119751,0,0
1595800050.957,93.60231399536133,0,0
1595800050.9669883,95.40020942687988,0,0
1595800050.9769866,97.19990730285645,0,0
1595800050.9870021,99.00269508361816,0,0
1595800050.9969966,100.80170631408691,0,0
1595800051.0069952,102.60144710540771,0,0
1595800051.016987,104.39998626708984,0,0
1595800051.0269983,106.20200157165527,0,0
1595800051.0369933,108.0010986328125,0,0
1595800051.046994,109.80122566223145,0,0
1595800051.0570042,111.60306930541992,0,0
1595800051.0670042,113.40306758880615,0,0
1595800051.0769894,115.20040512084961,0,0
1595800051.0869982,117.00199127197266,0,0
1595800051.0969973,118.80181789398193,0,0
1595800051.1069996,120.60224533081055,0,0
1595800051.1170053,122.4032735824585,0,0
1595800051.1269932,124.20108318328857,0,0
1595800051.1369908,126.00065231323242,0,0
1595800051.146999,127.80210971832275,0,0
1595800051.1570044,129.60309505462646,0,0
1595800051.1669874,131.40004634857178,0,0
1595800051.1769888,133.20030212402344,0,0
1595800051.1869943,135.00128746032715,0,0
1595800051.1970036,136.80295944213867,0,0
1595800051.2069995,138.60222816467285,0,0
1595800051.2170024,140.40274143218994,0,0
1595800051.226988,142.20016479492188,0,0
1595800051.2369905,144.0005922317505,0,0
1595800051.2469993,145.80217838287354,0,0
1595800051.256999,147.60213375091553,0,0
1595800051.2669897,149.40045833587646,0,0
1595800051.2769885,151.2002420425415,0,0
1595800051.2870007,153.0024290084839,0,0
1595800051.2969975,154.80186939239502,0,0
1595800051.3069954,156.6014814376831,0,0
1595800051.316989,158.4003210067749,0,0
1595800051.3269956,160.2015209197998,0,0
1595800051.336999,162.00212001800537,0,0
1595800051.3469968,163.80173206329346,0,0
1595800051.3570013,165.60254573822021,0,0
1595800051.3669899,167.400484085083,0,0
1595800051.376999,169.2021131515503,0,0
1595800051.3869963,171.0016393661499,0,0
1595800051.3969936,172.8011655807495,0,0
1595800051.406999,174.60215091705322,0,0
1595800051.4170039,176.40300750732422,0,0
1595800051.4269867,178.1999158859253,0,0
1595800051.4369864,179.99987125396729,0,0
1595800051.4470005,181.80240154266357,0,0
1595800051.4569895,183.60042572021484,0,0
1595800051.4670002,185.4023551940918,0,0
1595800051.4770029,187.20282554626465,0,0
1595800051.4869928,189.00102138519287,0,0
1595800051.4969993,190.80217838287354,0,0
1595800051.5069869,192.59994506835938,0,0
1595800051.5169861,194.3998146057129,0,0
1595800051.5269945,196.20131492614746,0,0
1595800051.5369873,198.00002574920654,0,0
1595800051.5469944,199.80131149291992,0,0
1595800051.5569942,201.6012668609619,0,0
1595800051.5669954,203.40147972106934,0,0
1595800051.5769866,205.19989013671875,0,0
1595800051.5870008,207.00246334075928,0,0
1595800051.5970027,208.8028049468994,0,0
1595800051.6069984,210.60203075408936,0,0
1595800051.6169891,212.4003553390503,0,0
1595800051.626988,214.20013904571533,0,0
1595800051.6369903,216.00056648254395,0,0
1595800051.646986,217.7997922897339,0,0
1595800051.6569874,219.60004806518555,0,0
1595800051.6670032,221.4028787612915,0,0
1595800051.6769917,223.2008171081543,0,0
1595800051.6869981,225.00197410583496,0,0
1595800051.6969934,226.80111408233643,0,0
1595800051.706999,228.60214233398438,0,0
1595800051.7169878,230.4001235961914,0,0
1595800051.7269917,232.20080852508545,0,0
1595800051.7369967,234.00170803070068,0,0
1595800051.7469928,235.8010196685791,0,0
1595800051.756995,237.60140419006348,0,0
1595800051.7670014,239.40256118774414,0,0
1595800051.7770026,241.20277404785156,0,0
1595800051.7870018,243.00264358520508,0,0
1595800051.796995,244.8013973236084,0,0
1595800051.8069863,246.59985065460205,0,0
1595800051.8170035,248.40293884277344,0,0
1595800051.8269997,250.20225048065186,0,0
1595800051.8370023,252.0027208328247,0,0
1595800051.847002,253.8026762008667,0,0
1595800051.856989,255.60031414031982,0,0
1595800051.8669927,257.40099906921387,0,0
1595800051.8769858,259.1997528076172,0,0
1595800051.887001,261.00249767303467,0,0
1595800051.8969939,262.80120849609375,0,0
1595800051.9069874,264.60004806518555,0,0
1595800051.9169867,266.39991760253906,0,0
1595800051.9269884,268.20021629333496,0,0
1595800051.9369903,270.0005578994751,0,0
1595800051.946992,271.800856590271,0,0
1595800051.9569862,273.5998249053955,0,0
1595800051.9669971,275.4017972946167,0,0
1595800051.97699,277.2005081176758,0,0
1595800051.9869888,279.0002918243408,0,0
1595800051.996988,280.80016136169434,0,0
1595800052.0070024,282.60273456573486,0,0
1595800052.0169995,284.40221786499023,0,0
1595800052.026999,286.202130317688,0,0
1595800052.0370028,288.00281524658203,0,0
1595800052.0469937,289.8011827468872,0,0
1595800052.0569942,291.6012668609619,0,0
1595800052.0669994,293.4022092819214,0,0
1595800052.0769951,295.2014350891113,0,0
1595800052.0870032,297.00289249420166,0,0
1595800052.0970025,298.8027620315552,0,0
1595800052.1069996,300.60224533081055,0,0
1595800052.116989,302.40031242370605,0,0
1595800052.1269958,304.2015552520752,0,0
1595800052.1370025,306.0027551651001,0,0
1595800052.1469977,307.80189514160156,0,0
1595800052.156996,309.6015930175781,0,0
1595800052.167003,311.40283584594727,0,0
1595800052.1770046,313.20313453674316,0,0
1595800052.1869884,315.0002145767212,0,0
1595800052.1969948,316.80137157440186,0,0
1595800052.2070029,318.6028289794922,0,0
1595800052.217001,320.4024839401245,0,0
1595800052.2269967,322.20170974731445,0,0
1595800052.2369902,324.00054931640625,0,0
1595800052.2470036,325.8029508590698,0,0
1595800052.2569904,327.60058879852295,0,0
1595800052.2670007,329.4024324417114,0,0
1595800052.2770035,331.2029457092285,0,0
1595800052.2870028,333.00281524658203,0,0
1595800052.2969892,334.8003673553467,0,0
1595800052.3069875,336.60006523132324,0,0
1595800052.316997,338.401780128479,0,0
1595800052.3270037,340.2029800415039,0,0
1595800052.3369954,342.0014762878418,0,0
1595800052.3469996,343.8022470474243,0,0
1595800052.3570004,345.60237407684326,0,0
1595800052.3669891,347.4003553390503,0,0
1595800052.376986,349.1997957229614,0,0
1595800052.3869865,350.99987983703613,0,0
1595800052.3970013,352.80253887176514,0,0
1595800052.4069912,354.60073471069336,0,0
1595800052.4169989,356.4021062850952,0,0
1595800052.427001,358.2024908065796,0,0
1595800052.4316983,359.0480089187622,0,0
1595800052.4316983,359.33360624313354,0.0015866518020629882,0
1595800052.4354007,360,0.0015866518020629882,1
1595800052.4354007,0,0,0
1595800052.4454103,1.8017148971557617,0,0
1595800052.455413,3.6022281646728516,0,0
1595800052.4654078,5.40128231048584,0,0
1595800052.4754138,7.202353477478027,0,0
1595800052.485417,9.002909660339355,0,0
1595800052.495402,10.800247192382812,0,0
1595800052.5054114,12.601919174194336,0,0
1595800052.5154145,14.402475357055664,0,0
1595800052.525413,16.202216148376465,0,0
1595800052.5354168,18.002901077270508,0,0
1595800052.545418,19.80311393737793,0,0
1595800052.5554128,21.602168083190918,0,0
1595800052.5654025,23.400321006774902,0,0
1595800052.5754192,25.203323364257812,0,0
1595800052.5854099,27.00164794921875,0,0
1595800052.5954096,28.801603317260742,0,0
1595800052.6054015,30.60014247894287,0,0
1595800052.6154058,32.40091323852539,0,0
1595800052.6254013,34.200096130371094,0,0
1595800052.6354191,36.003313064575195,0,0
1595800052.6454115,37.8019380569458,0,0
1595800052.6554193,39.603352546691895,0,0
1595800052.6654148,41.4025354385376,0,0
1595800052.6754072,43.2011604309082,0,0
1595800052.68541,45.00167369842529,0,0
1595800052.6954148,46.80253028869629,0,0
1595800052.7054183,48.603172302246094,0,0
1595800052.7154007,50.39999485015869,0,0
1595800052.725408,52.20132350921631,0,0
1595800052.7354028,54.0003776550293,0,0
1595800052.7454054,55.80084800720215,0,0
1595800052.7554123,57.60209083557129,0,0
1595800052.7654052,59.40080165863037,0,0
1595800052.7754025,61.20032787322998,0,0
1595800052.785407,63.00114154815674,0,0
1595800052.7954104,64.8017406463623,0,0
1595800052.8054101,66.6016960144043,0,0
1595800052.8154023,68.40027809143066,0,0
1595800052.82541,70.20164966583252,0,0
1595800052.8354023,72.00027465820312,0,0
1595800052.8454027,73.80035877227783,0,0
1595800052.8554025,75.60031414031982,0,0
1595800052.8654048,77.40074157714844,0,0
1595800052.8754122,79.20207023620605,0,0
1595800052.8854046,81.00069522857666,0,0
1595800052.8954089,82.80146598815918,0,0
1595800052.9054163,84.6027946472168,0,0
1595800052.9154017,86.40017509460449,0,0
1595800052.9254103,88.2017183303833,0,0
1595800052.9354165,90.00283241271973,0,0
1595800052.9454067,91.80107116699219,0,0
1595800052.9554017,93.60016822814941,0,0
1595800052.9654055,95.40085315704346,0,0
1595800052.9754167,97.20286846160889,0,0
1595800052.985413,99.00222301483154,0,0
1595800052.9954033,100.800461769104,0,0
1595800053.0054002,102.59990215301514,0,0
1595800053.0154173,104.40299034118652,0,0
1595800053.02541,106.20165824890137,0,0
1595800053.0354178,108.00307273864746,0,0
1595800053.045415,109.80255603790283,0,0
1595800053.0554156,111.60268306732178,0,0
1595800053.0654113,113.40190887451172,0,0
1595800053.0754087,115.20143508911133,0,0
1595800053.085409,117.0014762878418,0,0
1595800053.095405,118.80078792572021,0,0
1595800053.1054108,120.60181617736816,0,0
1595800053.115416,122.40275859832764,0,0
1595800053.12541,124.20168399810791,0,0
1595800053.1354072,126.00116729736328,0,0
1595800053.1454072,127.80116558074951,0,0
1595800053.1554134,129.60227966308594,0,0
1595800053.1654086,131.4014196395874,0,0
1595800053.1754189,133.20326328277588,0,0
1595800053.1854022,135.00025749206543,0,0
1595800053.1954055,136.800856590271,0,0
1595800053.2054005,138.59995365142822,0,0
1595800053.2154143,140.40244102478027,0,0
1595800053.22541,142.20166683197021,0,0
1595800053.2354102,144.00170803070068,0,0
1595800053.245405,145.80076217651367,0,0
1595800053.2554183,147.60316371917725,0,0
1595800053.2654083,149.40135955810547,0,0
1595800053.275412,151.2020444869995,0,0
1595800053.2854044,153.00066947937012,0,0
1595800053.295418,154.80311393737793,0,0
1595800053.3054187,156.60324096679688,0,0
1595800053.3154066,158.40105056762695,0,0
1595800053.3254175,160.20302295684814,0,0
1595800053.3354177,162.0030641555786,0,0
1595800053.3454125,163.8021183013916,0,0
1595800053.355411,165.6018590927124,0,0
1595800053.365415,167.40258693695068,0,0
1595800053.3754072,169.20116901397705,0,0
1595800053.3854053,171.00082397460938,0,0
1595800053.3954115,172.8019380569458,0,0
1595800053.4054124,174.60210800170898,0,0
1595800053.4154084,176.40137672424316,0,0
1595800053.4254103,178.2017183303833,0,0
1595800053.435413,180.00218868255615,0,0
1595800053.4454036,181.8005132675171,0,0
1595800053.4554026,183.60033988952637,0,0
1595800053.4654088,185.4014539718628,0,0
1595800053.4754128,187.20218181610107,0,0
1595800053.485411,189.0018367767334,0,0
1595800053.495406,190.80093383789062,0,0
1595800053.505408,192.601318359375,0,0
1595800053.5154035,194.4005012512207,0,0
1595800053.5254135,196.20230197906494,0,0
1595800053.5354066,198.00105571746826,0,0
1595800053.545414,199.80238437652588,0,0
1595800053.5554168,201.60289764404297,0,0
1595800053.565412,203.40203762054443,0,0
1595800053.5754097,205.20160675048828,0,0
1595800053.5854042,207.00061798095703,0,0
1595800053.5954044,208.8006591796875,0,0
1595800053.6054065,210.60104370117188,0,0
1595800053.6154068,212.40108489990234,0,0
1595800053.6254091,214.20151233673096,0,0
1595800053.6354096,216.00159645080566,0,0
1595800053.6454055,217.80086517333984,0,0
1595800053.6554127,219.60215091705322,0,0
1595800053.665406,221.40094757080078,0,0
1595800053.6754026,223.20034503936768,0,0
1595800053.6854033,225.00047206878662,0,0
1595800053.6954062,226.8009853363037,0,0
1595800053.7054179,228.60308647155762,0,0
1595800053.715415,230.402569770813,0,0
1595800053.7254,232.1998643875122,0,0
1595800053.7354062,234.00097846984863,0,0
1595800053.745403,235.80041885375977,0,0
1595800053.7554076,237.60123252868652,0,0
1595800053.7654083,239.40135955810547,0,0
1595800053.7754161,241.20277404785156,0,0
1595800053.785405,243.0007553100586,0,0
1595800053.795405,244.80075359344482,0,0
1595800053.8054144,246.6024684906006,0,0
1595800053.815405,248.40075016021729,0,0
1595800053.8254037,250.20053386688232,0,0
1595800053.8354032,252.00044631958008,0,0
1595800053.845402,253.80023002624512,0,0
1595800053.8554075,255.60121536254883,0,0
1595800053.8654034,257.400484085083,0,0
1595800053.875411,259.20185565948486,0,0
1595800053.8854096,261.00159645080566,0,0
1595800053.895416,262.8027534484863,0,0
1595800053.9054167,264.6028804779053,0,0
1595800053.9154086,266.4014196395874,0,0
1595800053.9254167,268.20287704467773,0,0
1595800053.9354122,270.00205993652344,0,0
1595800053.9454052,271.80081367492676,0,0
1595800053.9554002,273.599910736084,0,0
1595800053.9653995,275.3997802734375,0,0
1595800053.975416,277.2027397155762,0,0
1595800053.985414,279.0023946762085,0,0
1595800053.995415,280.8025646209717,0,0
1595800054.005406,282.60093212127686,0,0
1595800054.0154092,284.4015312194824,0,0
1595800054.0254152,286.2026023864746,0,0
1595800054.0354087,288.0014419555664,0,0
1595800054.0454018,289.8001956939697,0,0
1595800054.0554173,291.60298347473145,0,0
1595800054.0654159,293.40272426605225,0,0
1595800054.0754173,295.2029800415039,0,0
1595800054.085412,297.0020341873169,0,0
1595800054.095401,298.80005836486816,0,0
1595800054.1054044,300.60065746307373,0,0
1595800054.1154063,302.40099906921387,0,0
1595800054.125414,304.2023706436157,0,0
1595800054.1354017,306.0001802444458,0,0
1595800054.1454043,307.80065059661865,0,0
1595800054.1554027,309.6003484725952,0,0
1595800054.1654043,311.4006471633911,0,0
1595800054.1754012,313.20008754730225,0,0
1595800054.1854055,315.00085830688477,0,0
1595800054.195401,316.80004119873047,0,0
1595800054.2054121,318.6020565032959,0,0
1595800054.2154105,320.40175437927246,0,0
1595800054.2254043,322.2006368637085,0,0
1595800054.2354164,324.0028238296509,0,0
1595800054.2454095,325.8015775680542,0,0
1595800054.2554,327.5998592376709,0,0
1595800054.2654064,329.40101623535156,0,0
1595800054.2754061,331.20097160339355,0,0
1595800054.2854085,333.00139904022217,0,0
1595800054.2954066,334.8010540008545,0,0
1595800054.305402,336.6002368927002,0,0
1595800054.3154154,338.40263843536377,0,0
1595800054.3254054,340.200834274292,0,0
1595800054.3354166,342.0028495788574,0,0
1595800054.3454158,343.80271911621094,0,0
1595800054.3554008,345.60001373291016,0,0
1595800054.3653998,347.39984035491943,0,0
1595800054.3754127,349.20215606689453,0,0
1595800054.3854167,351.0028839111328,0,0
1595800054.3954084,352.8013801574707,0,0
1595800054.4054158,354.6027088165283,0,0
1595800054.4154,356.3998746871948,0,0
1595800054.4254005,358.19995880126953,0,0
1595800054.4353988,359.9996566772461,0,0
1595800054.435421,360,0,1
1595800054.435421,0,0,0
1595800054.4368167,0.25122642517089844,0,0
1595800054.4368167,0.1758584976196289,-0.0004187107086181641,0
1595800054.445425,1.725359916687012,-0.0004187107086181641,0
1595800054.455433,3.5267744064331055,-0.0004187107086181641,0
1595800054.465424,5.3251848220825195,-0.0004187107086181641,0
1595800054.4754283,7.125955581665038,-0.0004187107086181641,0
1595800054.4854248,8.925310134887695,-0.0004187107086181641,0
1595800054.4954326,10.726724624633789,-0.0004187107086181641,0
1595800054.5054321,12.526637077331543,-0.0004187107086181641,0
1595800054.5154357,14.327279090881348,-0.0004187107086181641,0
1595800054.525433,16.126805305480957,-0.0004187107086181641,0
1595800054.5354295,17.926159858703613,-0.0004187107086181641,0
1595800054.5454285,19.72598648071289,-0.0004187107086181641,0
1595800054.5554307,21.526371002197266,-0.0004187107086181641,0
1595800054.5654392,23.327914237976078,-0.0004187107086181641,0
1595800054.575425,25.12533760070801,-0.0004187107086181641,0
1595800054.5854325,26.926709175109867,-0.0004187107086181641,0
1595800054.5954235,28.725076675415043,-0.0004187107086181641,0
1595800054.6054332,30.526834487915043,-0.0004187107086181641,0
1595800054.6154225,32.32490158081055,-0.0004187107086181641,0
1595800054.6254208,34.12459945678711,-0.0004187107086181641,0
1595800054.6354384,35.92777347564697,-0.0004187107086181641,0
1595800054.6454237,37.72511100769043,-0.0004187107086181641,0
1595800054.6554258,39.525495529174805,-0.0004187107086181641,0
1595800054.6654327,41.326738357543945,-0.0004187107086181641,0
1595800054.6754215,43.12471961975098,-0.0004187107086181641,0
1595800054.6854298,44.92621994018555,-0.0004187107086181641,0
1595800054.6954298,46.72621822357178,-0.0004187107086181641,0
1595800054.7054284,48.52595901489258,-0.0004187107086181641,0
1595800054.7154303,50.326300621032715,-0.0004187107086181641,0
1595800054.7254286,52.12599849700928,-0.0004187107086181641,0
1595800054.7354388,53.927842140197754,-0.0004187107086181641,0
1595800054.7454362,55.72736835479736,-0.0004187107086181641,0
1595800054.7554293,57.526122093200684,-0.0004187107086181641,0
1595800054.7654364,59.32740783691406,-0.0004187107086181641,0
1595800054.775438,61.12770652770996,-0.0004187107086181641,0
1595800054.7854257,62.9254732131958,-0.0004187107086181641,0
1595800054.7954364,64.72740268707275,-0.0004187107086181641,0
1595800054.8054216,66.52474021911621,-0.0004187107086181641,0
1595800054.815427,68.32572555541992,-0.0004187107086181641,0
1595800054.8254378,70.12765502929688,-0.0004187107086181641,0
1595800054.8354275,71.92580795288086,-0.0004187107086181641,0
1595800054.8454242,73.72520542144775,-0.0004187107086181641,0
1595800054.8554206,75.52455997467041,-0.0004187107086181641,0
1595800054.8654337,77.32691860198975,-0.0004187107086181641,0
1595800054.8754232,79.12502861022949,-0.0004187107086181641,0
1595800054.8854249,80.92532730102539,-0.0004187107086181641,0
1595800054.8954349,82.72712802886963,-0.0004187107086181641,0
1595800054.9054253,84.52540969848633,-0.0004187107086181641,0
1595800054.9154243,86.3252363204956,-0.0004187107086181641,0
1595800054.9254384,88.1277666091919,-0.0004187107086181641,0
1595800054.9354312,89.92647743225098,-0.0004187107086181641,0
1595800054.9454315,91.72651863098143,-0.0004187107086181641,0
1595800054.9554305,93.52634525299071,-0.0004187107086181641,0
1595800054.965438,95.32767391204833,-0.0004187107086181641,0
1595800054.9754276,97.12582683563231,-0.0004187107086181641,0
1595800054.9854324,98.9266834259033,-0.0004187107086181641,0
1595800054.995426,100.7255229949951,-0.0004187107086181641,0
1595800055.005438,102.52770996093749,-0.0004187107086181641,0
1595800055.015427,104.32573413848876,-0.0004187107086181641,0
1595800055.0254326,106.12671947479247,-0.0004187107086181641,0
1595800055.035424,107.92517280578612,-0.0004187107086181641,0
1595800055.0454295,109.72615814208983,-0.0004187107086181641,0
1595800055.0554228,111.52495479583739,-0.0004187107086181641,0
1595800055.0654294,113.32615470886229,-0.0004187107086181641,0
1595800055.075425,115.125337600708,-0.0004187107086181641,0
1595800055.0854297,116.92619419097899,-0.0004187107086181641,0
1595800055.0954266,118.72563457489012,-0.0004187107086181641,0
1595800055.105421,120.52464580535887,-0.0004187107086181641,0
1595800055.1154337,122.32691860198973,-0.0004187107086181641,0
1595800055.1254344,124.12704563140868,-0.0004187107086181641,0
1595800055.135426,125.92554187774657,-0.0004187107086181641,0
1595800055.1454263,127.72558307647704,-0.0004187107086181641,0
1595800055.1554327,129.52674007415771,-0.0004187107086181641,0
1595800055.1654332,131.32682418823242,-0.0004187107086181641,0
1595800055.1754355,133.12725162506104,-0.0004187107086181641,0
1595800055.1854355,134.92724990844727,-0.0004187107086181641,0
1595800055.1954277,136.72583198547363,-0.0004187107086181641,0
1595800055.2054334,138.52686023712158,-0.0004187107086181641,0
1595800055.215432,140.32660102844238,-0.0004187107086181641,0
1595800055.2254267,142.12565517425537,-0.0004187107086181641,0
1595800055.2354217,143.9247522354126,-0.0004187107086181641,0
1595800055.2454212,145.72466468811035,-0.0004187107086181641,0
1595800055.2554274,147.52577877044678,-0.0004187107086181641,0
1595800055.2654333,149.32684993743896,-0.0004187107086181641,0
1595800055.2754338,151.12693405151367,-0.0004187107086181641,0
1595800055.2854364,152.92740440368652,-0.0004187107086181641,0
1595800055.2954257,154.72547149658203,-0.0004187107086181641,0
1595800055.3054373,156.52757263183594,-0.0004187107086181641,0
1595800055.3154216,158.32473850250244,-0.0004187107086181641,0
1595800055.3254218,160.1247797012329,-0.0004187107086181641,0
1595800055.3354259,161.9255075454712,-0.0004187107086181641,0
1595800055.3454275,163.7258062362671,-0.0004187107086181641,0
1595800055.3554318,165.5265769958496,-0.0004187107086181641,0
1595800055.3654234,167.3250732421875,-0.0004187107086181641,0
1595800055.3754365,169.12743186950684,-0.0004187107086181641,0
1595800055.3854291,170.92609977722168,-0.0004187107086181641,0
1595800055.3954387,172.72781467437744,-0.0004187107086181641,0
1595800055.4054387,174.52781295776367,-0.0004187107086181641,0
1595800055.415435,176.32716751098633,-0.0004187107086181641,0
1595800055.4254293,178.12613582611084,-0.0004187107086181641,0
1595800055.4354308,179.9263916015625,-0.0004187107086181641,0
1595800055.4454224,181.7248878479004,-0.0004187107086181641,0
1595800055.4554348,183.527117729187,-0.0004187107086181641,0
1595800055.4654267,185.32565689086914,-0.0004187107086181641,0
1595800055.475429,187.12608432769775,-0.0004187107086181641,0
1595800055.4854257,188.92548179626465,-0.0004187107086181641,0
1595800055.4954283,190.7259521484375,-0.0004187107086181641,0
1595800055.505434,192.52698040008545,-0.0004187107086181641,0
1595800055.515421,194.32461833953857,-0.0004187107086181641,0
1595800055.5254216,196.12474536895752,-0.0004187107086181641,0
1595800055.5354345,197.92706108093262,-0.0004187107086181641,0
1595800055.5454252,199.72538566589355,-0.0004187107086181641,0
1595800055.5554345,201.52705764770508,-0.0004187107086181641,0
1595800055.5654318,203.3265838623047,-0.0004187107086181641,0
1595800055.5754366,205.12744045257568,-0.0004187107086181641,0
1595800055.585428,206.92589378356934,-0.0004187107086181641,0
1595800055.595426,208.72554874420166,-0.0004187107086181641,0
1595800055.6054232,210.52503204345703,-0.0004187107086181641,0
1595800055.6154373,212.32756233215332,-0.0004187107086181641,0
1595800055.6254234,214.12507152557373,-0.0004187107086181641,0
1595800055.6354332,215.92682933807373,-0.0004187107086181641,0
1595800055.645424,217.72515392303467,-0.0004187107086181641,0
1595800055.6554363,219.5273838043213,-0.0004187107086181641,0
1595800055.6654243,221.3252363204956,-0.0004187107086181641,0
1595800055.6754303,223.1263074874878,-0.0004187107086181641,0
1595800055.6854346,224.9270782470703,-0.0004187107086181641,0
1595800055.695426,226.72553157806396,-0.0004187107086181641,0
1595800055.7054243,228.52522945404053,-0.0004187107086181641,0
1595800055.7154274,230.32578563690186,-0.0004187107086181641,0
1595800055.725436,232.12732887268066,-0.0004187107086181641,0
1595800055.735433,233.92681217193604,-0.0004187107086181641,0
1595800055.7454264,235.7256088256836,-0.0004187107086181641,0
1595800055.7554352,237.52719497680664,-0.0004187107086181641,0
1595800055.7654324,239.326678276062,-0.0004187107086181641,0
1595800055.7754347,241.12710571289062,-0.0004187107086181641,0
1595800055.785435,242.9271469116211,-0.0004187107086181641,0
1595800055.795438,244.72770309448242,-0.0004187107086181641,0
1595800055.8054304,246.52632808685303,-0.0004187107086181641,0
1595800055.8154364,248.32739925384521,-0.0004187107086181641,0
1595800055.825422,250.12482261657715,-0.0004187107086181641,0
1595800055.835435,251.92713832855225,-0.0004187107086181641,0
1595800055.845432,253.72662162780762,-0.0004187107086181641,0
1595800055.8554218,255.5247745513916,-0.0004187107086181641,0
1595800055.8654337,257.32691860198975,-0.0004187107086181641,0
1595800055.8754287,259.126015663147,-0.0004187107086181641,0
1595800055.885427,260.92571353912354,-0.0004187107086181641,0
1595800055.8954353,262.7272138595581,-0.0004187107086181641,0
1595800055.9054215,264.5247230529785,-0.0004187107086181641,0
1595800055.915434,266.32695293426514,-0.0004187107086181641,0
1595800055.925427,268.12570667266846,-0.0004187107086181641,0
1595800055.935438,269.92767906188965,-0.0004187107086181641,0
1595800055.9454281,271.7259178161621,-0.0004187107086181641,0
1595800055.955427,273.52570152282715,-0.0004187107086181641,0
1595800055.9654303,275.3263006210327,-0.0004187107086181641,0
1595800055.9754283,277.12595558166504,-0.0004187107086181641,0
1595800055.9854305,278.9263401031494,-0.0004187107086181641,0
1595800055.9954197,280.7244071960449,-0.0004187107086181641,0
1595800056.0054216,282.52474880218506,-0.0004187107086181641,0
1595800056.0154352,284.32719326019287,-0.0004187107086181641,0
1595800056.0254347,286.1271057128906,-0.0004187107086181641,0
1595800056.0354285,287.92598819732666,-0.0004187107086181641,0
1595800056.04543,289.7262439727783,-0.0004187107086181641,0
1595800056.0554326,291.5267143249512,-0.0004187107086181641,0
1595800056.0654376,293.3276138305664,-0.0004187107086181641,0
1595800056.0754254,295.1254234313965,-0.0004187107086181641,0
1595800056.0854263,296.92559337615967,-0.0004187107086181641,0
1595800056.0954323,298.72666454315186,-0.0004187107086181641,0
1595800056.1054232,300.52503204345703,-0.0004187107086181641,0
1595800056.1154225,302.32490158081055,-0.0004187107086181641,0
1595800056.1254332,304.1268310546875,-0.0004187107086181641,0
1595800056.1354246,305.92528438568115,-0.0004187107086181641,0
1595800056.1454332,307.72682762145996,-0.0004187107086181641,0
1595800056.1554363,309.5273838043213,-0.0004187107086181641,0
1595800056.1654258,311.32549381256104,-0.0004187107086181641,0
1595800056.1754344,313.12703704833984,-0.0004187107086181641,0
1595800056.185432,314.9266061782837,-0.0004187107086181641,0
1595800056.1954358,316.72729110717773,-0.0004187107086181641,0
1595800056.205428,318.5258731842041,-0.0004187107086181641,0
1595800056.2154365,320.3274164199829,-0.0004187107086181641,0
1595800056.2254288,322.1260414123535,-0.0004187107086181641,0
1595800056.2354214,323.92470932006836,-0.0004187107086181641,0
1595800056.2454214,325.7247076034546,-0.0004187107086181641,0
1595800056.2554197,327.52440547943115,-0.0004187107086181641,0
1595800056.2654288,329.32603454589844,-0.0004187107086181641,0
1595800056.2754207,331.12457370758057,-0.0004187107086181641,0
1595800056.2854247,332.92530155181885,-0.0004187107086181641,0
1595800056.2954354,334.7272310256958,-0.0004187107086181641,0
1595800056.30543,336.52624225616455,-0.0004187107086181641,0
1595800056.3154333,338.3268413543701,-0.0004187107086181641,0
1595800056.325436,340.1273546218872,-0.0004187107086181641,0
1595800056.335431,341.92645168304443,-0.0004187107086181641,0
1595800056.3454282,343.7259349822998,-0.0004187107086181641,0
1595800056.3554242,345.525203704834,-0.0004187107086181641,0
1595800056.36542,347.32447242736816,-0.0004187107086181641,0
1595800056.3754354,349.12721729278564,-0.0004187107086181641,0
1595800056.3854203,350.92451190948486,-0.0004187107086181641,0
1595800056.395422,352.72481060028076,-0.0004187107086181641,0
1595800056.4054306,354.52635383605957,-0.0004187107086181641,0
1595800056.4154243,356.3252363204956,-0.0004187107086181641,0
1595800056.425436,358.1273374557495,-0.0004187107086181641,0
1595800056.4354265,359.9256191253662,-0.0004187107086181641,0
1595800056.4358459,360,-0.0004187107086181641,1
1595800056.4358459,0,0,0
1595800056.4419181,1.0930109024047852,0,0
1595800056.4419181,0.7651076316833496,-0.0018216848373413086,0
1595800056.4458613,1.4748845100402834,-0.0018216848373413086,0
1595800056.4558458,3.2720932960510254,-0.0018216848373413086,0
1595800056.4658587,5.074409008026123,-0.0018216848373413086,0
1595800056.4758487,6.872604846954345,-0.0018216848373413086,0
1595800056.4858565,8.67401933670044,-0.0018216848373413086,0
1595800056.4958587,10.474403858184814,-0.0018216848373413086,0
1595800056.5058537,12.273500919342041,-0.0018216848373413086,0
1595800056.5158584,14.074357509613037,-0.0018216848373413086,0
1595800056.5258634,15.875257015228271,-0.0018216848373413086,0
1595800056.53585,17.672852039337158,-0.0018216848373413086,0
1595800056.5458555,19.47383737564087,-0.0018216848373413086,0
1595800056.5558515,21.27310609817505,-0.0018216848373413086,0
1595800056.5658522,23.073233127593998,-0.0018216848373413086,0
1595800056.575852,24.87318849563599,-0.0018216848373413086,0
1595800056.585861,26.674817562103275,-0.0018216848373413086,0
1595800056.5958564,28.474000453948978,-0.0018216848373413086,0
1595800056.6058524,30.273269176483158,-0.0018216848373413086,0
1595800056.6158504,32.07292413711548,-0.0018216848373413086,0
1595800056.6258633,33.875239849090576,-0.0018216848373413086,0
1595800056.6358483,35.672534465789795,-0.0018216848373413086,0
1595800056.6458485,37.472575664520264,-0.0018216848373413086,0
1595800056.6558568,39.274075984954834,-0.0018216848373413086,0
1595800056.6658468,41.07227182388306,-0.0018216848373413086,0
1595800056.6758564,42.87398672103882,-0.0018216848373413086,0
1595800056.6858542,44.673598766326904,-0.0018216848373413086,0
1595800056.6958497,46.47278165817261,-0.0018216848373413086,0
1595800056.7058594,48.27453947067261,-0.0018216848373413086,0
1595800056.7158554,50.07380819320679,-0.0018216848373413086,0
1595800056.7258568,51.87406396865845,-0.0018216848373413086,0
1595800056.7358594,53.6745343208313,-0.0018216848373413086,0
1595800056.745862,55.47500467300415,-0.0018216848373413086,0
1595800056.755855,57.27375841140747,-0.0018216848373413086,0
1595800056.7658622,59.07504415512085,-0.0018216848373413086,0
1595800056.7758517,60.873154163360596,-0.0018216848373413086,0
1595800056.785847,62.67229413986206,-0.0018216848373413086,0
1595800056.7958562,64.47396612167358,-0.0018216848373413086,0
1595800056.8058617,66.2749514579773,-0.0018216848373413086,0
1595800056.8158517,68.07314729690552,-0.0018216848373413086,0
1595800056.825861,69.87481927871704,-0.0018216848373413086,0
1595800056.8358529,71.67335844039917,-0.0018216848373413086,0
1595800056.8458593,73.47451543807983,-0.0018216848373413086,0
1595800056.8558614,75.27489995956421,-0.0018216848373413086,0
1595800056.8658547,77.07369661331177,-0.0018216848373413086,0
1595800056.8758628,78.8751540184021,-0.0018216848373413086,0
1595800056.885854,80.67356443405151,-0.0018216848373413086,0
1595800056.8958619,82.47497892379761,-0.0018216848373413086,0
1595800056.905855,84.27373266220093,-0.0018216848373413086,0
1595800056.9158576,86.07420301437378,-0.0018216848373413086,0
1595800056.925859,87.87445878982544,-0.0018216848373413086,0
1595800056.935853,89.67338418960571,-0.0018216848373413086,0
1595800056.9458637,91.47531366348265,-0.0018216848373413086,0
1595800056.9558613,93.2748827934265,-0.0018216848373413086,0
1595800056.9658527,95.07333612442015,-0.0018216848373413086,0
1595800056.975862,96.87500810623168,-0.0018216848373413086,0
1595800056.9858491,98.67268896102904,-0.0018216848373413086,0
1595800056.9958563,100.47397470474242,-0.0018216848373413086,0
1595800057.005849,102.27264261245726,-0.0018216848373413086,0
1595800057.0158482,104.07251214981078,-0.0018216848373413086,0
1595800057.025854,105.87358331680296,-0.0018216848373413086,0
1595800057.0358524,107.67328119277953,-0.0018216848373413086,0
1595800057.0458558,109.4738802909851,-0.0018216848373413086,0
1595800057.0558634,111.27525186538695,-0.0018216848373413086,0
1595800057.0658479,113.07246065139769,-0.0018216848373413086,0
1595800057.0758457,114.87207269668578,-0.0018216848373413086,0
1595800057.0858552,116.67378759384154,-0.0018216848373413086,0
1595800057.0958507,118.47297048568724,-0.0018216848373413086,0
1595800057.1058455,120.27202463150023,-0.0018216848373413086,0
1595800057.1158626,122.07511281967162,-0.0018216848373413086,0
1595800057.1258502,123.87287950515746,-0.0018216848373413086,0
1595800057.1358483,125.67253446578978,-0.0018216848373413086,0
1595800057.1458478,127.47244691848753,-0.0018216848373413086,0
1595800057.1558561,129.27394723892212,-0.0018216848373413086,0
1595800057.1658568,131.07407426834106,-0.0018216848373413086,0
1595800057.1758475,132.872398853302,-0.0018216848373413086,0
1595800057.185851,134.6730408668518,-0.0018216848373413086,0
1595800057.1958635,136.47527074813843,-0.0018216848373413086,0
1595800057.2058582,138.27432489395142,-0.0018216848373413086,0
1595800057.2158613,140.07488107681274,-0.0018216848373413086,0
1595800057.2258463,141.87217569351196,-0.0018216848373413086,0
1595800057.2358634,143.67526388168335,-0.0018216848373413086,0
1595800057.2458456,145.4720435142517,-0.0018216848373413086,0
1595800057.2558615,147.2749171257019,-0.0018216848373413086,0
1595800057.2658515,149.07311296463013,-0.0018216848373413086,0
1595800057.2758477,150.87242460250854,-0.0018216848373413086,0
1595800057.2858562,152.67396783828735,-0.0018216848373413086,0
1595800057.2958527,154.47332239151,-0.0018216848373413086,0
1595800057.3058527,156.27332067489624,-0.0018216848373413086,0
1595800057.3158517,158.07314729690552,-0.0018216848373413086,0
1595800057.3258598,159.87460470199585,-0.0018216848373413086,0
1595800057.3358536,161.67348718643188,-0.0018216848373413086,0
1595800057.3458462,163.47215509414673,-0.0018216848373413086,0
1595800057.355849,165.27266836166382,-0.0018216848373413086,0
1595800057.3658452,167.07197999954224,-0.0018216848373413086,0
1595800057.3758554,168.8738236427307,-0.0018216848373413086,0
1595800057.385845,170.67193365097046,-0.0018216848373413086,0
1595800057.3958538,172.4735198020935,-0.0018216848373413086,0
1595800057.4058568,174.27407598495483,-0.0018216848373413086,0
1595800057.4158568,176.07407426834106,-0.0018216848373413086,0
1595800057.4258506,177.8729567527771,-0.0018216848373413086,0
1595800057.4358585,179.6743712425232,-0.0018216848373413086,0
1595800057.4458601,181.4746699333191,-0.0018216848373413086,0
1595800057.4558613,183.2748827934265,-0.0018216848373413086,0
1595800057.4658477,185.07243490219116,-0.0018216848373413086,0
1595800057.4758487,186.87260484695435,-0.0018216848373413086,0
1595800057.4858594,188.6745343208313,-0.0018216848373413086,0
1595800057.4958534,190.47345972061157,-0.0018216848373413086,0
1595800057.5058458,192.27208471298218,-0.0018216848373413086,0
1595800057.5158608,194.07478666305542,-0.0018216848373413086,0
1595800057.5258596,195.87457036972046,-0.0018216848373413086,0
1595800057.535855,197.67375326156616,-0.0018216848373413086,0
1595800057.5458522,199.47323656082153,-0.0018216848373413086,0
1595800057.5558538,201.27353525161743,-0.0018216848373413086,0
1595800057.5658534,203.07344770431519,-0.0018216848373413086,0
1595800057.5758502,204.87288808822632,-0.0018216848373413086,0
1595800057.5858514,206.67310094833374,-0.0018216848373413086,0
1595800057.5958555,208.47382879257202,-0.0018216848373413086,0
1595800057.6058576,210.2742133140564,-0.0018216848373413086,0
1595800057.6158626,212.07511281967163,-0.0018216848373413086,0
1595800057.6258574,213.87416696548462,-0.0018216848373413086,0
1595800057.6358461,215.67214822769165,-0.0018216848373413086,0
1595800057.6458626,217.47510766983032,-0.0018216848373413086,0
1595800057.6558547,219.2736897468567,-0.0018216848373413086,0
1595800057.6658545,221.07364511489868,-0.0018216848373413086,0
1595800057.6758573,222.87415838241577,-0.0018216848373413086,0
1595800057.6858504,224.6729121208191,-0.0018216848373413086,0
1595800057.6958497,226.4727816581726,-0.0018216848373413086,0
1595800057.705856,228.27393865585327,-0.0018216848373413086,0
1595800057.7158513,230.07307863235474,-0.0018216848373413086,0
1595800057.725848,231.87247610092163,-0.0018216848373413086,0
1595800057.7358615,233.67492055892944,-0.0018216848373413086,0
1595800057.745847,235.47230100631714,-0.0018216848373413086,0
1595800057.7558608,237.2747883796692,-0.0018216848373413086,0
1595800057.7658484,239.07255506515503,-0.0018216848373413086,0
1595800057.7758512,240.87306833267212,-0.0018216848373413086,0
1595800057.7858593,242.67452573776245,-0.0018216848373413086,0
1595800057.7958503,244.47289323806763,-0.0018216848373413086,0
1595800057.8058448,246.27190446853638,-0.0018216848373413086,0
1595800057.8158445,248.07185983657837,-0.0018216848373413086,0
1595800057.8258522,249.87323141098022,-0.0018216848373413086,0
1595800057.835846,251.67211389541626,-0.0018216848373413086,0
1595800057.8458457,253.47206926345825,-0.0018216848373413086,0
1595800057.8558507,255.2729687690735,-0.0018216848373413086,0
1595800057.8658557,257.0738682746887,-0.0018216848373413086,0
1595800057.8758497,258.872793674469,-0.0018216848373413086,0
1595800057.8858562,260.67395067214966,-0.0018216848373413086,0
1595800057.8958492,262.472704410553,-0.0018216848373413086,0
1595800057.9058628,264.2751488685608,-0.0018216848373413086,0
1595800057.9158547,266.0736880302429,-0.0018216848373413086,0
1595800057.9258444,267.8718409538269,-0.0018216848373413086,0
1595800057.9358559,269.6738991737366,-0.0018216848373413086,0
1595800057.9458632,271.4752278327942,-0.0018216848373413086,0
1595800057.9558487,273.2726082801819,-0.0018216848373413086,0
1595800057.965853,275.0733790397644,-0.0018216848373413086,0
1595800057.9758587,276.87440729141235,-0.0018216848373413086,0
1595800057.9858513,278.6730751991272,-0.0018216848373413086,0
1595800057.9958599,280.474618434906,-0.0018216848373413086,0
1595800058.00585,282.27285718917847,-0.0018216848373413086,0
1595800058.0158534,284.07345628738403,-0.0018216848373413086,0
1595800058.0258572,285.8741412162781,-0.0018216848373413086,0
1595800058.0358489,287.67263746261597,-0.0018216848373413086,0
1595800058.0458555,289.47383737564087,-0.0018216848373413086,0
1595800058.0558474,291.272376537323,-0.0018216848373413086,0
1595800058.0658605,293.07473516464233,-0.0018216848373413086,0
1595800058.0758464,294.8722014427185,-0.0018216848373413086,0
1595800058.0858483,296.67254304885864,-0.0018216848373413086,0
1595800058.0958467,298.4722409248352,-0.0018216848373413086,0
1595800058.105849,300.2726683616638,-0.0018216848373413086,0
1595800058.1158466,302.07223749160767,-0.0018216848373413086,0
1595800058.1258526,303.87330865859985,-0.0018216848373413086,0
1595800058.1358595,305.674551486969,-0.0018216848373413086,0
1595800058.145858,307.4742922782898,-0.0018216848373413086,0
1595800058.1558552,309.27377557754517,-0.0018216848373413086,0
1595800058.1658475,311.07240056991577,-0.0018216848373413086,0
1595800058.1758604,312.87471628189087,-0.0018216848373413086,0
1595800058.1858478,314.67244005203247,-0.0018216848373413086,0
1595800058.195846,316.47213792800903,-0.0018216848373413086,0
1595800058.2058516,318.27312326431274,-0.0018216848373413086,0
1595800058.215854,320.07355070114136,-0.0018216848373413086,0
1595800058.2258492,321.8726906776428,-0.0018216848373413086,0
1595800058.2358456,323.6720452308655,-0.0018216848373413086,0
1595800058.2458596,325.47457551956177,-0.0018216848373413086,0
1595800058.255848,327.2724709510803,-0.0018216848373413086,0
1595800058.26586,329.0746579170227,-0.0018216848373413086,0
1595800058.2758515,330.87311124801636,-0.0018216848373413086,0
1595800058.285845,332.67195081710815,-0.0018216848373413086,0
1595800058.2958539,334.4735369682312,-0.0018216848373413086,0
1595800058.305848,336.2724623680115,-0.0018216848373413086,0
1595800058.3158576,338.0742201805115,-0.0018216848373413086,0
1595800058.32586,339.8746476173401,-0.0018216848373413086,0
1595800058.335858,341.6743025779724,-0.0018216848373413086,0
1595800058.345849,343.4726700782776,-0.0018216848373413086,0
1595800058.3558598,345.27459955215454,-0.0018216848373413086,0
1595800058.3658442,347.0718083381653,-0.0018216848373413086,0
1595800058.375844,348.8717637062073,-0.0018216848373413086,0
1595800058.3858535,350.67347860336304,-0.0018216848373413086,0
1595800058.395845,352.4719319343567,-0.0018216848373413086,0
1595800058.4058578,354.2742476463318,-0.0018216848373413086,0
1595800058.4158483,356.0725293159485,-0.0018216848373413086,0
1595800058.4258492,357.87269926071167,-0.0018216848373413086,0
1595800058.4358466,359.6722254753113,-0.0018216848373413086,0
1595800058.437679,360,-0.0018216848373413086,1
1595800058.437679,0,0,0
1595800058.4445071,1.2290525436401367,0,0
1595800058.4445071,0.8603367805480958,-0.0020484209060668943,0
1595800058.4476838,1.4321408271789553,-0.0020484209060668943,0
1595800058.457684,3.232182025909424,-0.0020484209060668943,0
1595800058.4676816,5.0317511558532715,-0.0020484209060668943,0
1595800058.4776888,6.8330368995666495,-0.0020484209060668943,0
1595800058.4876819,8.63179063796997,-0.0020484209060668943,0
1595800058.4976962,10.434363842010498,-0.0020484209060668943,0
1595800058.5076916,12.233546733856201,-0.0020484209060668943,0
1595800058.51769,14.033244609832764,-0.0020484209060668943,0
1595800058.527687,15.832727909088135,-0.0020484209060668943,0
1595800058.5376947,17.63409948348999,-0.0020484209060668943,0
1595800058.5476902,19.433282375335693,-0.0020484209060668943,0
1595800058.557682,21.231821537017822,-0.0020484209060668943,0
1595800058.567698,23.03469514846802,-0.0020484209060668943,0
1595800058.5776904,24.833320140838627,-0.0020484209060668943,0
1595800058.5876853,26.632417201995853,-0.0020484209060668943,0
1595800058.5976853,28.432415485382084,-0.0020484209060668943,0
1595800058.6076806,30.23155546188355,-0.0020484209060668943,0
1595800058.6176937,32.03391408920288,-0.0020484209060668943,0
1595800058.6276796,33.83138036727905,-0.0020484209060668943,0
1595800058.6376863,35.632580280303955,-0.0020484209060668943,0
1595800058.6476896,37.43317937850952,-0.0020484209060668943,0
1595800058.6576824,39.2318902015686,-0.0020484209060668943,0
1595800058.6676908,41.033390522003174,-0.0020484209060668943,0
1595800058.677692,42.833603382110596,-0.0020484209060668943,0
1595800058.687693,44.63381624221802,-0.0020484209060668943,0
1595800058.6976929,46.43377161026001,-0.0020484209060668943,0
1595800058.707689,48.23308324813843,-0.0020484209060668943,0
1595800058.7176886,50.03299570083618,-0.0020484209060668943,0
1595800058.7276845,51.83226442337036,-0.0020484209060668943,0
1595800058.7376928,53.63376474380493,-0.0020484209060668943,0
1595800058.7476842,55.432218074798584,-0.0020484209060668943,0
1595800058.7576883,57.232945919036865,-0.0020484209060668943,0
1595800058.7676847,59.03230047225952,-0.0020484209060668943,0
1595800058.7776878,60.83285665512085,-0.0020484209060668943,0
1595800058.787695,62.63414239883423,-0.0020484209060668943,0
1595800058.7976878,64.43285322189331,-0.0020484209060668943,0
1595800058.807691,66.23345232009888,-0.0020484209060668943,0
1595800058.8176925,68.03370809555054,-0.0020484209060668943,0
1595800058.8276885,69.83297681808472,-0.0020484209060668943,0
1595800058.8376935,71.63387632369995,-0.0020484209060668943,0
1595800058.8476834,73.43207216262817,-0.0020484209060668943,0
1595800058.8576875,75.23280000686646,-0.0020484209060668943,0
1595800058.8676858,77.03249788284302,-0.0020484209060668943,0
1595800058.8776908,78.83339738845825,-0.0020484209060668943,0
1595800058.8876925,80.63369607925415,-0.0020484209060668943,0
1595800058.8976965,82.43442392349243,-0.0020484209060668943,0
1595800058.9076924,84.23369264602661,-0.0020484209060668943,0
1595800058.9176877,86.03283262252808,-0.0020484209060668943,0
1595800058.927689,87.83308839797974,-0.0020484209060668943,0
1595800058.9376817,89.63175630569458,-0.0020484209060668943,0
1595800058.9476786,91.4311966896057,-0.0020484209060668943,0
1595800058.9576845,93.23226785659789,-0.0020484209060668943,0
1595800058.9676874,95.03278112411498,-0.0020484209060668943,0
1595800058.9776852,96.83239316940306,-0.0020484209060668943,0
1595800058.9876912,98.63346433639525,-0.0020484209060668943,0
1595800058.9976928,100.43376302719115,-0.0020484209060668943,0
1595800059.0076823,102.2318730354309,-0.0020484209060668943,0
1595800059.017685,104.03234338760375,-0.0020484209060668943,0
1595800059.0276914,105.83350038528441,-0.0020484209060668943,0
1595800059.0376937,107.63392782211302,-0.0020484209060668943,0
1595800059.0476816,109.4317374229431,-0.0020484209060668943,0
1595800059.057697,111.23452520370482,-0.0020484209060668943,0
1595800059.0676935,113.03387975692748,-0.0020484209060668943,0
1595800059.0776787,114.83121728897093,-0.0020484209060668943,0
1595800059.0876834,116.63207387924193,-0.0020484209060668943,0
1595800059.097679,118.43125677108763,-0.0020484209060668943,0
1595800059.1076906,120.23335790634154,-0.0020484209060668943,0
1595800059.1176944,122.03404283523558,-0.0020484209060668943,0
1595800059.127692,123.83361196517943,-0.0020484209060668943,0
1595800059.137693,125.63378190994261,-0.0020484209060668943,0
1595800059.1476903,127.43330812454222,-0.0020484209060668943,0
1595800059.1576853,129.23240518569946,-0.0020484209060668943,0
1595800059.1676836,131.03210306167603,-0.0020484209060668943,0
1595800059.1776876,132.8328309059143,-0.0020484209060668943,0
1595800059.1876905,134.6333441734314,-0.0020484209060668943,0
1595800059.1976786,136.4311966896057,-0.0020484209060668943,0
1595800059.207696,138.23432779312134,-0.0020484209060668943,0
1595800059.2176876,140.03282403945923,-0.0020484209060668943,0
1595800059.2276878,141.8328652381897,-0.0020484209060668943,0
1595800059.2376816,143.63174772262573,-0.0020484209060668943,0
1595800059.2476947,145.43410634994507,-0.0020484209060668943,0
1595800059.257694,147.23397588729858,-0.0020484209060668943,0
1595800059.2676935,149.03388833999634,-0.0020484209060668943,0
