Type = DelayAdvance,Function = Wang Sync Simple,Refract = 0,Coupling Strength = 0.5,Start_phase = 20
Timestamp,Phase,Offset,Ping?
1595800279.0000272,20,0,0
1595800279.010046,21.802315711975098,0.1111111111111111,0
1595800279.0200374,23.60076904296875,0.1111111111111111,0
1595800279.0300362,25.40055274963379,0.1111111111111111,0
1595800279.0400484,27.202739715576172,0.1111111111111111,0
1595800279.0500357,29.000463485717773,0.1111111111111111,0
1595800279.0600452,30.802178382873535,0.1111111111111111,0
1595800279.070033,32.59998798370361,0.1111111111111111,0
1595800279.0800405,34.40131664276123,0.1111111111111111,0
1595800279.0900464,36.20238780975342,0.1111111111111111,0
1595800279.1000397,38.00118446350098,0.1111111111111111,0
1595800279.1100378,39.8008394241333,0.1111111111111111,0
1595800279.1200387,41.601009368896484,0.1111111111111111,0
1595800279.1300473,43.40255260467529,0.1111111111111111,0
1595800279.140042,45.20160675048828,0.1111111111111111,0
1595800279.150039,47.001047134399414,0.1111111111111111,0
1595800279.1600509,48.80319118499756,0.1111111111111111,0
1595800279.1700351,50.60035705566406,0.1111111111111111,0
1595800279.1800506,52.40314483642578,0.1111111111111111,0
1595800279.190042,54.201598167419434,0.1111111111111111,0
1595800279.2000496,56.00296974182129,0.1111111111111111,0
1595800279.2100444,57.80202388763428,0.1111111111111111,0
1595800279.2200384,59.60094928741455,0.1111111111111111,0
1595800279.2300372,61.40073299407959,0.1111111111111111,0
1595800279.2400403,63.20128917694092,0.1111111111111111,0
1595800279.2500434,65.00184535980225,0.1111111111111111,0
1595800279.2600477,66.80261611938477,0.1111111111111111,0
1595800279.2700505,68.60312938690186,0.1111111111111111,0
1595800279.2800446,70.40205478668213,0.1111111111111111,0
1595800279.290048,72.2026538848877,0.1111111111111111,0
1595800279.3000507,74.00316715240479,0.1111111111111111,0
1595800279.3100412,75.80144882202148,0.1111111111111111,0
1595800279.3200483,77.60273456573486,0.1111111111111111,0
1595800279.330038,79.40088748931885,0.1111111111111111,0
1595800279.3400347,81.20028495788574,0.1111111111111111,0
1595800279.350045,83.00212860107422,0.1111111111111111,0
1595800279.3600442,84.80199813842773,0.1111111111111111,0
1595800279.3700514,86.60328388214111,0.1111111111111111,0
1595800279.380049,88.40285301208496,0.1111111111111111,0
1595800279.390039,90.2010488510132,0.1111111111111111,0
1595800279.4000466,92.00242042541505,0.1111111111111111,0
1595800279.4100459,93.80228996276857,0.1111111111111111,0
1595800279.4200406,95.60134410858156,0.1111111111111111,0
1595800279.4300513,97.40327358245851,0.1111111111111111,0
1595800279.4400413,99.20146942138673,0.1111111111111111,0
1595800279.4500396,101.0011672973633,0.1111111111111111,0
1595800279.4600503,102.80309677124025,0.1111111111111111,0
1595800279.4700487,104.60279464721681,0.1111111111111111,0
1595800279.4800463,106.40236377716066,0.1111111111111111,0
1595800279.4900358,108.2004737854004,0.1111111111111111,0
1595800279.5000424,110.00167369842531,0.1111111111111111,0
1595800279.5100338,111.80012702941896,0.1111111111111111,0
1595800279.520051,113.60321521759035,0.1111111111111111,0
1595800279.5300477,115.40261268615724,0.1111111111111111,0
1595800279.54004,117.20123767852785,0.1111111111111111,0
1595800279.5500386,119.00097846984865,0.1111111111111111,0
1595800279.5600376,120.80080509185792,0.1111111111111111,0
1595800279.5700479,122.6026487350464,0.1111111111111111,0
1595800279.5800433,124.4018316268921,0.1111111111111111,0
1595800279.5900488,126.20281696319581,0.1111111111111111,0
1595800279.600051,128.00320148468018,0.1111111111111111,0
1595800279.61005,129.80302810668945,0.1111111111111111,0
1595800279.6200466,131.60242557525635,0.1111111111111111,0
1595800279.630039,133.40105056762695,0.1111111111111111,0
1595800279.6400325,135.19989013671875,0.1111111111111111,0
1595800279.6500425,137.001690864563,0.1111111111111111,0
1595800279.6600454,138.80220413208008,0.1111111111111111,0
1595800279.6700382,140.60091495513916,0.1111111111111111,0
1595800279.6800466,142.40241527557373,0.1111111111111111,0
1595800279.6900403,144.20129776000977,0.1111111111111111,0
1595800279.7000425,146.00168228149414,0.1111111111111111,0
1595800279.7100384,147.80095100402832,0.1111111111111111,0
1595800279.7200482,149.60270881652832,0.1111111111111111,0
1595800279.7300324,151.39987468719482,0.1111111111111111,0
1595800279.7400355,153.20043087005615,0.1111111111111111,0
1595800279.7500453,155.00218868255615,0.1111111111111111,0
1595800279.7600434,156.80184364318848,0.1111111111111111,0
1595800279.7700326,158.59991073608398,0.1111111111111111,0
1595800279.7800338,160.4001235961914,0.1111111111111111,0
1595800279.7900414,162.20149517059326,0.1111111111111111,0
1595800279.8000355,164.00042057037354,0.1111111111111111,0
1595800279.8100376,165.8008050918579,0.1111111111111111,0
1595800279.8200376,167.60080337524414,0.1111111111111111,0
1595800279.8300407,169.40135955810547,0.1111111111111111,0
1595800279.8400385,171.20097160339355,0.1111111111111111,0
1595800279.8500395,173.00114154815674,0.1111111111111111,0
1595800279.8600507,174.80315685272217,0.1111111111111111,0
1595800279.8700414,176.6014814376831,0.1111111111111111,0
1595800279.8800457,178.40225219726562,0.1111111111111111,0
1595800279.890033,180.19997596740723,0.1111111111111111,0
1595800279.9000494,182.0029354095459,0.1111111111111111,0
1595800279.910038,183.8008737564087,0.1111111111111111,0
1595800279.920033,185.59997081756592,0.1111111111111111,0
1595800279.930039,187.4010419845581,0.1111111111111111,0
1595800279.9400454,189.20219898223877,0.1111111111111111,0
1595800279.9500413,191.00146770477295,0.1111111111111111,0
1595800279.96004,192.801251411438,0.1111111111111111,0
1595800279.9700336,194.60009098052979,0.1111111111111111,0
1595800279.9800363,196.40056133270264,0.1111111111111111,0
1595800279.9900372,198.20073127746582,0.1111111111111111,0
1595800280.0000358,200.00047206878662,0.1111111111111111,0
1595800280.0100403,201.80128574371338,0.1111111111111111,0
1595800280.0200498,203.60300064086914,0.1111111111111111,0
1595800280.0300357,205.4004669189453,0.1111111111111111,0
1595800280.0400362,207.20055103302002,0.1111111111111111,0
1595800280.0500371,209.0007209777832,0.1111111111111111,0
1595800280.0600333,210.80003261566162,0.1111111111111111,0
1595800280.0700343,212.6002025604248,0.1111111111111111,0
1595800280.0800345,214.40024375915527,0.1111111111111111,0
1595800280.0900502,216.20307445526123,0.1111111111111111,0
1595800280.1000326,217.99989700317383,0.1111111111111111,0
1595800280.1100492,219.80289936065674,0.1111111111111111,0
1595800280.1200464,221.6023826599121,0.1111111111111111,0
1595800280.1228628,222.10934162139893,0.1111111111111111,0
1595800280.1228628,291.05467081069946,0.4941407177183363,0
1595800280.1300478,292.3479676246643,0.4941407177183363,0
1595800280.140044,294.1472792625427,0.4941407177183363,0
1595800280.150047,295.94783544540405,0.4941407177183363,0
1595800280.160034,297.7454733848572,0.4941407177183363,0
1595800280.1700335,299.54538583755493,0.4941407177183363,0
1595800280.180038,301.3461995124817,0.4941407177183363,0
1595800280.190043,303.1470990180969,0.4941407177183363,0
1595800280.2000408,304.946711063385,0.4941407177183363,0
1595800280.2100344,306.7455506324768,0.4941407177183363,0
1595800280.2200398,308.5465359687805,0.4941407177183363,0
1595800280.23005,310.348379611969,0.4941407177183363,0
1595800280.2400374,312.1461033821106,0.4941407177183363,0
1595800280.2500331,313.94532918930054,0.4941407177183363,0
1595800280.26005,315.7483744621277,0.4941407177183363,0
1595800280.2700477,317.54794359207153,0.4941407177183363,0
1595800280.2800338,319.34545278549194,0.4941407177183363,0
1595800280.290045,321.1474680900574,0.4941407177183363,0
1595800280.3000345,322.9455780982971,0.4941407177183363,0
1595800280.3100438,324.74725008010864,0.4941407177183363,0
1595800280.3200328,326.5452742576599,0.4941407177183363,0
1595800280.3300385,328.34630250930786,0.4941407177183363,0
1595800280.340046,330.1476311683655,0.4941407177183363,0
1595800280.350043,331.94711446762085,0.4941407177183363,0
1595800280.3600447,333.74741315841675,0.4941407177183363,0
1595800280.3700454,335.5475401878357,0.4941407177183363,0
1595800280.3800433,337.3471522331238,0.4941407177183363,0
1595800280.3900442,339.14732217788696,0.4941407177183363,0
1595800280.4000494,340.94826459884644,0.4941407177183363,0
1595800280.4100444,342.74736166000366,0.4941407177183363,0
1595800280.4200468,344.5477890968323,0.4941407177183363,0
1595800280.4300442,346.3473153114319,0.4941407177183363,0
1595800280.4400437,348.14722776412964,0.4941407177183363,0
1595800280.4500363,349.9458956718445,0.4941407177183363,0
1595800280.4600449,351.7474389076233,0.4941407177183363,0
1595800280.470048,353.5479950904846,0.4941407177183363,0
1595800280.48005,355.348379611969,0.4941407177183363,0
1595800280.4900491,357.14820623397827,0.4941407177183363,0
1595800280.5000374,358.9461016654968,0.4941407177183363,0
1595800280.5058932,360,0.4941407177183363,1
1595800280.5058932,0,0,0
1595800280.5158937,1.800084114074707,0,0
1595800280.5258946,3.6002540588378906,0,0
1595800280.5359027,5.401711463928223,0,0
1595800280.5458996,7.2011518478393555,0,0
1595800280.555902,9.001579284667969,0,0
1595800280.565902,10.8015775680542,0,0
1595800280.5759032,12.601790428161621,0,0
1595800280.585897,14.400672912597656,0,0
1595800280.5958953,16.20037078857422,0,0
1595800280.6058993,18.0010986328125,0,0
1595800280.6159015,19.801483154296875,0,0
1595800280.6258934,21.600022315979004,0,0
1595800280.6358945,23.400235176086426,0,0
1595800280.6459117,25.203323364257812,0,0
1595800280.6558936,27.000060081481934,0,0
1595800280.665905,28.8021183013916,0,0
1595800280.675908,30.60267448425293,0,0
1595800280.6859112,32.40323066711426,0,0
1595800280.6958995,34.20112609863281,0,0
1595800280.705895,36.000308990478516,0,0
1595800280.7159016,37.80150890350342,0,0
1595800280.7259047,39.602065086364746,0,0
1595800280.7359102,41.40305042266846,0,0
1595800280.7458994,43.201117515563965,0,0
1595800280.7559037,45.001888275146484,0,0
1595800280.7659044,46.80201530456543,0,0
1595800280.7758987,48.60098361968994,0,0
1595800280.7858953,50.400381088256836,0,0
1595800280.795894,52.20012187957764,0,0
1595800280.8059013,54.001450538635254,0,0
1595800280.8158972,55.800719261169434,0,0
1595800280.8258972,57.600717544555664,0,0
1595800280.8358994,59.40110206604004,0,0
1595800280.8459027,61.201701164245605,0,0
1595800280.8558984,63.00092697143555,0,0
1595800280.8659093,64.80289936065674,0,0
1595800280.8759096,66.6029405593872,0,0
1595800280.885897,68.40066432952881,0,0
1595800280.8958967,70.2006196975708,0,0
1595800280.9059021,72.00160503387451,0,0
1595800280.9158962,73.80053043365479,0,0
1595800280.9259102,75.60306072235107,0,0
1595800280.935901,77.40138530731201,0,0
1595800280.945904,79.20194149017334,0,0
1595800280.9558988,81.00099563598633,0,0
1595800280.9659016,82.80150890350342,0,0
1595800280.9759066,84.60240840911865,0,0
1595800280.9859116,86.40330791473389,0,0
1595800280.9959002,88.20124626159668,0,0
1595800281.0058978,90.00081539154053,0,0
1595800281.0159054,91.80218696594238,0,0
1595800281.025907,93.60248565673828,0,0
1595800281.0359113,95.4032564163208,0,0
1595800281.0458982,97.20089435577393,0,0
1595800281.0559063,99.00235176086426,0,0
1595800281.0659058,100.80226421356201,0,0
1595800281.0759027,102.60170459747314,0,0
1595800281.085895,104.40032958984375,0,0
1595800281.0958953,106.20037078857422,0,0
1595800281.1058955,108.00041198730469,0,0
1595800281.1159012,109.80144023895264,0,0
1595800281.125905,111.60212516784668,0,0
1595800281.1359048,113.40208053588867,0,0
1595800281.145908,115.20267963409424,0,0
1595800281.1559043,117.00199127197266,0,0
1595800281.1659064,118.80237579345703,0,0
1595800281.1759086,120.6027603149414,0,0
1595800281.185905,122.40211486816406,0,0
1595800281.1959038,124.2018985748291,0,0
1595800281.2058926,125.99987983703613,0,0
1595800281.2159054,127.80219554901123,0,0
1595800281.2258947,129.60026264190674,0,0
1595800281.2358973,131.4007329940796,0,0
1595800281.245895,133.20030212402344,0,0
1595800281.2558994,135.0011157989502,0,0
1595800281.2659075,136.80257320404053,0,0
1595800281.2759092,138.60287189483643,0,0
1595800281.2859063,140.4023551940918,0,0
1595800281.2959096,142.20295429229736,0,0
1595800281.3059042,144.0019655227661,0,0
1595800281.3158958,145.800461769104,0,0
1595800281.3258963,147.6005458831787,0,0
1595800281.3359113,149.40324783325195,0,0
1595800281.3459034,151.20182991027832,0,0
1595800281.3559082,153.00268650054932,0,0
1595800281.3658974,154.80075359344482,0,0
1595800281.375911,156.60319805145264,0,0
1595800281.3859,158.4012222290039,0,0
1595800281.3959,160.20122051239014,0,0
1595800281.4059093,162.00289249420166,0,0
1595800281.4158938,163.8001012802124,0,0
1595800281.4259086,165.6027603149414,0,0
1595800281.4359102,167.4030590057373,0,0
1595800281.4459045,169.20202732086182,0,0
1595800281.4558961,171.0005235671997,0,0
1595800281.4659014,172.80146598815918,0,0
1595800281.4759026,174.6016788482666,0,0
1595800281.485895,176.4003038406372,0,0
1595800281.4959078,178.2026195526123,0,0
1595800281.5058937,180.00008583068848,0,0
1595800281.515893,181.799955368042,0,0
1595800281.525903,183.60175609588623,0,0
1595800281.5359044,185.4020118713379,0,0
1595800281.545907,187.20248222351074,0,0
1595800281.5559087,189.00278091430664,0,0
1595800281.5658965,190.80059051513672,0,0
1595800281.5759046,192.60204792022705,0,0
1595800281.5859072,194.4025182723999,0,0
1595800281.5959003,196.20127201080322,0,0
1595800281.605893,197.99993991851807,0,0
1595800281.6159027,199.80169773101807,0,0
1595800281.6259,201.60122394561768,0,0
1595800281.6359043,203.4019947052002,0,0
1595800281.6458936,205.2000617980957,0,0
1595800281.6559062,207.00233459472656,0,0
1595800281.6659105,208.80310535430908,0,0
1595800281.6759036,210.6018590927124,0,0
1595800281.6858966,212.40061283111572,0,0
1595800281.695909,214.20284271240234,0,0
1595800281.7059026,216.00168228149414,0,0
1595800281.7159107,217.80313968658447,0,0
1595800281.7259088,219.6027946472168,0,0
1595800281.7358935,221.40004634857178,0,0
1595800281.7458968,223.20064544677734,0,0
1595800281.7559083,225.002703666687,0,0
1595800281.7658966,226.80059909820557,0,0
1595800281.7759044,228.60201358795166,0,0
1595800281.785902,230.4015827178955,0,0
1595800281.7959087,232.2027826309204,0,0
1595800281.8059092,234.00286674499512,0,0
1595800281.8158991,235.80106258392334,0,0
1595800281.825909,237.60282039642334,0,0
1595800281.8358996,239.40114498138428,0,0
1595800281.8458993,241.20110034942627,0,0
1595800281.8559065,243.00238609313965,0,0
1595800281.865898,244.8008394241333,0,0
1595800281.8758962,246.60053730010986,0,0
1595800281.8859096,248.40293884277344,0,0
1595800281.895905,250.20212173461914,0,0
1595800281.9059021,252.0016050338745,0,0
1595800281.9159083,253.80271911621094,0,0
1595800281.9259043,255.60198783874512,0,0
1595800281.9359014,257.4014711380005,0,0
1595800281.9459019,259.2015552520752,0,0
1595800281.955908,261.0026693344116,0,0
1595800281.9658928,262.7999210357666,0,0
1595800281.9758997,264.60116386413574,0,0
1595800281.985894,266.40013217926025,0,0
1595800281.9959083,268.2027053833008,0,0
1595800282.0059085,270.00274658203125,0,0
1595800282.0159092,271.8028736114502,0,0
1595800282.0259037,273.60188484191895,0,0
1595800282.0359018,275.40153980255127,0,0
1595800282.045897,277.20067977905273,0,0
1595800282.055909,279.0028238296509,0,0
1595800282.0658967,280.80063343048096,0,0
1595800282.0759,282.6012325286865,0,0
1595800282.0859072,284.4025182723999,0,0
1595800282.0958948,286.20028495788574,0,0
1595800282.10591,288.0030298233032,0,0
1595800282.1158984,289.8009252548218,0,0
1595800282.1259034,291.601824760437,0,0
1595800282.135893,293.399977684021,0,0
1595800282.145901,295.2013921737671,0,0
1595800282.1558964,297.0005750656128,0,0
1595800282.165894,298.80014419555664,0,0
1595800282.1759,300.6012153625488,0,0
1595800282.1859093,302.40288734436035,0,0
1595800282.1959054,304.20219898223877,0,0
1595800282.2059069,306.00245475769043,0,0
1595800282.215908,307.80266761779785,0,0
1595800282.2259078,309.60262298583984,0,0
1595800282.2358966,311.4006042480469,0,0
1595800282.2459025,313.20167541503906,0,0
1595800282.2558932,315.0,0,0
1595800282.2658956,316.8004274368286,0,0
1595800282.2758915,318.5996961593628,0,0
1595800282.285894,320.4001235961914,0,0
1595800282.2958996,322.20115184783936,0,0
1595800282.305905,324.00213718414307,0,0
1595800282.3159082,325.8026933670044,0,0
1595800282.321703,326.8457508087158,0,0
1595800282.321703,343.4228754043579,0.09209513664245605,0
1595800282.325906,344.17943000793457,0.09209513664245605,0
1595800282.3358939,345.97723960876465,0.09209513664245605,0
1595800282.3459082,347.7798128128052,0.09209513664245605,0
1595800282.3559065,349.57951068878174,0.09209513664245605,0
1595800282.3658972,351.3778352737427,0.09209513664245605,0
1595800282.3758957,353.1775760650635,0.09209513664245605,0
1595800282.3859093,354.9800205230713,0.09209513664245605,0
1595800282.3958933,356.77714347839355,0.09209513664245605,0
1595800282.4059072,358.5796308517456,0.09209513664245605,0
1595800282.4138002,360,0.09209513664245605,1
1595800282.4138002,0,0,0
1595800282.4238114,1.8020153045654297,0,0
1595800282.4338143,3.6025285720825195,0,0
1595800282.443814,5.402483940124512,0,0
1595800282.4538188,7.203340530395508,0,0
1595800282.4638178,9.003167152404785,0,0
1595800282.473816,10.80282211303711,0,0
1595800282.4838016,12.600245475769043,0,0
1595800282.493807,14.401230812072754,0,0
1595800282.503809,16.20157241821289,0,0
1595800282.5138097,18.001699447631836,0,0
1595800282.523811,19.801955223083496,0,0
1595800282.5338109,21.60191059112549,0,0
1595800282.543814,23.402466773986816,0,0
1595800282.5538034,25.200576782226562,0,0
1595800282.5638063,27.001090049743652,0,0
1595800282.5738025,28.80040168762207,0,0
1595800282.5838165,30.60293197631836,0,0
1595800282.5938072,32.4012565612793,0,0
1595800282.603802,34.200310707092285,0,0
1595800282.613808,36.00138187408447,0,0
1595800282.6238065,37.80112266540527,0,0
1595800282.633809,39.601593017578125,0,0
1595800282.6438043,41.40073299407959,0,0
1595800282.653806,43.20103168487549,0,0
1595800282.6638036,45.000600814819336,0,0
1595800282.6738114,46.80201530456543,0,0
1595800282.6838021,48.60033988952637,0,0
1595800282.6938167,50.40295600891113,0,0
1595800282.7038126,52.20222473144531,0,0
1595800282.7138178,54.003167152404785,0,0
1595800282.7238145,55.80256462097168,0,0
1595800282.733809,57.60157585144043,0,0
1595800282.7438078,59.40135955810547,0,0
1595800282.7538157,61.20277404785156,0,0
1595800282.7638066,63.00114154815674,0,0
1595800282.7738025,64.80041027069092,0,0
1595800282.7838173,66.60306930541992,0,0
1595800282.7938082,68.4014368057251,0,0
1595800282.8038118,70.2020788192749,0,0
1595800282.813812,72.00212001800537,0,0
1595800282.8238049,73.80083084106445,0,0
1595800282.8338013,75.60018539428711,0,0
1595800282.8438091,77.4015998840332,0,0
1595800282.8538134,79.20237064361572,0,0
1595800282.8638124,81.002197265625,0,0
1595800282.873805,82.80086517333984,0,0
1595800282.8838015,84.6002197265625,0,0
1595800282.8938057,86.40099048614502,0,0
1595800282.903802,88.20030212402344,0,0
1595800282.9137998,89.99991416931152,0,0
1595800282.9237998,91.79991245269775,0,0
1595800282.9338078,93.60136985778809,0,0
1595800282.9438114,95.40201187133789,0,0
1595800282.9538162,97.20286846160889,0,0
1595800282.9638047,99.00080680847168,0,0
1595800282.9738178,100.80316543579102,0,0
1595800282.9838047,102.60080337524414,0,0
1595800282.9937997,104.39990043640137,0,0
1595800283.0038059,106.2010145187378,0,0
1595800283.01381,108.00174236297607,0,0
1595800283.0238054,109.80092525482178,0,0
1595800283.033817,111.60302639007568,0,0
1595800283.0438,113.399977684021,0,0
1595800283.0538113,115.20199298858643,0,0
1595800283.06381,117.00177669525146,0,0
1595800283.0738094,118.80164623260498,0,0
1595800283.0838087,120.6015157699585,0,0
1595800283.09381,122.40177154541016,0,0
1595800283.1038158,124.2027997970581,0,0
1595800283.113806,126.00103855133057,0,0
1595800283.1238117,127.80206680297852,0,0
1595800283.1338024,129.60039138793945,0,0
1595800283.143804,131.40069007873535,0,0
1595800283.153806,133.2010316848755,0,0
1595800283.1638045,135.0007724761963,0,0
1595800283.1738143,136.8025302886963,0,0
1595800283.1838038,138.60064029693604,0,0
1595800283.1938062,140.40106773376465,0,0
1595800283.2038035,142.20059394836426,0,0
1595800283.2138128,144.00226593017578,0,0
1595800283.2238133,145.8023500442505,0,0
1595800283.2338,147.59994506835938,0,0
1595800283.2438061,149.4010591506958,0,0
1595800283.2538016,151.2002420425415,0,0
1595800283.263809,153.00157070159912,0,0
1595800283.2738123,154.8021697998047,0,0
1595800283.2838075,156.60130977630615,0,0
1595800283.2938173,158.40306758880615,0,0
1595800283.3038063,160.20109176635742,0,0
1595800283.3138077,162.00134754180908,0,0
1595800283.3237996,163.7998867034912,0,0
1595800283.33381,165.60177326202393,0,0
1595800283.3437994,167.39984035491943,0,0
1595800283.3538146,169.2025852203369,0,0
1595800283.363809,171.00159645080566,0,0
1595800283.373805,172.80086517333984,0,0
1595800283.383807,174.60120677947998,0,0
1595800283.3938136,176.40240669250488,0,0
1595800283.4038064,178.20111751556396,0,0
1595800283.4138043,180.00072956085205,0,0
1595800283.4238021,181.80034160614014,0,0
1595800283.433815,183.60265731811523,0,0
1595800283.4438043,185.40072441101074,0,0
1595800283.4538105,187.20183849334717,0,0
1595800283.4638102,189.00179386138916,0,0
1595800283.4738061,190.80106258392334,0,0
1595800283.4838026,192.600417137146,0,0
1595800283.4937997,194.39990043640137,0,0
1595800283.5038097,196.2017011642456,0,0
1595800283.5138075,198.0013132095337,0,0
1595800283.5238023,199.80036735534668,0,0
1595800283.5338004,201.600022315979,0,0
1595800283.5438175,203.4031105041504,0,0
1595800283.5538,205.19997596740723,0,0
1595800283.5638134,207.0023775100708,0,0
1595800283.5738096,208.80168914794922,0,0
1595800283.58381,210.60177326202393,0,0
1595800283.5938044,212.40074157714844,0,0
1595800283.6038094,214.20164108276367,0,0
1595800283.6138146,216.00258350372314,0,0
1595800283.6238074,217.80129432678223,0,0
1595800283.6338136,219.60240840911865,0,0
1595800283.643801,221.40013217926025,0,0
1595800283.6538134,223.20236206054688,0,0
1595800283.663816,225.00283241271973,0,0
1595800283.6738079,226.80137157440186,0,0
1595800283.683808,228.60141277313232,0,0
1595800283.6938071,230.4012393951416,0,0
1595800283.703815,232.2026538848877,0,0
1595800283.7138104,234.0018367767334,0,0
1595800283.7238047,235.8008050918579,0,0
1595800283.7338116,237.60204792022705,0,0
1595800283.7438123,239.402174949646,0,0
1595800283.7538075,241.20131492614746,0,0
1595800283.7638125,243.0022144317627,0,0
1595800283.7738135,244.80238437652588,0,0
1595800283.783801,246.60015106201172,0,0
1595800283.7938046,248.40079307556152,0,0
1595800283.803814,250.20246505737305,0,0
1595800283.8138013,252.00018882751465,0,0
1595800283.8238173,253.80306243896484,0,0
1595800283.8338015,255.60022830963135,0,0
1595800283.8438172,257.4030590057373,0,0
1595800283.8538108,259.2018985748291,0,0
1595800283.8638113,261.0019826889038,0,0
1595800283.8738112,262.80198097229004,0,0
1595800283.8838089,264.6015501022339,0,0
1595800283.8938107,266.401891708374,0,0
1595800283.9038038,268.20064544677734,0,0
1595800283.91381,270.00175952911377,0,0
1595800283.923805,271.800856590271,0,0
1595800283.9338078,273.6013698577881,0,0
1595800283.9438171,275.4030418395996,0,0
1595800283.953815,277.2026538848877,0,0
1595800283.96381,279.0017509460449,0,0
1595800283.9738169,280.80299377441406,0,0
1595800283.9838042,282.60071754455566,0,0
1595800283.9938066,284.4011449813843,0,0
1595800284.0038095,286.20165824890137,0,0
1595800284.0138097,288.00169944763184,0,0
1595800284.0238166,289.802942276001,0,0
1595800284.033799,291.5997648239136,0,0
1595800284.0438063,293.4010934829712,0,0
1595800284.053805,295.20087718963623,0,0
1595800284.0638008,297.0001029968262,0,0
1595800284.0738096,298.8016891479492,0,0
1595800284.0838077,300.60134410858154,0,0
1595800284.0938094,302.40164279937744,0,0
1595800284.1038067,304.20116901397705,0,0
1595800284.1137986,305.9997081756592,0,0
1595800284.1238163,307.80288219451904,0,0
1595800284.1337993,309.59983348846436,0,0
1595800284.1438017,311.40026092529297,0,0
1595800284.1538136,313.2024049758911,0,0
1595800284.1638005,315.00004291534424,0,0
1595800284.1738076,316.8013286590576,0,0
1595800284.183809,318.6015844345093,0,0
1595800284.1938055,320.40093898773193,0,0
1595800284.2038064,322.2011089324951,0,0
1595800284.2138064,324.00110721588135,0,0
1595800284.2237985,325.7996892929077,0,0
1595800284.233801,327.6001167297363,0,0
1595800284.2438016,329.4002437591553,0,0
1595800284.253806,331.20105743408203,0,0
1595800284.2638016,333.00024032592773,0,0
1595800284.2738147,334.80259895324707,0,0
1595800284.283802,336.6003227233887,0,0
1595800284.2938085,338.40147972106934,0,0
1595800284.3037996,340.19989013671875,0,0
1595800284.3138049,342.0008325576782,0,0
1595800284.323805,343.8008737564087,0,0
1595800284.3338137,345.6024169921875,0,0
1595800284.3438015,347.4002265930176,0,0
1595800284.3538046,349.2007827758789,0,0
1595800284.363804,351.00069522857666,0,0
1595800284.3738017,352.8002643585205,0,0
1595800284.37432,352.89356231689453,0,0
1595800284.37432,356.44678115844727,0.01974010467529297,0
1595800284.3838167,358.1561851501465,0.01974010467529297,0
1595800284.3938072,359.9544668197632,0.01974010467529297,0
1595800284.3940752,360,0.01974010467529297,1
1595800284.3940752,0,0,0
1595800284.4040782,1.8005561828613281,0,0
1595800284.4140797,3.6008119583129883,0,0
1595800284.4240894,5.402569770812988,0,0
1595800284.4340885,7.202396392822266,0,0
1595800284.4440815,9.001150131225586,0,0
1595800284.4540908,10.80282211303711,0,0
1595800284.4640822,12.601275444030762,0,0
1595800284.4740872,14.402174949645996,0,0
1595800284.48409,16.202688217163086,0,0
1595800284.494079,18.000712394714355,0,0
1595800284.504088,19.802298545837402,0,0
1595800284.514079,21.600708961486816,0,0
1595800284.524087,23.40212345123291,0,0
1595800284.5340757,25.20010471343994,0,0
1595800284.544085,27.001776695251465,0,0
1595800284.554091,28.802847862243652,0,0
1595800284.5640883,30.60237407684326,0,0
1595800284.5740864,32.402029037475586,0,0
1595800284.5840855,34.20185565948486,0,0
1595800284.5940788,36.00065231323242,0,0
1595800284.6040802,37.80090808868408,0,0
1595800284.6140838,39.60155010223389,0,0
1595800284.6240752,41.40000343322754,0,0
1595800284.6340814,43.201117515563965,0,0
1595800284.6440802,45.000901222229004,0,0
1595800284.654085,46.8017578125,0,0
1595800284.6640887,48.60244274139404,0,0
1595800284.674091,50.402870178222656,0,0
1595800284.684092,52.20304012298584,0,0
1595800284.6940928,54.003167152404785,0,0
1595800284.7040772,55.80037593841553,0,0
1595800284.7140775,57.600417137145996,0,0
1595800284.7240906,59.40277576446533,0,0
1595800284.7340865,61.20204448699951,0,0
1595800284.7440841,63.00161361694336,0,0
1595800284.7540843,64.80165481567383,0,0
1595800284.764076,66.60015106201172,0,0
1595800284.7740903,68.40272426605225,0,0
1595800284.7840812,70.20109176635742,0,0
1595800284.7940788,72.00066089630127,0,0
1595800284.8040826,73.80134582519531,0,0
1595800284.8140771,75.60035705566406,0,0
1595800284.8240812,77.40108489990234,0,0
1595800284.8340766,79.20026779174805,0,0
1595800284.844075,80.99996566772461,0,0
1595800284.8540926,82.80313968658447,0,0
1595800284.8640757,84.60009098052979,0,0
1595800284.8740911,86.4028787612915,0,0
1595800284.8840892,88.20253372192383,0,0
1595800284.8940918,90.00300407409668,0,0
1595800284.9040923,91.80308818817139,0,0
1595800284.9140801,93.60089778900146,0,0
1595800284.92409,95.40265560150146,0,0
1595800284.9340792,97.20072269439697,0,0
1595800284.944088,99.00230884552002,0,0
1595800284.9540846,100.80170631408691,0,0
1595800284.9640863,102.60200500488281,0,0
1595800284.974085,104.40178871154785,0,0
1595800284.98409,106.20268821716309,0,0
1595800284.9940844,108.0016565322876,0,0
1595800285.004091,109.8028564453125,0,0
1595800285.0140848,111.60173892974854,0,0
1595800285.0240924,113.40311050415039,0,0
1595800285.0340798,115.20083427429199,0,0
1595800285.0440888,117.00246334075928,0,0
1595800285.0540786,118.80061626434326,0,0
1595800285.0640907,120.60280323028564,0,0
1595800285.0740776,122.40044116973877,0,0
1595800285.0840886,124.20241355895996,0,0
1595800285.094089,126.00249767303467,0,0
1595800285.1040893,127.80253887176514,0,0
1595800285.1140766,129.60026264190674,0,0
1595800285.1240854,131.40184879302979,0,0
1595800285.1340916,133.2029628753662,0,0
1595800285.1440897,135.00261783599854,0,0
1595800285.1540842,136.80162906646729,0,0
1595800285.1640842,138.60162734985352,0,0
1595800285.174079,140.4006814956665,0,0
1595800285.184085,142.2017526626587,0,0
1595800285.1940746,143.99990558624268,0,0
1595800285.2040865,145.80204963684082,0,0
1595800285.214082,147.60123252868652,0,0
1595800285.2240884,149.4023895263672,0,0
1595800285.2340848,151.20174407958984,0,0
1595800285.2440798,153.00084114074707,0,0
1595800285.2540927,154.80315685272217,0,0
1595800285.264087,156.60212516784668,0,0
1595800285.2740765,158.40023517608643,0,0
1595800285.2840786,160.2006196975708,0,0
1595800285.2940834,162.0014762878418,0,0
1595800285.304084,163.80160331726074,0,0
1595800285.3140926,165.60314655303955,0,0
1595800285.3240912,167.40288734436035,0,0
1595800285.3340867,169.20207023620605,0,0
1595800285.3440895,171.00258350372314,0,0
1595800285.3540819,172.80120849609375,0,0
1595800285.3640776,174.6004343032837,0,0
1595800285.37409,176.4026641845703,0,0
1595800285.3840785,178.2006025314331,0,0
1595800285.3940923,180.00308990478516,0,0
1595800285.4040885,181.80240154266357,0,0
1595800285.41408,183.60085487365723,0,0
1595800285.424091,185.40287017822266,0,0
1595800285.4340763,187.2002077102661,0,0
1595800285.444083,189.00140762329102,0,0
1595800285.4540823,190.80127716064453,0,0
1595800285.4640787,192.6006317138672,0,0
1595800285.4740908,194.40281867980957,0,0
1595800285.4840791,196.20071411132812,0,0
1595800285.4940908,198.00281524658203,0,0
1595800285.5040882,199.80234146118164,0,0
1595800285.5140808,201.60100936889648,0,0
1595800285.524074,203.39980602264404,0,0
1595800285.5340748,205.199933052063,0,0
1595800285.544074,206.9998025894165,0,0
1595800285.55409,208.8026762008667,0,0
1595800285.5640771,210.60035705566406,0,0
1595800285.574082,212.40121364593506,0,0
1595800285.5840807,214.2009973526001,0,0
1595800285.594079,216.00069522857666,0,0
1595800285.6040895,217.80258178710938,0,0
1595800285.6140773,219.60039138793945,0,0
1595800285.6240926,221.40313625335693,0,0
1595800285.6340854,223.20184707641602,0,0
1595800285.6440816,225.00115871429443,0,0
1595800285.6540833,226.80145740509033,0,0
1595800285.6640823,228.6012840270996,0,0
1595800285.674086,230.40196895599365,0,0
1595800285.6840825,232.2013235092163,0,0
1595800285.6940787,234.00063514709473,0,0
1595800285.7040784,235.80059051513672,0,0
1595800285.714089,237.60247707366943,0,0
1595800285.7240894,239.40256118774414,0,0
1595800285.7340868,241.20208740234375,0,0
1595800285.744092,243.00302982330322,0,0
1595800285.754083,244.8013973236084,0,0
1595800285.7640805,246.60096645355225,0,0
1595800285.7740748,248.39993476867676,0,0
1595800285.7840896,250.20259380340576,0,0
1595800285.7940893,252.00254917144775,0,0
1595800285.8040814,253.80113124847412,0,0
1595800285.8140857,255.60190200805664,0,0
1595800285.8240745,257.3998832702637,0,0
1595800285.8340824,259.20129776000977,0,0
1595800285.844081,261.00103855133057,0,0
1595800285.8540843,262.80163764953613,0,0
1595800285.8640814,264.6011209487915,0,0
1595800285.8740788,266.4006471633911,0,0
1595800285.8840828,268.2013750076294,0,0
1595800285.894076,270.00017166137695,0,0
1595800285.9040802,271.80089950561523,0,0
1595800285.91409,273.60265731811523,0,0
1595800285.9240787,275.40063858032227,0,0
1595800285.934081,277.2010660171509,0,0
1595800285.9440856,279.00187969207764,0,0
1595800285.9540896,280.8026075363159,0,0
1595800285.9640758,282.6001167297363,0,0
1595800285.9740841,284.4016170501709,0,0
1595800285.9840844,286.20165824890137,0,0
1595800285.9940736,287.9997253417969,0,0
1595800286.004085,289.80178356170654,0,0
1595800286.0140805,291.60096645355225,0,0
1595800286.0240746,293.3998918533325,0,0
1595800286.0340781,295.2005338668823,0,0
1595800286.0440876,297.0022487640381,0,0
1595800286.0540872,298.80216121673584,0,0
1595800286.0640817,300.6011724472046,0,0
1595800286.0740798,302.4008274078369,0,0
1595800286.0840793,304.20073986053467,0,0
1595800286.0940762,306.0001802444458,0,0
1595800286.1040738,307.79974937438965,0,0
1595800286.1140852,309.6018075942993,0,0
1595800286.1240885,311.4024066925049,0,0
1595800286.1340797,313.2008171081543,0,0
1595800286.1440907,315.0027894973755,0,0
1595800286.1540918,316.8030023574829,0,0
1595800286.1640882,318.60235691070557,0,0
1595800286.1740835,320.40149688720703,0,0
1595800286.1840777,322.20046520233154,0,0
1595800286.1940782,324.00054931640625,0,0
1595800286.2040782,325.8005475997925,0,0
1595800286.2140822,327.60127544403076,0,0
1595800286.224083,329.4014024734497,0,0
1595800286.2340808,331.2010145187378,0,0
1595800286.2440875,333.0022144317627,0,0
1595800286.2540839,334.80156898498535,0,0
1595800286.2640908,336.6028118133545,0,0
1595800286.274092,338.4030246734619,0,0
1595800286.2840767,340.2002763748169,0,0
1595800286.2940788,342.00066089630127,0,0
1595800286.3040788,343.8006591796875,0,0
1595800286.3140876,345.60224533081055,0,0
1595800286.3240747,347.3999261856079,0,0
1595800286.3340828,349.20138359069824,0,0
1595800286.3440742,350.9998369216919,0,0
1595800286.3540802,352.8009080886841,0,0
1595800286.3640823,354.60129261016846,0,0
1595800286.3740902,356.40270709991455,0,0
1595800286.384087,358.2021474838257,0,0
1595800286.3919315,359.6141481399536,0,0
1595800286.3919315,359.8070740699768,0.0010718107223510742,0
1595800286.3930185,360,0.0010718107223510742,1
1595800286.3930185,0,0,0
1595800286.403026,1.8013715744018555,0,0
1595800286.4130228,3.60076904296875,0,0
1595800286.4230218,5.400595664978027,0,0
1595800286.433027,7.2015380859375,0,0
1595800286.4430318,9.002394676208496,0,0
1595800286.4530194,10.800161361694336,0,0
1595800286.4630215,12.600545883178711,0,0
1595800286.4730225,14.400715827941895,0,0
1595800286.4830353,16.203031539916992,0,0
1595800286.493027,18.001527786254883,0,0
1595800286.5030203,19.80032444000244,0,0
1595800286.5130355,21.603069305419922,0,0
1595800286.52303,23.402080535888672,0,0
1595800286.5330217,25.200576782226562,0,0
1595800286.543037,27.003321647644043,0,0
1595800286.5530303,28.8021183013916,0,0
1595800286.5630252,30.601215362548828,0,0
1595800286.5730236,32.40091323852539,0,0
1595800286.583019,34.200096130371094,0,0
1595800286.5930238,36.00095272064209,0,0
1595800286.6030202,37.800307273864746,0,0
1595800286.6130254,39.60124969482422,0,0
1595800286.6230276,41.401634216308594,0,0
1595800286.6330225,43.20073127746582,0,0
1595800286.6430306,45.00218868255615,0,0
1595800286.6530352,46.80300235748291,0,0
1595800286.6630287,48.60184192657471,0,0
1595800286.6730366,50.4032564163208,0,0
1595800286.6830308,52.20222473144531,0,0
1595800286.6930335,54.002695083618164,0,0
1595800286.7030318,55.80239295959473,0,0
1595800286.7130253,57.60123252868652,0,0
1595800286.723029,59.40187454223633,0,0
1595800286.7330232,61.20084285736084,0,0
1595800286.7430348,63.002943992614746,0,0
1595800286.753023,64.80079650878906,0,0
1595800286.763023,66.6007947921753,0,0
1595800286.7730186,68.40002059936523,0,0
1595800286.7830324,70.20250797271729,0,0
1595800286.7930317,72.0023775100708,0,0
1595800286.8030276,73.80164623260498,0,0
1595800286.8130352,75.60301780700684,0,0
1595800286.8230348,77.40293025970459,0,0
1595800286.833031,79.20224189758301,0,0
1595800286.8430336,81.00271224975586,0,0
1595800286.8530278,82.80168056488037,0,0
1595800286.8630252,84.60120677947998,0,0
1595800286.873024,86.40099048614502,0,0
1595800286.8830364,88.20322036743164,0,0
1595800286.8930259,90.00133037567139,0,0
1595800286.9030318,91.80240154266357,0,0
1595800286.9130304,93.60214233398438,0,0
1595800286.9230223,95.4006814956665,0,0
1595800286.9330363,97.2032117843628,0,0
1595800286.9430242,99.00102138519287,0,0
1595800286.9530282,100.80174922943115,0,0
1595800286.96302,102.60028839111328,0,0
1595800286.9730222,104.40067291259766,0,0
1595800286.9830186,106.20002746582031,0,0
1595800286.9930186,108.00002574920654,0,0
1595800287.0030367,109.80328559875488,0,0
1595800287.0130358,111.60311222076416,0,0
1595800287.0230305,113.40216636657715,0,0
1595800287.0330207,115.20040512084961,0,0
1595800287.0430245,117.00109004974365,0,0
1595800287.053019,118.8001012802124,0,0
1595800287.063023,120.60082912445068,0,0
1595800287.0730338,122.40275859832764,0,0
1595800287.083036,124.20314311981201,0,0
1595800287.093037,126.0033130645752,0,0
1595800287.1030183,127.79996395111084,0,0
1595800287.1130211,129.60047721862793,0,0
1595800287.1230245,131.4010763168335,0,0
1595800287.133028,133.2017183303833,0,0
1595800287.1430345,135.00287532806396,0,0
1595800287.153018,136.79991245269775,0,0
1595800287.163032,138.60244274139404,0,0
1595800287.173035,140.40295600891113,0,0
1595800287.1830254,142.20123767852783,0,0
1595800287.1930346,144.00290966033936,0,0
1595800287.20303,145.80209255218506,0,0
1595800287.2130184,147.5999879837036,0,0
1595800287.2230182,149.3999433517456,0,0
1595800287.2330294,151.20195865631104,0,0
1595800287.2430177,152.9998540878296,0,0
1595800287.253018,154.79989528656006,0,0
1595800287.2630215,156.60053730010986,0,0
1595800287.273024,158.40100765228271,0,0
1595800287.2830307,160.20220756530762,0,0
1595800287.293034,162.00280666351318,0,0
1595800287.3030334,163.8026762008667,0,0
1595800287.313024,165.60100078582764,0,0
1595800287.3230367,167.4032735824585,0,0
1595800287.3330197,169.2002248764038,0,0
1595800287.343023,171.00082397460938,0,0
1595800287.353021,172.80043601989746,0,0
1595800287.3630311,174.60227966308594,0,0
1595800287.373025,176.40116214752197,0,0
1595800287.3830276,178.20163249969482,0,0
1595800287.3930283,180.00175952911377,0,0
1595800287.4030185,181.79999828338623,0,0
1595800287.413024,183.60098361968994,0,0
1595800287.4230227,185.40076732635498,0,0
1595800287.4330306,187.20218181610107,0,0
1595800287.4430358,189.00312423706055,0,0
1595800287.4530296,190.80200672149658,0,0
1595800287.4630196,192.6002025604248,0,0
1595800287.4730256,194.401273727417,0,0
1595800287.4830334,196.2026882171631,0,0
1595800287.4930205,198.00036907196045,0,0
1595800287.5030267,199.80148315429688,0,0
1595800287.5130348,201.6029405593872,0,0
1595800287.5230293,203.40195178985596,0,0
1595800287.5330226,205.20074844360352,0,0
1595800287.5430331,207.00263500213623,0,0
1595800287.5530293,208.80194664001465,0,0
1595800287.5630329,210.60258865356445,0,0
1595800287.5730286,212.4018144607544,0,0
1595800287.5830297,214.20202732086182,0,0
1595800287.5930266,216.00146770477295,0,0
1595800287.6030254,217.801251411438,0,0
1595800287.6130335,219.60270881652832,0,0
1595800287.6230283,221.4017629623413,0,0
1595800287.63302,223.2002592086792,0,0
1595800287.6430182,224.99995708465576,0,0
1595800287.6530201,226.8002986907959,0,0
1595800287.6630263,228.60141277313232,0,0
1595800287.6730206,230.40038108825684,0,0
1595800287.6830213,232.20050811767578,0,0
1595800287.6930292,234.00192260742188,0,0
1595800287.7030282,235.80174922943115,0,0
1595800287.713021,237.60046005249023,0,0
1595800287.723018,239.39990043640137,0,0
1595800287.7330194,241.20015621185303,0,0
1595800287.7430239,243.00096988677979,0,0
1595800287.753022,244.8006248474121,0,0
1595800287.7630205,246.6003656387329,0,0
1595800287.7730217,248.40057849884033,0,0
1595800287.7830236,250.20092010498047,0,0
1595800287.7930217,252.0005750656128,0,0
1595800287.8030329,253.80259037017822,0,0
1595800287.8130338,255.6027603149414,0,0
1595800287.823032,257.40241527557373,0,0
1595800287.8330178,259.1998815536499,0,0
1595800287.8430214,261.0005235671997,0,0
1595800287.8530226,262.80073642730713,0,0
1595800287.8630295,264.60197925567627,0,0
1595800287.8730314,266.4023208618164,0,0
1595800287.8830347,268.202919960022,0,0
1595800287.8930264,270.00141620635986,0,0
1595800287.903018,271.79991245269775,0,0
1595800287.9130182,273.5999536514282,0,0
1595800287.9230304,275.4021406173706,0,0
1595800287.9330304,277.20213890075684,0,0
1595800287.9430282,279.0017509460449,0,0
1595800287.9530282,280.80174922943115,0,0
1595800287.9630327,282.6025629043579,0,0
1595800287.9730322,284.40247535705566,0,0
1595800287.9830282,286.20174407958984,0,0
1595800287.9930248,288.00114154815674,0,0
1595800288.0030267,289.8014831542969,0,0
1595800288.0130324,291.6025114059448,0,0
1595800288.0230298,293.40203762054443,0,0
1595800288.0330203,295.20031929016113,0,0
1595800288.0430272,297.0015621185303,0,0
1595800288.0530257,298.8013029098511,0,0
1595800288.0630257,300.6013011932373,0,0
1595800288.0730345,302.40288734436035,0,0
1595800288.0830233,304.2008686065674,0,0
1595800288.0930185,306.00000858306885,0,0
1595800288.1030211,307.8004789352417,0,0
1595800288.1130238,309.60094928741455,0,0
1595800288.1230319,311.4024066925049,0,0
1595800288.133019,313.20008754730225,0,0
1595800288.1430268,315.00150203704834,0,0
1595800288.1530323,316.80248737335205,0,0
1595800288.1630316,318.60235691070557,0,0
1595800288.1730177,320.399866104126,0,0
1595800288.1830215,322.20055103302,0,0
1595800288.1930332,324.0026521682739,0,0
1595800288.2030349,325.8029508590698,0,0
1595800288.213018,327.59990215301514,0,0
1595800288.223024,329.4009733200073,0,0
1595800288.2330358,331.20311737060547,0,0
1595800288.2430327,333.0025577545166,0,0
1595800288.25302,334.8002815246582,0,0
1595800288.2630203,336.6003227233887,0,0
1595800288.2730296,338.4019947052002,0,0
1595800288.2830167,340.19967555999756,0,0
1595800288.293032,342.00242042541504,0,0
1595800288.3030267,343.801474571228,0,0
1595800288.3130293,345.6019449234009,0,0
1595800288.323022,347.4006128311157,0,0
1595800288.333035,349.20297145843506,0,0
1595800288.3430307,351.002197265625,0,0
1595800288.3530283,352.80176639556885,0,0
1595800288.3630292,354.60193634033203,0,0
1595800288.3730192,356.40013217926025,0,0
1595800288.3830209,358.20043087005615,0,0
1595800288.3930223,360,0,1
1595800288.3930223,0,0,0
1595800288.3995175,1.169142723083496,0,0
1595800288.3995175,0.584571361541748,-0.0032476186752319336,0
1595800288.403039,1.218430995941162,-0.0032476186752319336,0
1595800288.4130332,3.017399311065674,-0.0032476186752319336,0
1595800288.4230237,4.815680980682373,-0.0032476186752319336,0
1595800288.4330294,6.616709232330322,-0.0032476186752319336,0
1595800288.443023,8.41554880142212,-0.0032476186752319336,0
1595800288.4530387,10.218379497528076,-0.0032476186752319336,0
1595800288.4630249,12.015888690948486,-0.0032476186752319336,0
1595800288.4730237,13.815672397613525,-0.0032476186752319336,0
1595800288.483034,15.617516040802002,-0.0032476186752319336,0
1595800288.4930406,17.418715953826904,-0.0032476186752319336,0
1595800288.5030239,19.215710163116455,-0.0032476186752319336,0
1595800288.513036,21.017897129058838,-0.0032476186752319336,0
1595800288.5230381,22.818281650543213,-0.0032476186752319336,0
1595800288.5330322,24.617207050323486,-0.0032476186752319336,0
1595800288.5430317,26.41711950302124,-0.0032476186752319336,0
1595800288.5530293,28.216688632965088,-0.0032476186752319336,0
1595800288.5630245,30.015828609466553,-0.0032476186752319336,0
1595800288.5730357,31.817843914031982,-0.0032476186752319336,0
1595800288.5830357,33.61784219741821,-0.0032476186752319336,0
1595800288.5930345,35.41762590408325,-0.0032476186752319336,0
1595800288.6030223,37.21543550491333,-0.0032476186752319336,0
1595800288.6130354,39.017794132232666,-0.0032476186752319336,0
1595800288.6230283,40.81650495529175,-0.0032476186752319336,0
1595800288.6330364,42.61796236038208,-0.0032476186752319336,0
1595800288.6430354,44.41778898239136,-0.0032476186752319336,0
1595800288.6530232,46.215598583221436,-0.0032476186752319336,0
1595800288.6630344,48.017613887786865,-0.0032476186752319336,0
1595800288.6730392,49.81847047805786,-0.0032476186752319336,0
1595800288.6830382,51.61829710006714,-0.0032476186752319336,0
1595800288.6930254,53.4159779548645,-0.0032476186752319336,0
1595800288.7030225,55.21546125411987,-0.0032476186752319336,0
1595800288.7130404,57.018678188323975,-0.0032476186752319336,0
1595800288.723038,58.81824731826782,-0.0032476186752319336,0
1595800288.7330368,60.61803102493286,-0.0032476186752319336,0
1595800288.7430377,62.418200969696045,-0.0032476186752319336,0
1595800288.7530344,64.21759843826294,-0.0032476186752319336,0
1595800288.763028,66.01643800735474,-0.0032476186752319336,0
1595800288.7730298,67.81677961349487,-0.0032476186752319336,0
1595800288.783035,69.61772203445435,-0.0032476186752319336,0
1595800288.7930367,71.41802072525024,-0.0032476186752319336,0
1595800288.8030229,73.21552991867065,-0.0032476186752319336,0
1595800288.813034,75.01754522323608,-0.0032476186752319336,0
1595800288.8230321,76.81720018386841,-0.0032476186752319336,0
1595800288.8330383,78.61831426620483,-0.0032476186752319336,0
1595800288.843034,80.41754007339478,-0.0032476186752319336,0
1595800288.8530333,82.21740961074829,-0.0032476186752319336,0
1595800288.863029,84.01663541793823,-0.0032476186752319336,0
1595800288.873026,85.81607580184937,-0.0032476186752319336,0
1595800288.8830261,87.61611700057983,-0.0032476186752319336,0
1595800288.893038,89.41826105117798,-0.0032476186752319336,0
1595800288.9030383,91.21830224990845,-0.0032476186752319336,0
1595800288.9130247,93.0158543586731,-0.0032476186752319336,0
1595800288.9230387,94.81838464736938,-0.0032476186752319336,0
1595800288.9330382,96.61829710006714,-0.0032476186752319336,0
1595800288.9430285,98.4165358543396,-0.0032476186752319336,0
1595800288.9530334,100.21743535995483,-0.0032476186752319336,0
1595800288.963031,102.01700448989868,-0.0032476186752319336,0
1595800288.97303,103.81683111190796,-0.0032476186752319336,0
1595800288.9830265,105.61618566513062,-0.0032476186752319336,0
1595800288.9930255,107.41601228713989,-0.0032476186752319336,0
1595800289.0030239,109.21571016311646,-0.0032476186752319336,0
1595800289.013035,111.01772546768188,-0.0032476186752319336,0
1595800289.0230362,112.8179383277893,-0.0032476186752319336,0
1595800289.0330286,114.61656332015991,-0.0032476186752319336,0
1595800289.0430286,116.41656160354614,-0.0032476186752319336,0
1595800289.0530279,118.21643114089966,-0.0032476186752319336,0
1595800289.0630403,120.01866102218628,-0.0032476186752319336,0
1595800289.073037,121.81805849075317,-0.0032476186752319336,0
1595800289.0830338,123.6174988746643,-0.0032476186752319336,0
1595800289.0930386,125.4183554649353,-0.0032476186752319336,0
1595800289.1030354,127.21779584884644,-0.0032476186752319336,0
1595800289.1130385,129.01835203170776,-0.0032476186752319336,0
1595800289.1230345,130.81762075424194,-0.0032476186752319336,0
1595800289.1330311,132.61701822280884,-0.0032476186752319336,0
1595800289.1430237,134.41568613052368,-0.0032476186752319336,0
1595800289.1530392,136.2184739112854,-0.0032476186752319336,0
1595800289.1630273,138.01632642745972,-0.0032476186752319336,0
1595800289.1730247,139.81585264205933,-0.0032476186752319336,0
1595800289.183028,141.6164517402649,-0.0032476186752319336,0
1595800289.1930268,143.41623544692993,-0.0032476186752319336,0
1595800289.2030222,145.21541833877563,-0.0032476186752319336,0
1595800289.213023,147.01554536819458,-0.0032476186752319336,0
1595800289.223039,148.81841897964478,-0.0032476186752319336,0
1595800289.233035,150.6177306175232,-0.0032476186752319336,0
1595800289.2430334,152.41742849349976,-0.0032476186752319336,0
1595800289.253022,154.21536684036255,-0.0032476186752319336,0
1595800289.2630293,156.01669549942017,-0.0032476186752319336,0
1595800289.273038,157.81823873519897,-0.0032476186752319336,0
1595800289.2830381,159.61827993392944,-0.0032476186752319336,0
1595800289.2930224,161.41544580459595,-0.0032476186752319336,0
1595800289.303037,163.2180619239807,-0.0032476186752319336,0
1595800289.3130221,165.01539945602417,-0.0032476186752319336,0
1595800289.3230226,166.81548357009888,-0.0032476186752319336,0
1595800289.3330274,168.61634016036987,-0.0032476186752319336,0
1595800289.343035,170.41771173477173,-0.0032476186752319336,0
1595800289.3530343,172.21758127212524,-0.0032476186752319336,0
1595800289.3630283,174.01650667190552,-0.0032476186752319336,0
1595800289.3730235,175.81564664840698,-0.0032476186752319336,0
1595800289.3830297,177.6167607307434,-0.0032476186752319336,0
1595800289.3930266,179.41620111465454,-0.0032476186752319336,0
1595800289.4030335,181.21744394302368,-0.0032476186752319336,0
1595800289.4130235,183.0156397819519,-0.0032476186752319336,0
1595800289.4230373,184.81812715530396,-0.0032476186752319336,0
1595800289.4330382,186.61829710006714,-0.0032476186752319336,0
1595800289.443033,188.41735124588013,-0.0032476186752319336,0
1595800289.4530332,190.2173924446106,-0.0032476186752319336,0
1595800289.4630258,192.01606035232544,-0.0032476186752319336,0
1595800289.473036,193.81790399551392,-0.0032476186752319336,0
1595800289.483023,195.61554193496704,-0.0032476186752319336,0
1595800289.4930313,197.4170422554016,-0.0032476186752319336,0
1595800289.5030391,199.2184567451477,-0.0032476186752319336,0
1595800289.5130327,201.0172963142395,-0.0032476186752319336,0
1595800289.5230222,202.81540632247925,-0.0032476186752319336,0
1595800289.5330384,204.61832284927368,-0.0032476186752319336,0
1595800289.5430324,206.41724824905396,-0.0032476186752319336,0
1595800289.5530286,208.21655988693237,-0.0032476186752319336,0
1595800289.563032,210.01715898513794,-0.0032476186752319336,0
1595800289.573034,211.81754350662231,-0.0032476186752319336,0
1595800289.5830376,213.61818552017212,-0.0032476186752319336,0
1595800289.5930262,215.4161238670349,-0.0032476186752319336,0
1595800289.6030376,217.21818208694458,-0.0032476186752319336,0
1595800289.613038,219.0182662010193,-0.0032476186752319336,0
1595800289.6230378,220.81822156906128,-0.0032476186752319336,0
1595800289.6330352,222.6177477836609,-0.0032476186752319336,0
1595800289.6430218,224.41534280776978,-0.0032476186752319336,0
1595800289.6530333,226.21740102767944,-0.0032476186752319336,0
1595800289.6630373,228.01812887191772,-0.0032476186752319336,0
1595800289.6730363,229.817955493927,-0.0032476186752319336,0
1595800289.6830227,231.61550760269165,-0.0032476186752319336,0
1595800289.6930227,233.41550588607788,-0.0032476186752319336,0
1595800289.7030215,235.21528959274292,-0.0032476186752319336,0
1595800289.7130284,237.01653242111206,-0.0032476186752319336,0
1595800289.7230253,238.8159728050232,-0.0032476186752319336,0
1595800289.733025,240.61592817306519,-0.0032476186752319336,0
1595800289.7430224,242.4154543876648,-0.0032476186752319336,0
1595800289.753031,244.2169976234436,-0.0032476186752319336,0
1595800289.7630363,246.01794004440308,-0.0032476186752319336,0
1595800289.7730253,247.81596422195435,-0.0032476186752319336,0
1595800289.7830377,249.61819410324097,-0.0032476186752319336,0
1595800289.793031,251.41699075698853,-0.0032476186752319336,0
1595800289.8030276,253.21638822555542,-0.0032476186752319336,0
1595800289.8130322,255.01720190048218,-0.0032476186752319336,0
1595800289.8230338,256.8175005912781,-0.0032476186752319336,0
1595800289.8330214,258.6152672767639,-0.0032476186752319336,0
1595800289.8430305,260.4168963432312,-0.0032476186752319336,0
1595800289.8530276,262.2163796424866,-0.0032476186752319336,0
1595800289.8630247,264.01586294174194,-0.0032476186752319336,0
1595800289.8730252,265.81594705581665,-0.0032476186752319336,0
1595800289.8830373,267.61813402175903,-0.0032476186752319336,0
1595800289.8930247,269.41585779190063,-0.0032476186752319336,0
1595800289.9030342,271.2175726890564,-0.0032476186752319336,0
1595800289.9130247,273.0158543586731,-0.0032476186752319336,0
1595800289.9230351,274.8177409172058,-0.0032476186752319336,0
1595800289.9330273,276.6163229942322,-0.0032476186752319336,0
1595800289.9430275,278.41636419296265,-0.0032476186752319336,0
1595800289.9530323,280.21722078323364,-0.0032476186752319336,0
1595800289.9630387,282.0183777809143,-0.0032476186752319336,0
1595800289.9730327,283.8173031806946,-0.0032476186752319336,0
1595800289.9830236,285.61567068099976,-0.0032476186752319336,0
1595800289.9930289,287.41661310195923,-0.0032476186752319336,0
1595800290.0030344,289.21759843826294,-0.0032476186752319336,0
1595800290.0130377,291.0181975364685,-0.0032476186752319336,0
1595800290.0230315,292.81708002090454,-0.0032476186752319336,0
1595800290.0330224,294.6154475212097,-0.0032476186752319336,0
1595800290.0430386,296.41836404800415,-0.0032476186752319336,0
1595800290.0530353,298.21776151657104,-0.0032476186752319336,0
1595800290.06303,300.01681566238403,-0.0032476186752319336,0
1595800290.0730336,301.81745767593384,-0.0032476186752319336,0
1595800290.0830212,303.6152243614197,-0.0032476186752319336,0
1595800290.0930371,305.4180979728699,-0.0032476186752319336,0
1595800290.1030293,307.21668004989624,-0.0032476186752319336,0
1595800290.1130373,309.0181374549866,-0.0032476186752319336,0
1595800290.123022,310.81538915634155,-0.0032476186752319336,0
1595800290.133038,312.61826276779175,-0.0032476186752319336,0
1595800290.143036,314.41787481307983,-0.0032476186752319336,0
1595800290.1530225,316.2154698371887,-0.0032476186752319336,0
1595800290.163027,318.0162835121155,-0.0032476186752319336,0
1595800290.1730351,319.8177409172058,-0.0032476186752319336,0
1595800290.1830282,321.61649465560913,-0.0032476186752319336,0
1595800290.1930363,323.41795206069946,-0.0032476186752319336,0
1595800290.2030375,325.2181649208069,-0.0032476186752319336,0
1595800290.2130232,327.0155882835388,-0.0032476186752319336,0
1595800290.2230213,328.81524324417114,-0.0032476186752319336,0
1595800290.2330227,330.6154990196228,-0.0032476186752319336,0
1595800290.2430286,332.416570186615,-0.0032476186752319336,0
1595800290.2530344,334.21759843826294,-0.0032476186752319336,0
1595800290.2630284,336.0165238380432,-0.0032476186752319336,0
1595800290.273037,337.818067073822,-0.0032476186752319336,0
1595800290.2830298,339.6167778968811,-0.0032476186752319336,0
1595800290.2930312,341.41703367233276,-0.0032476186752319336,0
1595800290.3030245,343.2158303260803,-0.0032476186752319336,0
1595800290.3130286,345.0165581703186,-0.0032476186752319336,0
1595800290.3230324,346.81724309921265,-0.0032476186752319336,0
1595800290.333039,348.61844301223755,-0.0032476186752319336,0
1595800290.3430386,350.4183554649353,-0.0032476186752319336,0
1595800290.3530347,352.2176671028137,-0.0032476186752319336,0
1595800290.3630304,354.01689291000366,-0.0032476186752319336,0
1595800290.3730319,355.8171486854553,-0.0032476186752319336,0
1595800290.3830328,357.6173186302185,-0.0032476186752319336,0
1595800290.393029,359.4166302680969,-0.0032476186752319336,0
1595800290.396274,360,-0.0032476186752319336,1
1595800290.396274,0,0,0
1595800290.4062815,1.8013286590576172,0,0
1595800290.4162898,3.6028289794921875,0,0
1595800290.426287,5.402312278747559,0,0
1595800290.4362743,7.20003604888916,0,0
1595800290.4462767,9.000463485717773,0,0
1595800290.4562795,10.800976753234863,0,0
1595800290.4662864,12.602219581604004,0,0
1595800290.4762836,14.401702880859375,0,0
1595800290.4862816,16.2013578414917,0,0
1595800290.496291,18.003029823303223,0,0
1595800290.5062757,19.800281524658203,0,0
1595800290.5162861,21.602168083190918,0,0
1595800290.5262783,23.400750160217285,0,0
1595800290.5362854,25.202035903930664,0,0
1595800290.5462866,27.002248764038086,0,0
1595800290.5562768,28.800487518310547,0,0
1595800290.5662808,30.601215362548828,0,0
1595800290.5762744,32.400054931640625,0,0
1595800290.5862775,34.20061111450195,0,0
1595800290.5962856,36.002068519592285,0,0
1595800290.6062858,37.802109718322754,0,0
1595800290.6162817,39.601378440856934,0,0
1595800290.6262844,41.401848793029785,0,0
1595800290.6362822,43.20146083831787,0,0
1595800290.6462836,45.00171661376953,0,0
1595800290.6562793,46.80094242095947,0,0
1595800290.6662803,48.601112365722656,0,0
1595800290.6762753,50.40020942687988,0,0
1595800290.6862795,52.2009801864624,0,0
1595800290.696288,54.00252342224121,0,0
1595800290.706278,55.800719261169434,0,0
1595800290.7162821,57.601447105407715,0,0
1595800290.726275,59.4001579284668,0,0
1595800290.7362888,61.20264530181885,0,0
1595800290.7462747,63.00011157989502,0,0
1595800290.7562861,64.80216979980469,0,0
1595800290.7662802,66.60109519958496,0,0
1595800290.7762892,68.40272426605225,0,0
1595800290.7862759,70.20031929016113,0,0
1595800290.796285,72.00194835662842,0,0
1595800290.806276,73.80035877227783,0,0
1595800290.8162892,75.60271739959717,0,0
1595800290.8262928,77.40335941314697,0,0
1595800290.8362892,79.20271396636963,0,0
1595800290.8462837,81.00172519683838,0,0
1595800290.8562882,82.80253887176514,0,0
1595800290.8662784,84.6007776260376,0,0
1595800290.8762772,86.40056133270264,0,0
1595800290.886281,88.20124626159668,0,0
1595800290.8962834,90.0016736984253,0,0
1595800290.9062808,91.8011999130249,0,0
1595800290.9162853,93.60201358795166,0,0
1595800290.9262872,95.4023551940918,0,0
1595800290.9362912,97.20308303833008,0,0
1595800290.946278,99.0007209777832,0,0
1595800290.9562829,100.8015775680542,0,0
1595800290.9662836,102.60170459747314,0,0
1595800290.9762814,104.40131664276123,0,0
1595800290.9862916,106.2031602859497,0,0
1595800290.9962866,108.00225734710693,0,0
1595800291.0062869,109.8022985458374,0,0
1595800291.0162911,111.60306930541992,0,0
1595800291.0262828,113.40156555175781,0,0
1595800291.0362794,115.2009630203247,0,0
1595800291.046284,117.00177669525146,0,0
1595800291.0562797,118.8010025024414,0,0
1595800291.0662906,120.6029748916626,0,0
1595800291.0762858,122.40211486816406,0,0
1595800291.0862813,124.20129776000977,0,0
1595800291.0962756,126.00026607513428,0,0
1595800291.106282,127.80142307281494,0,0
1595800291.1162796,129.6009922027588,0,0
1595800291.1262796,131.40099048614502,0,0
1595800291.13629,133.20287704467773,0,0
1595800291.1462874,135.00240325927734,0,0
1595800291.156281,136.80124282836914,0,0
1595800291.166279,138.60089778900146,0,0
1595800291.1762733,140.39986610412598,0,0
1595800291.1862779,142.20067977905273,0,0
1595800291.1962771,144.00054931640625,0,0
1595800291.2062821,145.80144882202148,0,0
1595800291.2162821,147.60144710540771,0,0
1595800291.226281,149.40123081207275,0,0
1595800291.2362888,151.20264530181885,0,0
1595800291.2462807,153.00118446350098,0,0
1595800291.2562814,154.80131149291992,0,0
1595800291.266281,156.60122394561768,0,0
1595800291.2762747,158.4001064300537,0,0
1595800291.286283,160.20160675048828,0,0
1595800291.2962832,162.00164794921875,0,0
1595800291.306278,163.80070209503174,0,0
1595800291.316289,165.60267448425293,0,0
1595800291.3262742,167.4000120162964,0,0
1595800291.3362772,169.20056819915771,0,0
1595800291.346274,170.9999656677246,0,0
1595800291.3562877,172.80245304107666,0,0
1595800291.3662775,174.60060596466064,0,0
1595800291.3762896,176.40279293060303,0,0
1595800291.3862813,178.20128917694092,0,0
1595800291.396289,180.002703666687,0,0
1595800291.4062905,181.80295944213867,0,0
1595800291.4162793,183.6009407043457,0,0
1595800291.4262736,185.39990901947021,0,0
1595800291.4362793,187.20093727111816,0,0
1595800291.4462764,189.00042057037354,0,0
1595800291.4562914,190.80312252044678,0,0
1595800291.4662743,192.60003089904785,0,0
1595800291.4762814,194.40131664276123,0,0
1595800291.4862847,196.2019157409668,0,0
1595800291.4962845,198.0018711090088,0,0
1595800291.5062895,199.80277061462402,0,0
1595800291.516287,201.60233974456787,0,0
1595800291.5262759,203.4003210067749,0,0
1595800291.536287,205.20233631134033,0,0
1595800291.5462914,207.00310707092285,0,0
1595800291.5562854,208.80203247070312,0,0
1595800291.5662868,210.60228824615479,0,0
1595800291.5762744,212.40005493164062,0,0
1595800291.58629,214.20284271240234,0,0
1595800291.596287,216.00232601165771,0,0
1595800291.606275,217.80017852783203,0,0
1595800291.6162834,219.6016788482666,0,0
1595800291.6262763,221.40038967132568,0,0
1595800291.636288,223.2024908065796,0,0
1595800291.6462815,225.0013303756714,0,0
1595800291.656275,226.80016994476318,0,0
1595800291.6662745,228.60008239746094,0,0
1595800291.676276,230.4003381729126,0,0
1595800291.6862855,232.20205307006836,0,0
1595800291.696287,234.00230884552002,0,0
1595800291.7062764,235.80041885375977,0,0
1595800291.7162907,237.6029920578003,0,0
1595800291.7262747,239.40011501312256,0,0
1595800291.7362778,241.2006711959839,0,0
1595800291.7462866,243.00225734710693,0,0
1595800291.75628,244.8010540008545,0,0
1595800291.7662892,246.60272598266602,0,0
1595800291.776289,248.402681350708,0,0
1595800291.78629,250.2028512954712,0,0
1595800291.7962914,252.00310707092285,0,0
1595800291.806278,253.80070209503174,0,0
1595800291.816289,255.60267448425293,0,0
1595800291.8262825,257.4015140533447,0,0
1595800291.8362865,259.202241897583,0,0
1595800291.8462906,261.0029697418213,0,0
1595800291.8562913,262.80309677124023,0,0
1595800291.866278,264.6006917953491,0,0
1595800291.8762796,266.400990486145,0,0
1595800291.8862844,268.201847076416,0,0
1595800291.8962915,270.0031328201294,0,0
1595800291.9062812,271.8012857437134,0,0
1595800291.9162793,273.6009407043457,0,0
1595800291.9262912,275.40308475494385,0,0
1595800291.9362757,277.2002935409546,0,0
1595800291.9462836,279.0017080307007,0,0
1595800291.9562764,280.80041885375977,0,0
1595800291.9662898,282.60282039642334,0,0
1595800291.9762826,284.4015312194824,0,0
1595800291.9862895,286.20277404785156,0,0
1595800291.9962862,288.00217151641846,0,0
1595800292.0062883,289.80255603790283,0,0
1595800292.016285,291.6019535064697,0,0
1595800292.0262876,293.4024238586426,0,0
1595800292.0362864,295.2022075653076,0,0
1595800292.0462892,297.0027208328247,0,0
1595800292.0562806,298.80117416381836,0,0
1595800292.066275,300.60014247894287,0,0
1595800292.0762863,302.40220069885254,0,0
1595800292.0862727,304.1997528076172,0,0
1595800292.0962825,306.0015106201172,0,0
1595800292.1062822,307.8014659881592,0,0
1595800292.116276,309.6003484725952,0,0
1595800292.1262784,311.4007759094238,0,0
1595800292.1362793,313.200945854187,0,0
1595800292.1462843,315.00184535980225,0,0
1595800292.1562824,316.80150032043457,0,0
1595800292.1662822,318.60145568847656,0,0
1595800292.1762817,320.4013681411743,0,0
1595800292.186284,322.20179557800293,0,0
1595800292.19628,324.0010643005371,0,0
1595800292.2062871,325.8023500442505,0,0
1595800292.2162726,327.5997304916382,0,0
1595800292.2262883,329.40256118774414,0,0
1595800292.2362897,331.2028169631958,0,0
1595800292.2462833,333.0016565322876,0,0
1595800292.2562745,334.800066947937,0,0
1595800292.2662876,336.60242557525635,0,0
1595800292.276278,338.40070724487305,0,0
1595800292.2862735,340.19989013671875,0,0
1595800292.2962818,342.0013904571533,0,0
1595800292.3062816,343.8013458251953,0,0
1595800292.3162737,345.5999279022217,0,0
1595800292.3262784,347.4007844924927,0,0
1595800292.3362842,349.2018127441406,0,0
1595800292.346278,351.00069522857666,0,0
1595800292.356287,352.80232429504395,0,0
1595800292.3662832,354.60163593292236,0,0
1595800292.3762834,356.40167713165283,0,0
1595800292.3862734,358.19987297058105,0,0
1595800292.3962762,360,0,1
1595800292.3962762,0,0,0
1595800292.4046183,1.5015649795532227,0,0
1595800292.4046183,0.7507824897766113,-0.004171013832092285,0
1595800292.4062872,1.05118989944458,-0.004171013832092285,0
1595800292.4162786,2.8496432304382324,-0.004171013832092285,0
1595800292.426282,4.650242328643799,-0.004171013832092285,0
1595800292.4362893,6.451570987701416,-0.004171013832092285,0
1595800292.4462903,8.2517409324646,-0.004171013832092285,0
1595800292.4562874,10.05122423171997,-0.004171013832092285,0
1595800292.466277,11.849334239959717,-0.004171013832092285,0
1595800292.47629,13.651692867279053,-0.004171013832092285,0
1595800292.4862885,15.451433658599854,-0.004171013832092285,0
1595800292.496288,17.251346111297607,-0.004171013832092285,0
1595800292.5062804,19.049971103668213,-0.004171013832092285,0
1595800292.5162883,20.851385593414307,-0.004171013832092285,0
1595800292.5262792,22.649753093719482,-0.004171013832092285,0
1595800292.536287,24.451167583465576,-0.004171013832092285,0
1595800292.5462918,26.252024173736572,-0.004171013832092285,0
1595800292.556281,28.05009126663208,-0.004171013832092285,0
1595800292.566286,29.850990772247314,-0.004171013832092285,0
1595800292.5762787,31.649658679962158,-0.004171013832092285,0
1595800292.5862873,33.45120191574097,-0.004171013832092285,0
1595800292.5962768,35.24931192398071,-0.004171013832092285,0
1595800292.6062856,37.05089807510376,-0.004171013832092285,0
1595800292.616284,38.85059595108032,-0.004171013832092285,0
1595800292.6262922,40.65209627151489,-0.004171013832092285,0
1595800292.6362913,42.45192289352417,-0.004171013832092285,0
1595800292.6462915,44.25196409225464,-0.004171013832092285,0
1595800292.6562903,46.05174779891968,-0.004171013832092285,0
1595800292.6662893,47.851574420928955,-0.004171013832092285,0
1595800292.6762824,49.650328159332275,-0.004171013832092285,0
1595800292.6862879,51.451313495635986,-0.004171013832092285,0
1595800292.6962852,53.250839710235596,-0.004171013832092285,0
1595800292.7062812,55.050108432769775,-0.004171013832092285,0
1595800292.7162905,56.8517804145813,-0.004171013832092285,0
1595800292.7262852,58.65083456039429,-0.004171013832092285,0
1595800292.7362826,60.4503607749939,-0.004171013832092285,0
1595800292.7462893,62.2515606880188,-0.004171013832092285,0
1595800292.7562785,64.0496277809143,-0.004171013832092285,0
1595800292.7662826,65.85035562515259,-0.004171013832092285,0
1595800292.776291,67.65185594558716,-0.004171013832092285,0
1595800292.7862914,69.45194005966187,-0.004171013832092285,0
1595800292.7962818,71.25022172927856,-0.004171013832092285,0
1595800292.8062937,73.05236577987671,-0.004171013832092285,0
1595800292.816288,74.85133409500122,-0.004171013832092285,0
1595800292.8262777,76.6494870185852,-0.004171013832092285,0
1595800292.8362906,78.4518027305603,-0.004171013832092285,0
1595800292.8462832,80.25047063827515,-0.004171013832092285,0
1595800292.85629,82.05171346664429,-0.004171013832092285,0
1595800292.8662763,83.8492226600647,-0.004171013832092285,0
1595800292.8762789,85.64969301223755,-0.004171013832092285,0
1595800292.8862867,87.45110750198364,-0.004171013832092285,0
1595800292.8962932,89.2522644996643,-0.004171013832092285,0
1595800292.9062915,91.05196237564087,-0.004171013832092285,0
1595800292.91629,92.85170316696167,-0.004171013832092285,0
1595800292.9262893,94.65157270431519,-0.004171013832092285,0
1595800292.9362931,96.45225763320923,-0.004171013832092285,0
1595800292.9462845,98.25071096420288,-0.004171013832092285,0
1595800292.956286,100.05096673965454,-0.004171013832092285,0
1595800292.966281,101.85006380081177,-0.004171013832092285,0
1595800292.9762812,103.65010499954224,-0.004171013832092285,0
1595800292.9862928,105.45220613479614,-0.004171013832092285,0
1595800292.996277,107.24937200546265,-0.004171013832092285,0
1595800293.0062933,109.05228853225708,-0.004171013832092285,0
1595800293.0162883,110.8513855934143,-0.004171013832092285,0
1595800293.0262854,112.65086889266968,-0.004171013832092285,0
1595800293.0362759,114.44915056228638,-0.004171013832092285,0
1595800293.0462902,116.2517237663269,-0.004171013832092285,0
1595800293.0562818,118.0502200126648,-0.004171013832092285,0
1595800293.0662854,119.8508620262146,-0.004171013832092285,0
1595800293.07629,121.65167570114136,-0.004171013832092285,0
1595800293.0862758,123.44914197921753,-0.004171013832092285,0
1595800293.09629,125.25171518325806,-0.004171013832092285,0
1595800293.1062913,127.05192804336548,-0.004171013832092285,0
1595800293.1162837,128.85055303573608,-0.004171013832092285,0
1595800293.1262834,130.65050840377808,-0.004171013832092285,0
1595800293.136294,132.4523949623108,-0.004171013832092285,0
1595800293.1462803,134.24994707107544,-0.004171013832092285,0
1595800293.156283,136.0504174232483,-0.004171013832092285,0
1595800293.166276,137.8491711616516,-0.004171013832092285,0
1595800293.1762934,139.65230226516724,-0.004171013832092285,0
1595800293.1862786,141.4496397972107,-0.004171013832092285,0
1595800293.19629,143.25169801712036,-0.004171013832092285,0
1595800293.2062829,145.05040884017944,-0.004171013832092285,0
1595800293.2162774,146.8494200706482,-0.004171013832092285,0
1595800293.2262774,148.64941835403442,-0.004171013832092285,0
1595800293.236285,150.45078992843628,-0.004171013832092285,0
1595800293.2462938,152.25237607955933,-0.004171013832092285,0
1595800293.2562864,154.05104398727417,-0.004171013832092285,0
1595800293.2662814,155.8501410484314,-0.004171013832092285,0
1595800293.276294,157.65241384506226,-0.004171013832092285,0
1595800293.2862914,159.45194005966187,-0.004171013832092285,0
1595800293.2962768,161.24932050704956,-0.004171013832092285,0
1595800293.3062909,163.05185079574585,-0.004171013832092285,0
1595800293.316289,164.85150575637817,-0.004171013832092285,0
1595800293.3262858,166.6509461402893,-0.004171013832092285,0
1595800293.3362908,168.45184564590454,-0.004171013832092285,0
1595800293.3462856,170.25089979171753,-0.004171013832092285,0
1595800293.356285,172.05081224441528,-0.004171013832092285,0
1595800293.3662882,173.8513684272766,-0.004171013832092285,0
1595800293.3762817,175.6502079963684,-0.004171013832092285,0
1595800293.3862805,177.44999170303345,-0.004171013832092285,0
1595800293.3962762,179.2492175102234,-0.004171013832092285,0
1595800293.4062777,181.04947328567505,-0.004171013832092285,0
1595800293.4162898,182.85166025161743,-0.004171013832092285,0
1595800293.4262931,184.652259349823,-0.004171013832092285,0
1595800293.4362862,186.45101308822632,-0.004171013832092285,0
1595800293.4462864,188.2510542869568,-0.004171013832092285,0
1595800293.4562929,190.05221128463745,-0.004171013832092285,0
1595800293.4662895,191.85160875320435,-0.004171013832092285,0
1595800293.4762912,193.65190744400024,-0.004171013832092285,0
1595800293.4862924,195.45212030410767,-0.004171013832092285,0
1595800293.4962933,197.25229024887085,-0.004171013832092285,0
1595800293.5062916,199.0519881248474,-0.004171013832092285,0
1595800293.516292,200.85207223892212,-0.004171013832092285,0
1595800293.5262847,202.65074014663696,-0.004171013832092285,0
1595800293.5362911,204.45189714431763,-0.004171013832092285,0
1595800293.5462818,206.25022172927856,-0.004171013832092285,0
1595800293.5562785,208.04961919784546,-0.004171013832092285,0
1595800293.5662854,209.8508620262146,-0.004171013832092285,0
1595800293.5762815,211.65017366409302,-0.004171013832092285,0
1595800293.5862901,213.45171689987183,-0.004171013832092285,0
1595800293.5962846,215.25072813034058,-0.004171013832092285,0
1595800293.606289,217.0514988899231,-0.004171013832092285,0
1595800293.6162808,218.85003805160522,-0.004171013832092285,0
1595800293.626279,220.6497359275818,-0.004171013832092285,0
1595800293.6362772,222.4493908882141,-0.004171013832092285,0
1595800293.6462896,224.25162076950073,-0.004171013832092285,0
1595800293.6562855,226.0508894920349,-0.004171013832092285,0
1595800293.6662881,227.85135984420776,-0.004171013832092285,0
1595800293.6762817,229.65019941329956,-0.004171013832092285,0
1595800293.686288,231.45135641098022,-0.004171013832092285,0
1595800293.6962807,233.25002431869507,-0.004171013832092285,0
1595800293.7062757,235.0491213798523,-0.004171013832092285,0
1595800293.716276,236.84916257858276,-0.004171013832092285,0
1595800293.7262764,238.64924669265747,-0.004171013832092285,0
1595800293.736277,240.44937372207642,-0.004171013832092285,0
1595800293.7462802,242.24992990493774,-0.004171013832092285,0
1595800293.7562864,244.05104398727417,-0.004171013832092285,0
1595800293.7662904,245.85177183151245,-0.004171013832092285,0
1595800293.7762804,247.64996767044067,-0.004171013832092285,0
1595800293.786289,249.45151090621948,-0.004171013832092285,0
1595800293.7962806,251.25000715255737,-0.004171013832092285,0
1595800293.8062863,253.05103540420532,-0.004171013832092285,0
1595800293.81629,254.85167741775513,-0.004171013832092285,0
1595800293.8262749,256.64897203445435,-0.004171013832092285,0
1595800293.8362808,258.45004320144653,-0.004171013832092285,0
1595800293.8462808,260.25004148483276,-0.004171013832092285,0
1595800293.8562844,262.05068349838257,-0.004171013832092285,0
1595800293.8662868,263.8511109352112,-0.004171013832092285,0
1595800293.8762913,265.65192461013794,-0.004171013832092285,0
1595800293.8862796,267.4498200416565,-0.004171013832092285,0
1595800293.8962765,269.2492604255676,-0.004171013832092285,0
1595800293.9062853,271.0508465766907,-0.004171013832092285,0
1595800293.9162757,272.8491282463074,-0.004171013832092285,0
1595800293.9262836,274.65054273605347,-0.004171013832092285,0
1595800293.9362805,276.4499831199646,-0.004171013832092285,0
1595800293.946287,278.25114011764526,-0.004171013832092285,0
1595800293.9562879,280.05131006240845,-0.004171013832092285,0
1595800293.966282,281.8502354621887,-0.004171013832092285,0
1595800293.9762888,283.65147829055786,-0.004171013832092285,0
1595800293.9862826,285.4503607749939,-0.004171013832092285,0
1595800293.9962773,287.2494149208069,-0.004171013832092285,0
1595800294.0062797,289.0498423576355,-0.004171013832092285,0
1595800294.0162818,290.8502268791199,-0.004171013832092285,0
1595800294.0262797,292.64983892440796,-0.004171013832092285,0
1595800294.036288,294.45133924484253,-0.004171013832092285,0
1595800294.0462875,296.2512516975403,-0.004171013832092285,0
1595800294.056292,298.05206537246704,-0.004171013832092285,0
1595800294.06629,299.8516774177551,-0.004171013832092285,0
1595800294.0762875,301.651246547699,-0.004171013832092285,0
1595800294.0862868,303.4511160850525,-0.004171013832092285,0
1595800294.0962832,305.25047063827515,-0.004171013832092285,0
1595800294.1062777,307.0494818687439,-0.004171013832092285,0
1595800294.1162753,308.84905099868774,-0.004171013832092285,0
1595800294.1262822,310.6502938270569,-0.004171013832092285,0
1595800294.1362898,312.45166540145874,-0.004171013832092285,0
1595800294.1462922,314.25209283828735,-0.004171013832092285,0
1595800294.1562788,316.04968786239624,-0.004171013832092285,0
1595800294.1662843,317.85067319869995,-0.004171013832092285,0
1595800294.1762755,319.64908361434937,-0.004171013832092285,0
1595800294.1862836,321.4505410194397,-0.004171013832092285,0
1595800294.1962924,323.25212717056274,-0.004171013832092285,0
1595800294.2062795,325.0498080253601,-0.004171013832092285,0
1595800294.216286,326.85096502304077,-0.004171013832092285,0
1595800294.226289,328.6515212059021,-0.004171013832092285,0
1595800294.2362888,330.4514765739441,-0.004171013832092285,0
1595800294.2462816,332.2501873970032,-0.004171013832092285,0
1595800294.2562788,334.04967069625854,-0.004171013832092285,0
1595800294.266283,335.85044145584106,-0.004171013832092285,0
1595800294.2762928,337.65219926834106,-0.004171013832092285,0
1595800294.2862887,339.45146799087524,-0.004171013832092285,0
1595800294.2962897,341.2516379356384,-0.004171013832092285,0
1595800294.3062894,343.0515933036804,-0.004171013832092285,0
1595800294.3162901,344.85172033309937,-0.004171013832092285,0
1595800294.326288,346.65133237838745,-0.004171013832092285,0
1595800294.336293,348.4522318840027,-0.004171013832092285,0
1595800294.3462899,350.2516722679138,-0.004171013832092285,0
1595800294.3562813,352.05012559890747,-0.004171013832092285,0
1595800294.3662784,353.84960889816284,-0.004171013832092285,0
1595800294.3762763,355.6492209434509,-0.004171013832092285,0
1595800294.3862748,357.44896173477173,-0.004171013832092285,0
1595800294.396278,359.24951791763306,-0.004171013832092285,0
1595800294.4004488,360,-0.004171013832092285,1
1595800294.4004488,0,0,0
1595800294.4097147,1.6678619384765625,0,0
1595800294.4097147,0.8339309692382812,-0.0046329498291015625,0
1595800294.4104557,0.9673118591308594,-0.0046329498291015625,0
1595800294.4204564,2.7674388885498047,-0.0046329498291015625,0
1595800294.430461,4.5682525634765625,-0.0046329498291015625,0
1595800294.440465,6.368980407714844,-0.0046329498291015625,0
1595800294.450454,8.167004585266113,-0.0046329498291015625,0
1595800294.4604542,9.967045783996582,-0.0046329498291015625,0
1595800294.470454,11.767001152038574,-0.0046329498291015625,0
1595800294.480461,13.568243980407715,-0.0046329498291015625,0
1595800294.4904516,15.366568565368652,-0.0046329498291015625,0
1595800294.500464,17.168798446655273,-0.0046329498291015625,0
1595800294.510454,18.966994285583496,-0.0046329498291015625,0
1595800294.5204504,20.766348838806152,-0.0046329498291015625,0
1595800294.5304646,22.56892204284668,-0.0046329498291015625,0
1595800294.5404587,24.367847442626953,-0.0046329498291015625,0
1595800294.550455,26.16720199584961,-0.0046329498291015625,0
1595800294.560449,27.966084480285645,-0.0046329498291015625,0
1595800294.5704668,29.769301414489746,-0.0046329498291015625,0
1595800294.580449,31.566123962402344,-0.0046329498291015625,0
1595800294.5904577,33.36766719818115,-0.0046329498291015625,0
1595800294.6004555,35.16727924346924,-0.0046329498291015625,0
1595800294.6104581,36.96774959564209,-0.0046329498291015625,0
1595800294.620462,38.76843452453613,-0.0046329498291015625,0
1595800294.6304665,40.56924819946289,-0.0046329498291015625,0
1595800294.6404493,42.366156578063965,-0.0046329498291015625,0
1595800294.650456,44.16735649108887,-0.0046329498291015625,0
1595800294.6604598,45.96804141998291,-0.0046329498291015625,0
1595800294.6704512,47.76649475097656,-0.0046329498291015625,0
1595800294.6804655,49.56906795501709,-0.0046329498291015625,0
1595800294.6904666,51.36928081512451,-0.0046329498291015625,0
1595800294.7004523,53.166704177856445,-0.0046329498291015625,0
1595800294.7104602,54.96811866760254,-0.0046329498291015625,0
1595800294.720457,56.76755905151367,-0.0046329498291015625,0
1595800294.7304547,58.56712818145752,-0.0046329498291015625,0
1595800294.7404573,60.36759853363037,-0.0046329498291015625,0
1595800294.750456,62.16738224029541,-0.0046329498291015625,0
1595800294.760452,63.96665096282959,-0.0046329498291015625,0
1595800294.7704508,65.76643466949463,-0.0046329498291015625,0
1595800294.7804575,67.56763458251953,-0.0046329498291015625,0
1595800294.7904494,69.36617374420166,-0.0046329498291015625,0
1595800294.80045,71.1663007736206,-0.0046329498291015625,0
1595800294.8104532,72.96685695648193,-0.0046329498291015625,0
1595800294.8204513,74.76651191711426,-0.0046329498291015625,0
1595800294.8304489,76.5660810470581,-0.0046329498291015625,0
1595800294.8404562,78.36740970611572,-0.0046329498291015625,0
1595800294.8504584,80.1677942276001,-0.0046329498291015625,0
1595800294.8604534,81.96689128875732,-0.0046329498291015625,0
1595800294.8704581,83.76774787902832,-0.0046329498291015625,0
1595800294.8804595,85.56800365447998,-0.0046329498291015625,0
1595800294.8904564,87.36744403839111,-0.0046329498291015625,0
1595800294.9004612,89.16830062866211,-0.0046329498291015625,0
1595800294.9104648,90.96894264221191,-0.0046329498291015625,0
1595800294.9204495,92.7661943435669,-0.0046329498291015625,0
1595800294.93046,94.56808090209961,-0.0046329498291015625,0
1595800294.940453,96.36683464050293,-0.0046329498291015625,0
1595800294.950464,98.16880702972412,-0.0046329498291015625,0
1595800294.9604542,99.96704578399658,-0.0046329498291015625,0
1595800294.970464,101.76880359649658,-0.0046329498291015625,0
1595800294.980462,103.5684585571289,-0.0046329498291015625,0
1595800294.9904635,105.36871433258057,-0.0046329498291015625,0
1595800295.0004578,107.16768264770508,-0.0046329498291015625,0
1595800295.0104606,108.96819591522217,-0.0046329498291015625,0
1595800295.0204637,110.7687520980835,-0.0046329498291015625,0
1595800295.0304585,112.56780624389648,-0.0046329498291015625,0
1595800295.0404596,114.3680191040039,-0.0046329498291015625,0
1595800295.0504491,116.16612911224365,-0.0046329498291015625,0
1595800295.0604491,117.96612739562988,-0.0046329498291015625,0
1595800295.0704596,119.7680139541626,-0.0046329498291015625,0
1595800295.0804489,121.5660810470581,-0.0046329498291015625,0
1595800295.090453,123.36680889129639,-0.0046329498291015625,0
1595800295.1004598,125.16805171966553,-0.0046329498291015625,0
1595800295.1104662,126.96920871734619,-0.0046329498291015625,0
1595800295.1204526,128.76676082611084,-0.0046329498291015625,0
1595800295.1304579,130.5677032470703,-0.0046329498291015625,0
1595800295.1404653,132.36903190612793,-0.0046329498291015625,0
1595800295.150459,134.16791439056396,-0.0046329498291015625,0
1595800295.1604545,135.96709728240967,-0.0046329498291015625,0
1595800295.1704595,137.7679967880249,-0.0046329498291015625,0
1595800295.1804616,139.56838130950928,-0.0046329498291015625,0
1595800295.1904655,141.36906623840332,-0.0046329498291015625,0
1595800295.2004585,143.16781997680664,-0.0046329498291015625,0
1595800295.2104633,144.96867656707764,-0.0046329498291015625,0
1595800295.2204597,146.7680311203003,-0.0046329498291015625,0
1595800295.230466,148.56914520263672,-0.0046329498291015625,0
1595800295.2404542,150.36704063415527,-0.0046329498291015625,0
1595800295.25045,152.16626644134521,-0.0046329498291015625,0
1595800295.2604601,153.9681100845337,-0.0046329498291015625,0
1595800295.27046,155.76806545257568,-0.0046329498291015625,0
1595800295.2804585,157.56780624389648,-0.0046329498291015625,0
1595800295.290454,159.3669891357422,-0.0046329498291015625,0
1595800295.3004563,161.1674165725708,-0.0046329498291015625,0
1595800295.310464,162.96878814697266,-0.0046329498291015625,0
1595800295.3204634,164.7687005996704,-0.0046329498291015625,0
1595800295.3304646,166.56891345977783,-0.0046329498291015625,0
1595800295.3404596,168.36801052093506,-0.0046329498291015625,0
1595800295.3504553,170.167236328125,-0.0046329498291015625,0
1595800295.3604639,171.9687795639038,-0.0046329498291015625,0
1595800295.3704617,173.7683916091919,-0.0046329498291015625,0
1595800295.3804486,175.56602954864502,-0.0046329498291015625,0
1595800295.3904614,177.36834526062012,-0.0046329498291015625,0
1595800295.400449,179.16611194610596,-0.0046329498291015625,0
1595800295.410459,180.9679126739502,-0.0046329498291015625,0
1595800295.420456,182.76735305786133,-0.0046329498291015625,0
1595800295.4304507,184.56640720367432,-0.0046329498291015625,0
1595800295.4404578,186.3676929473877,-0.0046329498291015625,0
1595800295.4504628,188.16859245300293,-0.0046329498291015625,0
1595800295.4604485,189.96601581573486,-0.0046329498291015625,0
1595800295.4704506,191.76640033721924,-0.0046329498291015625,0
1595800295.480461,193.56824398040771,-0.0046329498291015625,0
1595800295.490456,195.36738395690918,-0.0046329498291015625,0
1595800295.5004523,197.1666955947876,-0.0046329498291015625,0
1595800295.5104554,198.96725177764893,-0.0046329498291015625,0
1595800295.5204558,200.76733589172363,-0.0046329498291015625,0
1595800295.5304549,202.5671625137329,-0.0046329498291015625,0
1595800295.5404496,204.3662166595459,-0.0046329498291015625,0
1595800295.5504656,206.1690902709961,-0.0046329498291015625,0
1595800295.5604534,207.96689987182617,-0.0046329498291015625,0
1595800295.5704515,209.7665548324585,-0.0046329498291015625,0
1595800295.5804641,211.56882762908936,-0.0046329498291015625,0
1595800295.5904481,213.36595058441162,-0.0046329498291015625,0
1595800295.6004527,215.16676425933838,-0.0046329498291015625,0
1595800295.6104627,216.96856498718262,-0.0046329498291015625,0
1595800295.6204655,218.7690782546997,-0.0046329498291015625,0
1595800295.6304512,220.56650161743164,-0.0046329498291015625,0
1595800295.6404629,222.36860275268555,-0.0046329498291015625,0
1595800295.650452,224.16662693023682,-0.0046329498291015625,0
1595800295.6604564,225.96744060516357,-0.0046329498291015625,0
1595800295.6704488,227.76606559753418,-0.0046329498291015625,0
1595800295.680453,229.5668363571167,-0.0046329498291015625,0
1595800295.690454,231.36700630187988,-0.0046329498291015625,0
1595800295.7004633,233.1686782836914,-0.0046329498291015625,0
1595800295.7104614,234.96833324432373,-0.0046329498291015625,0
1595800295.7204635,236.7687177658081,-0.0046329498291015625,0
1595800295.7304547,238.56712818145752,-0.0046329498291015625,0
1595800295.7404656,240.3691005706787,-0.0046329498291015625,0
1595800295.7504656,242.16909885406494,-0.0046329498291015625,0
1595800295.7604535,243.96690845489502,-0.0046329498291015625,0
1595800295.7704568,245.7675075531006,-0.0046329498291015625,0
1595800295.7804532,247.56686210632324,-0.0046329498291015625,0
1595800295.7904596,249.3680191040039,-0.0046329498291015625,0
1595800295.800458,251.16771697998047,-0.0046329498291015625,0
1595800295.8104637,252.96874523162842,-0.0046329498291015625,0
1595800295.8204482,254.76595401763916,-0.0046329498291015625,0
1595800295.8304582,256.5677547454834,-0.0046329498291015625,0
1595800295.8404515,258.36655139923096,-0.0046329498291015625,0
1595800295.8504543,260.16706466674805,-0.0046329498291015625,0
1595800295.8604496,261.9662046432495,-0.0046329498291015625,0
1595800295.8704545,263.76710414886475,-0.0046329498291015625,0
1595800295.8804564,265.5674457550049,-0.0046329498291015625,0
1595800295.8904555,267.36727237701416,-0.0046329498291015625,0
1595800295.9004555,269.1672706604004,-0.0046329498291015625,0
1595800295.9104586,270.9678268432617,-0.0046329498291015625,0
1595800295.920454,272.7670097351074,-0.0046329498291015625,0
1595800295.9304588,274.5678663253784,-0.0046329498291015625,0
1595800295.9404588,276.36786460876465,-0.0046329498291015625,0
1595800295.9504523,278.16670417785645,-0.0046329498291015625,0
1595800295.9604564,279.9674320220947,-0.0046329498291015625,0
1595800295.9704537,281.76695823669434,-0.0046329498291015625,0
1595800295.9804475,283.56584072113037,-0.0046329498291015625,0
1595800295.9904568,285.3675127029419,-0.0046329498291015625,0
1595800296.0004604,287.1681547164917,-0.0046329498291015625,0
1595800296.0104601,288.9681100845337,-0.0046329498291015625,0
1595800296.020455,290.7671642303467,-0.0046329498291015625,0
1595800296.030462,292.56844997406006,-0.0046329498291015625,0
1595800296.0404537,294.36694622039795,-0.0046329498291015625,0
1595800296.0504594,296.1679744720459,-0.0046329498291015625,0
1595800296.060452,297.96664237976074,-0.0046329498291015625,0
1595800296.0704615,299.7683572769165,-0.0046329498291015625,0
1595800296.080451,301.56646728515625,-0.0046329498291015625,0
1595800296.0904644,303.3688688278198,-0.0046329498291015625,0
1595800296.1004639,305.1687812805176,-0.0046329498291015625,0
1595800296.1104627,306.9685649871826,-0.0046329498291015625,0
1595800296.1204538,308.76697540283203,-0.0046329498291015625,0
1595800296.1304505,310.5663728713989,-0.0046329498291015625,0
1595800296.140457,312.3675298690796,-0.0046329498291015625,0
1595800296.1504521,314.16666984558105,-0.0046329498291015625,0
1595800296.1604538,315.96696853637695,-0.0046329498291015625,0
1595800296.1704638,317.7687692642212,-0.0046329498291015625,0
1595800296.1804652,319.56902503967285,-0.0046329498291015625,0
1595800296.190458,321.36773586273193,-0.0046329498291015625,0
1595800296.2004504,323.16636085510254,-0.0046329498291015625,0
1595800296.2104652,324.96901988983154,-0.0046329498291015625,0
1595800296.2204573,326.7676019668579,-0.0046329498291015625,0
1595800296.230458,328.56772899627686,-0.0046329498291015625,0
1595800296.2404654,330.3690576553345,-0.0046329498291015625,0
1595800296.2504592,332.1679401397705,-0.0046329498291015625,0
1595800296.2604609,333.9682388305664,-0.0046329498291015625,0
1595800296.270455,335.7671642303467,-0.0046329498291015625,0
1595800296.2804506,337.5663900375366,-0.0046329498291015625,0
1595800296.290447,339.3657445907593,-0.0046329498291015625,0
1595800296.3004513,341.1665153503418,-0.0046329498291015625,0
1595800296.3104615,342.9683589935303,-0.0046329498291015625,0
1595800296.320465,344.7690010070801,-0.0046329498291015625,0
1595800296.330461,346.56826972961426,-0.0046329498291015625,0
1595800296.3404582,348.36775302886963,-0.0046329498291015625,0
1595800296.3504586,350.16783714294434,-0.0046329498291015625,0
1595800296.360464,351.96882247924805,-0.0046329498291015625,0
1595800296.3704524,353.7667179107666,-0.0046329498291015625,0
1595800296.380461,355.5682611465454,-0.0046329498291015625,0
1595800296.3904495,357.3661994934082,-0.0046329498291015625,0
1595800296.4004629,359.1686010360718,-0.0046329498291015625,0
1595800296.4050937,360,-0.0046329498291015625,1
1595800296.4050937,0,0,0
1595800296.4123142,1.2996912002563477,0,0
1595800296.4123142,0.6498456001281738,-0.00361025333404541,0
1595800296.4151,1.1513113975524902,-0.00361025333404541,0
1595800296.425111,2.9532837867736816,-0.00361025333404541,0
1595800296.4351082,4.752767086029053,-0.00361025333404541,0
1595800296.4451072,6.55259370803833,-0.00361025333404541,0
1595800296.4551082,8.352763652801514,-0.00361025333404541,0
1595800296.4651039,10.151989459991455,-0.00361025333404541,0
1595800296.475109,11.952931880950928,-0.00361025333404541,0
1595800296.4851024,13.751728534698486,-0.00361025333404541,0
1595800296.4951062,15.55241346359253,-0.00361025333404541,0
1595800296.5051017,17.351596355438232,-0.00361025333404541,0
1595800296.5151103,19.15313959121704,-0.00361025333404541,0
1595800296.5250955,20.950477123260498,-0.00361025333404541,0
1595800296.5351117,22.75339365005493,-0.00361025333404541,0
1595800296.545111,24.553263187408447,-0.00361025333404541,0
1595800296.5551023,26.3517165184021,-0.00361025333404541,0
1595800296.5650973,28.150813579559326,-0.00361025333404541,0
1595800296.5750957,29.95051145553589,-0.00361025333404541,0
1595800296.5851123,31.7535138130188,-0.00361025333404541,0
1595800296.5950956,33.55050802230835,-0.00361025333404541,0
1595800296.6051075,35.352652072906494,-0.00361025333404541,0
1595800296.6150937,37.150161266326904,-0.00361025333404541,0
1595800296.6250997,38.95123243331909,-0.00361025333404541,0
1595800296.635094,40.7502007484436,-0.00361025333404541,0
1595800296.6450968,42.55071401596069,-0.00361025333404541,0
1595800296.6551092,44.352943897247314,-0.00361025333404541,0
1595800296.6650941,46.15023851394653,-0.00361025333404541,0
1595800296.6751063,47.952425479888916,-0.00361025333404541,0
1595800296.6851,49.75130796432495,-0.00361025333404541,0
1595800296.6950948,51.55036211013794,-0.00361025333404541,0
1595800296.7051086,53.35284948348999,-0.00361025333404541,0
1595800296.715105,55.15220403671265,-0.00361025333404541,0
1595800296.7250972,56.950786113739014,-0.00361025333404541,0
1595800296.7350955,58.750483989715576,-0.00361025333404541,0
1595800296.7450936,60.5501389503479,-0.00361025333404541,0
1595800296.7551024,62.35172510147095,-0.00361025333404541,0
1595800296.7650986,64.15103673934937,-0.00361025333404541,0
1595800296.775109,65.95292329788208,-0.00361025333404541,0
1595800296.7850938,67.75017499923706,-0.00361025333404541,0
1595800296.7951021,69.55167531967163,-0.00361025333404541,0
1595800296.8050961,71.3506007194519,-0.00361025333404541,0
1595800296.815105,73.15218687057495,-0.00361025333404541,0
1595800296.8250957,74.95051145553589,-0.00361025333404541,0
1595800296.8351038,76.75196886062622,-0.00361025333404541,0
1595800296.8451052,78.55222463607788,-0.00361025333404541,0
1595800296.8551106,80.35320997238159,-0.00361025333404541,0
1595800296.8651059,82.15234994888306,-0.00361025333404541,0
1595800296.8751113,83.95333528518677,-0.00361025333404541,0
1595800296.8850982,85.75097322463989,-0.00361025333404541,0
1595800296.8951015,87.55157232284546,-0.00361025333404541,0
1595800296.9051046,89.35212850570679,-0.00361025333404541,0
1595800296.9151058,91.15234136581421,-0.00361025333404541,0
1595800296.9251077,92.95268297195435,-0.00361025333404541,0
1595800296.9351063,94.75242376327515,-0.00361025333404541,0
1595800296.945108,96.55272245407104,-0.00361025333404541,0
1595800296.9551113,98.35332155227661,-0.00361025333404541,0
1595800296.9651036,100.15194654464722,-0.00361025333404541,0
1595800296.9750981,101.95095777511597,-0.00361025333404541,0
1595800296.985107,103.75254392623901,-0.00361025333404541,0
1595800296.9951096,105.55301427841187,-0.00361025333404541,0
1595800297.005096,107.35056638717651,-0.00361025333404541,0
1595800297.0151005,109.15138006210327,-0.00361025333404541,0
1595800297.0250952,110.95043420791626,-0.00361025333404541,0
1595800297.0350962,112.75060415267944,-0.00361025333404541,0
1595800297.0450978,114.55090284347534,-0.00361025333404541,0
1595800297.0550992,116.351158618927,-0.00361025333404541,0
1595800297.0651114,118.15334558486938,-0.00361025333404541,0
1595800297.0751035,119.95192766189575,-0.00361025333404541,0
1595800297.085106,121.75235509872437,-0.00361025333404541,0
1595800297.095096,123.55059385299683,-0.00361025333404541,0
1595800297.1051037,125.35196542739868,-0.00361025333404541,0
1595800297.1150978,127.15089082717896,-0.00361025333404541,0
1595800297.1251094,128.95299196243286,-0.00361025333404541,0
1595800297.1351044,130.7520890235901,-0.00361025333404541,0
1595800297.1450963,132.55062818527222,-0.00361025333404541,0
1595800297.155102,134.35165643692017,-0.00361025333404541,0
1595800297.165094,136.1501955986023,-0.00361025333404541,0
1595800297.1751006,137.9513955116272,-0.00361025333404541,0
1595800297.1851075,139.75263833999634,-0.00361025333404541,0
1595800297.1951096,141.5530228614807,-0.00361025333404541,0
1595800297.2051053,143.35224866867065,-0.00361025333404541,0
1595800297.2151017,145.1516032218933,-0.00361025333404541,0
1595800297.225093,146.95001363754272,-0.00361025333404541,0
1595800297.235102,148.75164270401,-0.00361025333404541,0
1595800297.2451036,150.5519413948059,-0.00361025333404541,0
1595800297.2551036,152.35193967819214,-0.00361025333404541,0
1595800297.2650974,154.15082216262817,-0.00361025333404541,0
1595800297.2750964,155.95064878463745,-0.00361025333404541,0
1595800297.2851086,157.75283575057983,-0.00361025333404541,0
1595800297.2950966,159.55068826675415,-0.00361025333404541,0
1595800297.3051114,161.35334730148315,-0.00361025333404541,0
1595800297.3150935,163.1501269340515,-0.00361025333404541,0
1595800297.3251078,164.95270013809204,-0.00361025333404541,0
1595800297.3350937,166.7501664161682,-0.00361025333404541,0
1595800297.3451092,168.55295419692993,-0.00361025333404541,0
1595800297.3551106,170.3532099723816,-0.00361025333404541,0
1595800297.3651042,172.1520495414734,-0.00361025333404541,0
1595800297.3750987,173.95106077194214,-0.00361025333404541,0
1595800297.385108,175.75273275375366,-0.00361025333404541,0
1595800297.395108,177.5527310371399,-0.00361025333404541,0
1595800297.4051058,179.35234308242798,-0.00361025333404541,0
1595800297.4151077,181.15268468856812,-0.00361025333404541,0
1595800297.4251032,182.95186758041382,-0.00361025333404541,0
1595800297.4350998,184.7512650489807,-0.00361025333404541,0
1595800297.4450986,186.55104875564575,-0.00361025333404541,0
1595800297.4551027,188.35177659988403,-0.00361025333404541,0
1595800297.46511,190.15310525894165,-0.00361025333404541,0
1595800297.4751067,191.95250272750854,-0.00361025333404541,0
1595800297.485097,193.750741481781,-0.00361025333404541,0
1595800297.49511,195.55310010910034,-0.00361025333404541,0
1595800297.5050974,197.35082387924194,-0.00361025333404541,0
1595800297.515098,199.1509509086609,-0.00361025333404541,0
1595800297.5251021,200.95167875289917,-0.00361025333404541,0
1595800297.535101,202.7514624595642,-0.00361025333404541,0
1595800297.5451086,204.55283403396606,-0.00361025333404541,0
1595800297.5551033,206.35188817977905,-0.00361025333404541,0
1595800297.5651014,208.15154314041138,-0.00361025333404541,0
1595800297.5750964,209.9506402015686,-0.00361025333404541,0
1595800297.5851061,211.7523980140686,-0.00361025333404541,0
1595800297.5951052,213.55222463607788,-0.00361025333404541,0
1595800297.6050954,215.35046339035034,-0.00361025333404541,0
1595800297.6151056,217.15230703353882,-0.00361025333404541,0
1595800297.6250954,218.9504599571228,-0.00361025333404541,0
1595800297.6351044,220.7520890235901,-0.00361025333404541,0
1595800297.6450994,222.55118608474731,-0.00361025333404541,0
1595800297.6550965,224.35066938400269,-0.00361025333404541,0
1595800297.6651087,226.15285634994507,-0.00361025333404541,0
1595800297.6750984,227.95100927352905,-0.00361025333404541,0
1595800297.68511,229.75311040878296,-0.00361025333404541,0
1595800297.6950932,231.55006170272827,-0.00361025333404541,0
1595800297.7050946,233.35031747817993,-0.00361025333404541,0
1595800297.7151034,235.15190362930298,-0.00361025333404541,0
1595800297.7250993,236.95117235183716,-0.00361025333404541,0
1595800297.7351038,238.75198602676392,-0.00361025333404541,0
1595800297.7450986,240.5510401725769,-0.00361025333404541,0
1595800297.7550976,242.35086679458618,-0.00361025333404541,0
1595800297.7651103,244.15313959121704,-0.00361025333404541,0
1595800297.7751055,245.9522795677185,-0.00361025333404541,0
1595800297.7851036,247.75193452835083,-0.00361025333404541,0
1595800297.7951112,249.55330610275269,-0.00361025333404541,0
1595800297.8051105,251.3531756401062,-0.00361025333404541,0
1595800297.8151073,253.15261602401733,-0.00361025333404541,0
1595800297.8251102,254.95312929153442,-0.00361025333404541,0
1595800297.8351066,256.7524838447571,-0.00361025333404541,0
1595800297.845099,258.5511088371277,-0.00361025333404541,0
1595800297.8550947,260.3503346443176,-0.00361025333404541,0
1595800297.8651085,262.1528220176697,-0.00361025333404541,0
1595800297.8751082,263.95277738571167,-0.00361025333404541,0
1595800297.8851035,265.75191736221313,-0.00361025333404541,0
1595800297.8950953,267.55045652389526,-0.00361025333404541,0
1595800297.9051027,269.3517851829529,-0.00361025333404541,0
1595800297.9151084,271.15281343460083,-0.00361025333404541,0
1595800297.9250994,272.951180934906,-0.00361025333404541,0
1595800297.9351087,274.75285291671753,-0.00361025333404541,0
1595800297.945094,276.5502333641052,-0.00361025333404541,0
1595800297.9551015,278.35156202316284,-0.00361025333404541,0
1595800297.9651048,280.1521611213684,-0.00361025333404541,0
1595800297.975095,281.95039987564087,-0.00361025333404541,0
1595800297.9851065,283.75245809555054,-0.00361025333404541,0
1595800297.9951,285.55129766464233,-0.00361025333404541,0
1595800298.0051033,287.3518967628479,-0.00361025333404541,0
1595800298.015101,289.15146589279175,-0.00361025333404541,0
1595800298.0251088,290.95288038253784,-0.00361025333404541,0
1595800298.0350997,292.751247882843,-0.00361025333404541,0
