Type = DelayAdvance,Function = Wang Sync Simple,Refract = 0,Coupling Strength = 0.1,Start_phase = 80
Timestamp,Phase,Offset,Ping?
1595800799.0000267,80,0,0
1595800799.0100474,81.80253028869629,0.4444444444444444,0
1595800799.0200453,83.60214233398438,0.4444444444444444,0
1595800799.0300357,85.40042400360107,0.4444444444444444,0
1595800799.0400457,87.20222473144531,0.4444444444444444,0
1595800799.050048,89.00265216827393,0.4444444444444444,0
1595800799.0600383,90.80089092254639,0.4444444444444444,0
1595800799.070047,92.6024341583252,0.4444444444444444,0
1595800799.0800517,94.40329074859619,0.4444444444444444,0
1595800799.0900419,96.20152950286865,0.4444444444444444,0
1595800799.1000345,98.0001974105835,0.4444444444444444,0
1595800799.110044,99.80191230773926,0.4444444444444444,0
1595800799.1200411,101.60139560699463,0.4444444444444444,0
1595800799.130049,103.40281009674072,0.4444444444444444,0
1595800799.1400363,105.20053386688232,0.4444444444444444,0
1595800799.150044,107.00190544128418,0.4444444444444444,0
1595800799.1600502,108.8030195236206,0.4444444444444444,0
1595800799.170044,110.60190200805664,0.4444444444444444,0
1595800799.1800435,112.4018144607544,0.4444444444444444,0
1595800799.190045,114.2021131515503,0.4444444444444444,0
1595800799.2000427,116.00168228149414,0.4444444444444444,0
1595800799.2100487,117.80275344848633,0.4444444444444444,0
1595800799.220034,119.60009098052979,0.4444444444444444,0
1595800799.2300396,121.40111923217773,0.4444444444444444,0
1595800799.2400408,123.20133209228516,0.4444444444444444,0
1595800799.2500377,125.00077247619629,0.4444444444444444,0
1595800799.2600415,126.80145740509033,0.4444444444444444,0
1595800799.2700467,128.6023998260498,0.4444444444444444,0
1595800799.280047,130.40244102478027,0.4444444444444444,0
1595800799.2900505,132.20308303833008,0.4444444444444444,0
1595800799.3000474,134.0025234222412,0.4444444444444444,0
1595800799.3100498,135.80295085906982,0.4444444444444444,0
1595800799.320037,137.6006317138672,0.4444444444444444,0
1595800799.3300421,139.40157413482666,0.4444444444444444,0
1595800799.3400397,141.2011432647705,0.4444444444444444,0
1595800799.3500447,143.00204277038574,0.4444444444444444,0
1595800799.3600338,144.800066947937,0.4444444444444444,0
1595800799.3700476,146.60255432128906,0.4444444444444444,0
1595800799.3800447,148.40203762054443,0.4444444444444444,0
1595800799.3900454,150.20216464996338,0.4444444444444444,0
1595800799.4000516,152.0032787322998,0.4444444444444444,0
1595800799.4100354,153.80035877227783,0.4444444444444444,0
1595800799.420044,155.60190200805664,0.4444444444444444,0
1595800799.4300404,157.4012565612793,0.4444444444444444,0
1595800799.4400456,159.20219898223877,0.4444444444444444,0
1595800799.45004,161.00121021270752,0.4444444444444444,0
1595800799.4600422,162.8015947341919,0.4444444444444444,0
1595800799.4700446,164.6020221710205,0.4444444444444444,0
1595800799.4800425,166.4016342163086,0.4444444444444444,0
1595800799.4900358,168.20043087005615,0.4444444444444444,0
1595800799.5000405,170.00128746032715,0.4444444444444444,0
1595800799.510044,171.80192947387695,0.4444444444444444,0
1595800799.5200458,173.60222816467285,0.4444444444444444,0
1595800799.530041,175.40136814117432,0.4444444444444444,0
1595800799.5400364,177.20055103302002,0.4444444444444444,0
1595800799.55004,179.00119304656982,0.4444444444444444,0
1595800799.5600348,180.8002471923828,0.4444444444444444,0
1595800799.5700333,182.5999879837036,0.4444444444444444,0
1595800799.5800505,184.403076171875,0.4444444444444444,0
1595800799.5900483,186.2026882171631,0.4444444444444444,0
1595800799.6000335,188.00002574920654,0.4444444444444444,0
1595800799.6100354,189.80036735534668,0.4444444444444444,0
1595800799.620043,191.60173892974854,0.4444444444444444,0
1595800799.6300342,193.40014934539795,0.4444444444444444,0
1595800799.6400332,195.19997596740723,0.4444444444444444,0
1595800799.6500478,197.002592086792,0.4444444444444444,0
1595800799.6600404,198.80125999450684,0.4444444444444444,0
1595800799.6700444,200.60198783874512,0.4444444444444444,0
1595800799.6800416,202.4014711380005,0.4444444444444444,0
1595800799.690041,204.20138359069824,0.4444444444444444,0
1595800799.7000382,206.0008668899536,0.4444444444444444,0
1595800799.710037,207.80065059661865,0.4444444444444444,0
1595800799.7200415,209.6014642715454,0.4444444444444444,0
1595800799.7300467,211.40240669250488,0.4444444444444444,0
1595800799.7400382,213.20086002349854,0.4444444444444444,0
1595800799.750036,215.00047206878662,0.4444444444444444,0
1595800799.7600465,216.80235862731934,0.4444444444444444,0
1595800799.7700467,218.6023998260498,0.4444444444444444,0
1595800799.780046,220.40226936340332,0.4444444444444444,0
1595800799.790044,222.20192432403564,0.4444444444444444,0
1595800799.8000383,224.00089263916016,0.4444444444444444,0
1595800799.8100421,225.8015775680542,0.4444444444444444,0
1595800799.8200338,227.6000738143921,0.4444444444444444,0
1595800799.8300474,229.4025182723999,0.4444444444444444,0
1595800799.8400419,231.20152950286865,0.4444444444444444,0
1595800799.8500428,233.00169944763184,0.4444444444444444,0
1595800799.860044,234.80191230773926,0.4444444444444444,0
1595800799.870044,236.6019105911255,0.4444444444444444,0
1595800799.8800383,238.40087890625,0.4444444444444444,0
1595800799.8900468,240.2024221420288,0.4444444444444444,0
1595800799.90004,242.00117588043213,0.4444444444444444,0
1595800799.9100378,243.80078792572021,0.4444444444444444,0
1595800799.920037,245.60065746307373,0.4444444444444444,0
1595800799.930037,247.40065574645996,0.4444444444444444,0
1595800799.9400485,249.20271396636963,0.4444444444444444,0
1595800799.9500365,251.00056648254395,0.4444444444444444,0
1595800799.9600458,252.80223846435547,0.4444444444444444,0
1595800799.9700427,254.6016788482666,0.4444444444444444,0
1595800799.9800382,256.4008617401123,0.4444444444444444,0
1595800799.9900346,258.20021629333496,0.4444444444444444,0
1595800800.0000336,260.00004291534424,0.4444444444444444,0
1595800800.010043,261.80171489715576,0.4444444444444444,0
1595800800.0200324,263.5998249053955,0.4444444444444444,0
1595800800.0300472,265.4024839401245,0.4444444444444444,0
1595800800.0400507,267.2031259536743,0.4444444444444444,0
1595800800.0500383,269.00089263916016,0.4444444444444444,0
1595800800.0600424,270.80162048339844,0.4444444444444444,0
1595800800.0700457,272.602219581604,0.4444444444444444,0
1595800800.0800486,274.4027328491211,0.4444444444444444,0
1595800800.0900505,276.20307445526123,0.4444444444444444,0
1595800800.1000404,278.00127029418945,0.4444444444444444,0
1595800800.11005,279.8029851913452,0.4444444444444444,0
1595800800.1200404,281.6012668609619,0.4444444444444444,0
1595800800.1300414,283.4014368057251,0.4444444444444444,0
1595800800.1400447,285.20203590393066,0.4444444444444444,0
1595800800.1500452,287.00212001800537,0.4444444444444444,0
1595800800.1600509,288.8031482696533,0.4444444444444444,0
1595800800.1700444,290.6019878387451,0.4444444444444444,0
1595800800.1800497,292.4029302597046,0.4444444444444444,0
1595800800.190045,294.2021131515503,0.4444444444444444,0
1595800800.2000465,296.00236892700195,0.4444444444444444,0
1595800800.210037,297.80065059661865,0.4444444444444444,0
1595800800.2200427,299.6016788482666,0.4444444444444444,0
1595800800.2300503,301.40305042266846,0.4444444444444444,0
1595800800.2400453,303.2021474838257,0.4444444444444444,0
1595800800.2500505,305.00308990478516,0.4444444444444444,0
1595800800.2600365,306.8005561828613,0.4444444444444444,0
1595800800.270043,308.601713180542,0.4444444444444444,0
1595800800.2800457,310.4022264480591,0.4444444444444444,0
1595800800.290038,312.2008514404297,0.4444444444444444,0
1595800800.3000364,314.00054931640625,0.4444444444444444,0
1595800800.3100493,315.80286502838135,0.4444444444444444,0
1595800800.3200436,317.60183334350586,0.4444444444444444,0
1595800800.3300338,319.4000720977783,0.4444444444444444,0
1595800800.3400347,321.2002420425415,0.4444444444444444,0
1595800800.3500502,323.0030298233032,0.4444444444444444,0
1595800800.3600385,324.8009252548218,0.4444444444444444,0
1595800800.370046,326.6022539138794,0.4444444444444444,0
1595800800.3800433,328.401780128479,0.4444444444444444,0
1595800800.3900414,330.2014350891113,0.4444444444444444,0
1595800800.4000454,332.0021629333496,0.4444444444444444,0
1595800800.4100337,333.80005836486816,0.4444444444444444,0
1595800800.4200351,335.6003141403198,0.4444444444444444,0
1595800800.4300504,337.4030590057373,0.4444444444444444,0
1595800800.440033,339.19992446899414,0.4444444444444444,0
1595800800.4500427,341.00168228149414,0.4444444444444444,0
1595800800.456412,342.1481657028198,0.4444444444444444,0
1595800800.456412,343.93334913253784,0.4543621301651001,0
1595800800.4600413,344.58660650253296,0.4543621301651001,0
1595800800.4700415,346.3866477012634,0.4543621301651001,0
1595800800.480036,348.1856589317322,0.4543621301651001,0
1595800800.4900331,349.98514223098755,0.4543621301651001,0
1595800800.500046,351.78745794296265,0.4543621301651001,0
1595800800.5100327,353.58505296707153,0.4543621301651001,0
1595800800.52004,355.38638162612915,0.4543621301651001,0
1595800800.5300426,357.186851978302,0.4543621301651001,0
1595800800.5400493,358.9880518913269,0.4543621301651001,0
1595800800.54569,360,0.4543621301651001,1
1595800800.54569,0,0,0
1595800800.5557058,1.802830696105957,0,0
1595800800.565693,3.6005115509033203,0,0
1595800800.5756931,5.400552749633789,0,0
1595800800.585697,7.201237678527832,0,0
1595800800.5956945,9.00080680847168,0,0
1595800800.605697,10.801234245300293,0,0
1595800800.6157014,12.60204792022705,0,0
1595800800.6257052,14.402732849121094,0,0
1595800800.635692,16.20032787322998,0,0
1595800800.6456954,18.000969886779785,0,0
1595800800.6557055,19.802770614624023,0,0
1595800800.6656945,21.600794792175293,0,0
1595800800.6757033,23.40238094329834,0,0
1595800800.6856976,25.20134925842285,0,0
1595800800.6956954,27.000961303710938,0,0
1595800800.7056925,28.80044460296631,0,0
1595800800.7156959,30.601043701171875,0,0
1595800800.725702,32.4021577835083,0,0
1595800800.7357044,34.202585220336914,0,0
1595800800.7457016,36.002068519592285,0,0
1595800800.7556942,37.80073642730713,0,0
1595800800.7656927,39.60047721862793,0,0
1595800800.7757044,41.402578353881836,0,0
1595800800.7857058,43.202834129333496,0,0
1595800800.7957022,45.00218868255615,0,0
1595800800.8057034,46.802401542663574,0,0
1595800800.8156989,48.60158443450928,0,0
1595800800.8256986,50.40153980255127,0,0
1595800800.8357048,52.202653884887695,0,0
1595800800.845693,54.00054931640625,0,0
1595800800.8557003,55.80183506011963,0,0
1595800800.8657017,57.60209083557129,0,0
1595800800.8756921,59.40037250518799,0,0
1595800800.8856938,61.20067119598389,0,0
1595800800.8957076,63.00315856933594,0,0
1595800800.9057055,64.80277061462402,0,0
1595800800.9157026,66.6022539138794,0,0
1595800800.925705,68.40268135070801,0,0
1595800800.935702,70.20216464996338,0,0
1595800800.945691,72.00018882751465,0,0
1595800800.9556963,73.80113124847412,0,0
1595800800.9656913,75.60022830963135,0,0
1595800800.9756913,77.40022659301758,0,0
1595800800.985703,79.20232772827148,0,0
1595800800.995693,81.0005235671997,0,0
1595800801.005693,82.80052185058594,0,0
1595800801.0157022,84.60219383239746,0,0
1595800801.0256917,86.4003038406372,0,0
1595800801.0356977,88.2013750076294,0,0
1595800801.0457006,90.00188827514648,0,0
1595800801.0556948,91.800856590271,0,0
1595800801.065708,93.60321521759033,0,0
1595800801.075694,95.40072441101074,0,0
1595800801.0856953,97.20093727111816,0,0
1595800801.095696,99.00106430053711,0,0
1595800801.1057067,100.80299377441406,0,0
1595800801.1157064,102.60294914245605,0,0
1595800801.125701,104.4019603729248,0,0
1595800801.135706,106.20285987854004,0,0
1595800801.145701,108.00195693969727,0,0
1595800801.1556902,109.80002403259277,0,0
1595800801.1656988,111.60156726837158,0,0
1595800801.175701,113.40195178985596,0,0
1595800801.185708,115.20323753356934,0,0
1595800801.195696,117.00109004974365,0,0
1595800801.2056966,118.80117416381836,0,0
1595800801.2156994,120.60168743133545,0,0
1595800801.2256985,122.40151405334473,0,0
1595800801.2356932,124.20056819915771,0,0
1595800801.2456925,126.00043773651123,0,0
1595800801.2556922,127.80039310455322,0,0
1595800801.265697,129.60124969482422,0,0
1595800801.2756975,131.40133380889893,0,0
1595800801.2856896,133.1999158859253,0,0
1595800801.2956898,134.99995708465576,0,0
1595800801.3056946,136.80081367492676,0,0
1595800801.315693,138.60051155090332,0,0
1595800801.3256943,140.40076732635498,0,0
1595800801.3356912,142.2002077102661,0,0
1595800801.3456907,144.00012016296387,0,0
1595800801.3557007,145.8019208908081,0,0
1595800801.3656929,147.60050296783447,0,0
1595800801.3757033,149.4023895263672,0,0
1595800801.3856988,151.2015724182129,0,0
1595800801.3957045,153.00260066986084,0,0
1595800801.4056966,154.8011827468872,0,0
1595800801.4157028,156.60229682922363,0,0
1595800801.4256935,158.40062141418457,0,0
1595800801.4356904,160.2000617980957,0,0
1595800801.4457023,162.00220584869385,0,0
1595800801.4557054,163.80276203155518,0,0
1595800801.4656897,165.59992790222168,0,0
1595800801.4757059,167.4028444290161,0,0
1595800801.4856913,169.2002248764038,0,0
1595800801.4956918,171.00030899047852,0,0
1595800801.505707,172.803053855896,0,0
1595800801.5157075,174.6031379699707,0,0
1595800801.525706,176.4028787612915,0,0
1595800801.5356991,178.20163249969482,0,0
1595800801.5456998,180.00175952911377,0,0
1595800801.5557077,181.80317401885986,0,0
1595800801.5656953,183.6009407043457,0,0
1595800801.5756998,185.40175437927246,0,0
1595800801.5856907,187.20012187957764,0,0
1595800801.5957017,189.00209426879883,0,0
1595800801.605694,190.80071926116943,0,0
1595800801.6156893,192.5998592376709,0,0
1595800801.6257021,194.402174949646,0,0
1595800801.6356907,196.2001132965088,0,0
1595800801.6457028,198.00230026245117,0,0
1595800801.655694,199.8007106781006,0,0
1595800801.665703,201.60233974456787,0,0
1595800801.675691,203.40014934539795,0,0
1595800801.6856952,205.20092010498047,0,0
1595800801.6956904,207.00006008148193,0,0
1595800801.7057045,208.80259037017822,0,0
1595800801.715698,210.60142993927002,0,0
1595800801.7256994,212.40168571472168,0,0
1595800801.7356997,214.20172691345215,0,0
1595800801.7456965,216.00116729736328,0,0
1595800801.7556992,217.80163764953613,0,0
1595800801.7657015,219.60206508636475,0,0
1595800801.7756958,221.40103340148926,0,0
1595800801.785697,223.20124626159668,0,0
1595800801.7956924,225.00042915344238,0,0
1595800801.8057077,226.80317401885986,0,0
1595800801.815705,228.60270023345947,0,0
1595800801.825697,230.4012393951416,0,0
1595800801.8356977,232.20136642456055,0,0
1595800801.845704,234.0025234222412,0,0
1595800801.8557007,235.8019208908081,0,0
1595800801.8657036,237.6024341583252,0,0
1595800801.8757057,239.40281867980957,0,0
1595800801.885701,241.20195865631104,0,0
1595800801.8956912,243.0001974105835,0,0
1595800801.9056966,244.8011827468872,0,0
1595800801.9156942,246.60075187683105,0,0
1595800801.925692,248.40036392211914,0,0
1595800801.9356916,250.2002763748169,0,0
1595800801.9457042,252.00254917144775,0,0
1595800801.9556959,253.80104541778564,0,0
1595800801.9656994,255.60168743133545,0,0
1595800801.975693,257.40052700042725,0,0
1595800801.9857068,259.2030143737793,0,0
1595800801.9956954,261.0009527206421,0,0
1595800802.0056922,262.8003931045532,0,0
1595800802.0156956,264.6009922027588,0,0
1595800802.0256999,266.4017629623413,0,0
1595800802.0357,268.2018041610718,0,0
1595800802.045693,270.00051498413086,0,0
1595800802.0557036,271.8024444580078,0,0
1595800802.0656896,273.599910736084,0,0
1595800802.0756953,275.40093898773193,0,0
1595800802.0856915,277.20025062561035,0,0
1595800802.095693,279.00054931640625,0,0
1595800802.1056929,280.80050468444824,0,0
1595800802.1157062,282.6029062271118,0,0
1595800802.1257055,284.40277576446533,0,0
1595800802.1357045,286.2026023864746,0,0
1595800802.1456885,287.9997253417969,0,0
1595800802.1556907,289.80010986328125,0,0
1595800802.1656938,291.6006660461426,0,0
1595800802.1756897,293.39993476867676,0,0
1595800802.185691,295.2001905441284,0,0
1595800802.195705,297.00267791748047,0,0
1595800802.2057035,298.80241870880127,0,0
1595800802.2157056,300.60280323028564,0,0
1595800802.2256935,302.4006128311157,0,0
1595800802.2357018,304.2021131515503,0,0
1595800802.2457001,306.00181102752686,0,0
1595800802.255702,307.802152633667,0,0
1595800802.2657037,309.6024513244629,0,0
1595800802.2756937,311.4006471633911,0,0
1595800802.2856967,313.20120334625244,0,0
1595800802.2957053,315.00274658203125,0,0
1595800802.3057039,316.80248737335205,0,0
1595800802.3157046,318.602614402771,0,0
1595800802.3256893,320.399866104126,0,0
1595800802.3357005,322.2018814086914,0,0
1595800802.3456893,323.99986267089844,0,0
1595800802.3557026,325.802264213562,0,0
1595800802.3656983,327.60149002075195,0,0
1595800802.3757017,329.4020891189575,0,0
1595800802.3856921,331.2003707885742,0,0
1595800802.3956912,333.0001974105835,0,0
1595800802.4057045,334.80259895324707,0,0
1595800802.4157057,336.6028118133545,0,0
1595800802.4257033,338.40238094329834,0,0
1595800802.4356961,340.2010917663574,0,0
1595800802.4457035,342.00242042541504,0,0
1595800802.4556987,343.8015604019165,0,0
1595800802.4657054,345.6027603149414,0,0
1595800802.466531,345.7513761520386,0,0
1595800802.466531,347.1762385368347,0.007915902137756349,0
1595800802.475697,348.82611894607544,0.007915902137756349,0
1595800802.485695,350.6257309913635,0.007915902137756349,0
1595800802.4956956,352.42585802078247,0.007915902137756349,0
1595800802.5056932,354.2254271507263,0.007915902137756349,0
1595800802.5156958,356.02589750289917,0.007915902137756349,0
1595800802.5256996,357.8265824317932,0.007915902137756349,0
1595800802.535696,359.62593698501587,0.007915902137756349,0
1595800802.5377762,360,0.007915902137756349,1
1595800802.5377762,0,0,0
1595800802.547782,1.8010282516479492,0,0
1595800802.5577927,3.6029577255249023,0,0
1595800802.567791,5.402655601501465,0,0
1595800802.5777833,7.20128059387207,0,0
1595800802.5877905,9.00256633758545,0,0
1595800802.597784,10.801405906677246,0,0
1595800802.607788,12.602133750915527,0,0
1595800802.6177883,14.402174949645996,0,0
1595800802.6277866,16.20187282562256,0,0
1595800802.6377926,18.002943992614746,0,0
1595800802.6477852,19.80161190032959,0,0
1595800802.6577933,21.603069305419922,0,0
1595800802.6677892,23.4023380279541,0,0
1595800802.6777887,25.202250480651855,0,0
1595800802.6877904,27.002549171447754,0,0
1595800802.6977897,28.80241870880127,0,0
1595800802.707785,30.601558685302734,0,0
1595800802.7177854,32.40164279937744,0,0
1595800802.7277772,34.20018196105957,0,0
1595800802.7377877,36.002068519592285,0,0
1595800802.7477937,37.80313968658447,0,0
1595800802.7577922,39.60288047790527,0,0
1595800802.76778,41.40069007873535,0,0
1595800802.7777772,43.20017337799072,0,0
1595800802.7877886,45.00223159790039,0,0
1595800802.7977831,46.80124282836914,0,0
1595800802.807786,48.60175609588623,0,0
1595800802.81779,50.40248394012451,0,0
1595800802.8277917,52.20278263092041,0,0
1595800802.8377943,54.00325298309326,0,0
1595800802.8477898,55.802435874938965,0,0
1595800802.857788,57.60213375091553,0,0
1595800802.867784,59.40140247344971,0,0
1595800802.8777862,61.20178699493408,0,0
1595800802.8877816,63.000969886779785,0,0
1595800802.8977869,64.80191230773926,0,0
1595800802.907791,66.60264015197754,0,0
1595800802.9177938,68.40315341949463,0,0
1595800802.9277935,70.20310878753662,0,0
1595800802.9377863,72.0018196105957,0,0
1595800802.947777,73.80014419555664,0,0
1595800802.9577878,75.6020736694336,0,0
1595800802.9677823,77.40108489990234,0,0
1595800802.9777913,79.20271396636963,0,0
1595800802.9877937,81.00314140319824,0,0
1595800802.9977772,82.80017852783203,0,0
1595800803.0077868,84.6018934249878,0,0
1595800803.0177917,86.40279293060303,0,0
1595800803.0277824,88.20111751556396,0,0
1595800803.037791,90.00266075134277,0,0
1595800803.0477922,91.8028736114502,0,0
1595800803.0577834,93.60128402709961,0,0
1595800803.0677838,95.40136814117432,0,0
1595800803.0777934,97.20308303833008,0,0
1595800803.0877771,99.0001630783081,0,0
1595800803.097792,100.80282211303711,0,0
1595800803.1077914,102.60273456573486,0,0
1595800803.1177905,104.40256118774414,0,0
1595800803.1277807,106.2007999420166,0,0
1595800803.1377807,108.00079822540283,0,0
1595800803.1477938,109.80315685272217,0,0
1595800803.1577895,111.60238265991211,0,0
1595800803.167781,113.40087890625,0,0
1595800803.1777842,115.20143508911133,0,0
1595800803.1877868,117.00190544128418,0,0
1595800803.1977837,118.80134582519531,0,0
1595800803.207777,120.60014247894287,0,0
1595800803.2177894,122.40237236022949,0,0
1595800803.2277815,124.20095443725586,0,0
1595800803.2377841,126.00142478942871,0,0
1595800803.247788,127.80210971832275,0,0
1595800803.257788,129.60210800170898,0,0
1595800803.267787,131.40193462371826,0,0
1595800803.277782,133.2010316848755,0,0
1595800803.2877924,135.0029182434082,0,0
1595800803.297788,136.8021011352539,0,0
1595800803.3077838,138.6013698577881,0,0
1595800803.3177936,140.4031276702881,0,0
1595800803.3277857,142.20170974731445,0,0
1595800803.3377876,144.0020513534546,0,0
1595800803.3477943,145.8032512664795,0,0
1595800803.357778,147.60033130645752,0,0
1595800803.367784,149.4014024734497,0,0
1595800803.3777847,151.20152950286865,0,0
1595800803.3877861,153.0017852783203,0,0
1595800803.397792,154.8028564453125,0,0
1595800803.4077816,156.60096645355225,0,0
1595800803.4177787,158.40044975280762,0,0
1595800803.4277787,160.20044803619385,0,0
1595800803.4377906,162.002592086792,0,0
1595800803.447776,163.7999725341797,0,0
1595800803.4577897,165.6024169921875,0,0
1595800803.4677873,167.40198612213135,0,0
1595800803.4777753,169.19983863830566,0,0
1595800803.4877841,171.0014247894287,0,0
1595800803.4977937,172.80313968658447,0,0
1595800803.50779,174.60249423980713,0,0
1595800803.5177777,176.40026092529297,0,0
1595800803.5277839,178.2013750076294,0,0
1595800803.5377824,180.0011157989502,0,0
1595800803.5477862,181.80180072784424,0,0
1595800803.5577857,183.601713180542,0,0
1595800803.567776,185.39995193481445,0,0
1595800803.5777814,187.20093727111816,0,0
1595800803.5877829,189.00119304656982,0,0
1595800803.597788,190.8021354675293,0,0
1595800803.6077826,192.60114669799805,0,0
1595800803.617792,194.40281867980957,0,0
1595800803.6277895,196.20238780975342,0,0
1595800803.6377916,198.0027723312378,0,0
1595800803.6477854,199.80165481567383,0,0
1595800803.6577892,201.60233974456787,0,0
1595800803.6677876,203.40203762054443,0,0
1595800803.6777847,205.2015209197998,0,0
1595800803.6877813,207.0009183883667,0,0
1595800803.6977804,208.80074501037598,0,0
1595800803.707784,210.60138702392578,0,0
1595800803.717779,212.400484085083,0,0
1595800803.7277884,214.20219898223877,0,0
1595800803.7377799,216.00065231323242,0,0
1595800803.7477841,217.80142307281494,0,0
1595800803.757782,219.60103511810303,0,0
1595800803.7677789,221.40047550201416,0,0
1595800803.7777839,223.2013750076294,0,0
1595800803.787793,225.00300407409668,0,0
1595800803.7977936,226.80313110351562,0,0
1595800803.8077836,228.60132694244385,0,0
1595800803.817777,230.4001235961914,0,0
1595800803.8277788,232.20046520233154,0,0
1595800803.837788,234.00213718414307,0,0
1595800803.847784,235.80140590667725,0,0
1595800803.8577776,237.60024547576904,0,0
1595800803.8677847,239.40153121948242,0,0
1595800803.8777828,241.20118618011475,0,0
1595800803.887792,243.00285816192627,0,0
1595800803.897775,244.79976654052734,0,0
1595800803.9077818,246.60100936889648,0,0
1595800803.9177878,248.40208053588867,0,0
1595800803.9277773,250.20019054412842,0,0
1595800803.937788,252.00212001800537,0,0
1595800803.9477828,253.80117416381836,0,0
1595800803.9577906,255.60258865356445,0,0
1595800803.9677804,257.40074157714844,0,0
1595800803.9777803,259.20073986053467,0,0
1595800803.9877925,261.00292682647705,0,0
1595800803.9977913,262.8027105331421,0,0
1595800804.007788,264.602108001709,0,0
1595800804.017778,266.4003038406372,0,0
1595800804.0277932,268.2030487060547,0,0
1595800804.037777,270.0001287460327,0,0
1595800804.0477872,271.8019723892212,0,0
1595800804.0577807,273.600811958313,0,0
1595800804.0677776,275.4002523422241,0,0
1595800804.0777903,277.202525138855,0,0
1595800804.087785,279.00157928466797,0,0
1595800804.0977905,280.8025646209717,0,0
1595800804.1077874,282.6020050048828,0,0
1595800804.1177807,284.40080165863037,0,0
1595800804.1277792,286.2005424499512,0,0
1595800804.1377912,288.0026865005493,0,0
1595800804.1477892,289.80234146118164,0,0
1595800804.1577864,291.601824760437,0,0
1595800804.1677914,293.40272426605225,0,0
1595800804.1777854,295.2016496658325,0,0
1595800804.1877913,297.0027208328247,0,0
1595800804.1977746,298.79971504211426,0,0
1595800804.2077804,300.6007432937622,0,0
1595800804.217782,302.4010419845581,0,0
1595800804.2277806,304.2007827758789,0,0
1595800804.2377915,306.0027551651001,0,0
1595800804.2477908,307.8026247024536,0,0
1595800804.2577872,309.60197925567627,0,0
1595800804.2677798,311.4006471633911,0,0
1595800804.2777755,313.19987297058105,0,0
1595800804.2877872,315.00197410583496,0,0
1595800804.2977817,316.8009853363037,0,0
1595800804.3077903,318.6025285720825,0,0
1595800804.3177772,320.40016651153564,0,0
1595800804.3277755,322.1998643875122,0,0
1595800804.3377903,324.0025234222412,0,0
1595800804.3477824,325.8011054992676,0,0
1595800804.3577874,327.6020050048828,0,0
1595800804.3677826,329.4011449813843,0,0
1595800804.377792,331.2028169631958,0,0
1595800804.3877752,332.99981117248535,0,0
1595800804.3977804,334.8007535934448,0,0
1595800804.4077914,336.602725982666,0,0
1595800804.4177904,338.4025526046753,0,0
1595800804.4277797,340.2006196975708,0,0
1595800804.4377768,342.0001029968262,0,0
1595800804.4477842,343.8014316558838,0,0
1595800804.4577813,345.60091495513916,0,0
1595800804.4677799,347.40065574645996,0,0
1595800804.4754016,348.77257347106934,0,0
1595800804.4754016,349.8953161239624,0.0062374591827392585,0
1595800804.4777913,350.3254566192627,0.0062374591827392585,0
1595800804.4877872,352.1247253417969,0.0062374591827392585,0
1595800804.497777,353.92287826538086,0.0062374591827392585,0
1595800804.507788,355.72485065460205,0.0062374591827392585,0
1595800804.5177805,357.5235185623169,0.0062374591827392585,0
1595800804.527787,359.32467555999756,0.0062374591827392585,0
1595800804.5315554,360,0.0062374591827392585,1
1595800804.5315554,0,0,0
1595800804.541567,1.8021011352539062,0,0
1595800804.5515707,3.602743148803711,0,0
1595800804.5615695,5.40252685546875,0,0
1595800804.5715623,7.201237678527832,0,0
1595800804.5815592,9.000678062438965,0,0
1595800804.591561,10.801019668579102,0,0
1595800804.6015599,12.60080337524414,0,0
1595800804.611567,14.40208911895752,0,0
1595800804.6215656,16.20182991027832,0,0
1595800804.631573,18.003158569335938,0,0
1595800804.64156,19.8008394241333,0,0
1595800804.6515696,21.602554321289062,0,0
1595800804.6615608,23.400964736938477,0,0
1595800804.671563,25.20134925842285,0,0
1595800804.6815674,27.00216293334961,0,0
1595800804.6915684,28.802332878112793,0,0
1595800804.7015705,30.602717399597168,0,0
1595800804.711566,32.40190029144287,0,0
1595800804.7215695,34.202542304992676,0,0
1595800804.7315636,36.00146770477295,0,0
1595800804.741565,37.80172348022461,0,0
1595800804.7515628,39.601335525512695,0,0
1595800804.7615576,41.400389671325684,0,0
1595800804.7715626,43.20128917694092,0,0
1595800804.7815719,45.00296115875244,0,0
1595800804.7915678,46.80222988128662,0,0
1595800804.8015559,48.60008239746094,0,0
1595800804.8115654,50.4017972946167,0,0
1595800804.821573,52.203168869018555,0,0
1595800804.8315723,54.00303840637207,0,0
1595800804.8415632,55.801405906677246,0,0
1595800804.851573,57.603163719177246,0,0
1595800804.8615718,59.402947425842285,0,0
1595800804.8715577,61.20041370391846,0,0
1595800804.8815572,63.00032615661621,0,0
1595800804.8915737,64.80328559875488,0,0
1595800804.9015555,66.600022315979,0,0
1595800804.9115694,68.40250968933105,0,0
1595800804.9215736,70.20328044891357,0,0
1595800804.9315639,72.00151920318604,0,0
1595800804.9415655,73.80181789398193,0,0
1595800804.9515693,75.60250282287598,0,0
1595800804.9615674,77.4021577835083,0,0
1595800804.9715621,79.20121192932129,0,0
1595800804.9815578,81.00043773651123,0,0
1595800804.9915578,82.80043601989746,0,0
1595800805.0015662,84.60193634033203,0,0
1595800805.0115573,86.40034675598145,0,0
1595800805.0215652,88.20176124572754,0,0
1595800805.0315661,90.00193119049072,0,0
1595800805.0415592,91.80068492889404,0,0
1595800805.0515733,93.60321521759033,0,0
1595800805.0615659,95.40188312530518,0,0
1595800805.0715551,97.19995021820068,0,0
1595800805.0815625,99.0012788772583,0,0
1595800805.0915694,100.80252170562744,0,0
1595800805.1015677,102.602219581604,0,0
1595800805.1115646,104.40165996551514,0,0
1595800805.1215637,106.20148658752441,0,0
1595800805.1315668,108.00204277038574,0,0
1595800805.1415606,109.80092525482178,0,0
1595800805.1515703,111.60268306732178,0,0
1595800805.1615684,113.4023380279541,0,0
1595800805.1715732,115.2031946182251,0,0
1595800805.18156,117.00083255767822,0,0
1595800805.1915572,118.8003158569336,0,0
1595800805.2015626,120.6013011932373,0,0
1595800805.211561,122.40099906921387,0,0
1595800805.2215564,124.20018196105957,0,0
1595800805.2315576,126.00039482116699,0,0
1595800805.2415633,127.80142307281494,0,0
1595800805.2515721,129.603009223938,0,0
1595800805.261569,131.40244960784912,0,0
1595800805.2715685,133.20236206054688,0,0
1595800805.2815664,135.00197410583496,0,0
1595800805.2915614,136.8010711669922,0,0
1595800805.3015735,138.60325813293457,0,0
1595800805.3115695,140.40252685546875,0,0
1595800805.321572,142.2029972076416,0,0
1595800805.3315654,144.00179386138916,0,0
1595800805.3415616,145.80110549926758,0,0
1595800805.3515627,147.601318359375,0,0
1595800805.3615737,149.4032907485962,0,0
1595800805.3715706,151.20273113250732,0,0
1595800805.381567,153.00208568572998,0,0
1595800805.3915653,154.80178356170654,0,0
1595800805.4015582,156.60049438476562,0,0
1595800805.4115567,158.40023517608643,0,0
1595800805.4215596,160.20074844360352,0,0
1595800805.4315705,162.0027208328247,0,0
1595800805.4415689,163.80241870880127,0,0
1595800805.4515662,165.60194492340088,0,0
1595800805.4615605,167.4009132385254,0,0
1595800805.4715683,169.20232772827148,0,0
1595800805.4815633,171.0014247894287,0,0
1595800805.4915576,172.80039310455322,0,0
1595800805.5015678,174.6022367477417,0,0
1595800805.5115635,176.40146255493164,0,0
1595800805.5215719,178.2029628753662,0,0
1595800805.5315728,180.0031328201294,0,0
1595800805.5415635,181.80145740509033,0,0
1595800805.5515645,183.60162734985352,0,0
1595800805.5615575,185.40038108825684,0,0
1595800805.5715582,187.20050811767578,0,0
1595800805.5815547,188.99986267089844,0,0
1595800805.5915594,190.80071926116943,0,0
1595800805.6015644,192.60161876678467,0,0
1595800805.6115618,194.40114498138428,0,0
1595800805.6215694,196.20251655578613,0,0
1595800805.631555,197.99993991851807,0,0
1595800805.64156,199.8008394241333,0,0
1595800805.6515653,201.60178184509277,0,0
1595800805.6615565,203.4001922607422,0,0
1595800805.6715627,205.2013063430786,0,0
1595800805.681555,206.99993133544922,0,0
1595800805.691559,208.8006591796875,0,0
1595800805.7015622,210.60121536254883,0,0
1595800805.7115703,212.40267276763916,0,0
1595800805.7215729,214.203143119812,0,0
1595800805.7315567,216.00022315979004,0,0
1595800805.741565,217.8017234802246,0,0
1595800805.7515626,219.60129261016846,0,0
1595800805.761557,221.4003038406372,0,0
1595800805.771562,223.20120334625244,0,0
1595800805.7815638,225.00150203704834,0,0
1595800805.791558,226.80047035217285,0,0
1595800805.8015666,228.60201358795166,0,0
1595800805.8115597,230.40076732635498,0,0
1595800805.8215613,232.20106601715088,0,0
1595800805.8315616,234.00110721588135,0,0
1595800805.8415656,235.80183506011963,0,0
1595800805.8515708,237.6027774810791,0,0
1595800805.8615613,239.4010591506958,0,0
1595800805.8715582,241.20049953460693,0,0
1595800805.8815541,242.9997682571411,0,0
1595800805.8915684,244.80234146118164,0,0
1595800805.9015648,246.6016960144043,0,0
1595800805.911559,248.4006643295288,0,0
1595800805.921569,250.20246505737305,0,0
1595800805.9315596,252.00074672698975,0,0
1595800805.941556,253.8001012802124,0,0
1595800805.951561,255.60100078582764,0,0
1595800805.9615653,257.40177154541016,0,0
1595800805.9715588,259.20061111450195,0,0
1595800805.9815595,261.0007381439209,0,0
1595800805.991555,262.7999210357666,0,0
1595800806.001568,264.60227966308594,0,0
1595800806.0115626,266.4012908935547,0,0
1595800806.0215719,268.2029628753662,0,0
1595800806.0315578,270.0004291534424,0,0
1595800806.0415602,271.800856590271,0,0
1595800806.0515652,273.60175609588623,0,0
1595800806.0615609,275.4009819030762,0,0
1595800806.0715675,277.2021818161011,0,0
1595800806.0815563,279.0001630783081,0,0
1595800806.0915709,280.80277919769287,0,0
1595800806.1015544,282.59981632232666,0,0
1595800806.111558,284.40045833587646,0,0
1595800806.1215687,286.2023878097534,0,0
1595800806.1315684,288.0023431777954,0,0
1595800806.1415594,289.8007106781006,0,0
1595800806.151561,291.6010093688965,0,0
1595800806.1615562,293.40014934539795,0,0
1595800806.171557,295.2002763748169,0,0
1595800806.1815724,297.0030641555786,0,0
1595800806.191573,298.8031482696533,0,0
1595800806.2015665,300.6019878387451,0,0
1595800806.2115712,302.4028444290161,0,0
1595800806.2215655,304.2018127441406,0,0
1595800806.2315586,306.00056648254395,0,0
1595800806.2415593,307.8006935119629,0,0
1595800806.251572,309.60296630859375,0,0
1595800806.261558,311.40047550201416,0,0
1595800806.271572,313.20300579071045,0,0
1595800806.281571,315.0027894973755,0,0
1595800806.2915664,316.8019723892212,0,0
1595800806.3015711,318.6028289794922,0,0
1595800806.3115702,320.40265560150146,0,0
1595800806.32156,322.20080852508545,0,0
1595800806.331559,324.0006351470947,0,0
1595800806.3415568,325.8002471923828,0,0
1595800806.3515682,327.6023054122925,0,0
1595800806.3615682,329.4023036956787,0,0
1595800806.3715565,331.20019912719727,0,0
1595800806.3815544,332.99981117248535,0,0
1595800806.3915691,334.80247020721436,0,0
1595800806.4015706,336.602725982666,0,0
1595800806.4115658,338.4018659591675,0,0
1595800806.4215658,340.2018642425537,0,0
1595800806.4315686,342.0023775100708,0,0
1595800806.44156,343.80083084106445,0,0
1595800806.4515693,345.602502822876,0,0
1595800806.4615557,347.4000549316406,0,0
1595800806.4715605,349.2009115219116,0,0
1595800806.4815612,351.00103855133057,0,0
1595800806.4830127,351.2623071670532,0,0
1595800806.4830127,352.1360764503479,0.004854273796081544,0
1595800806.491557,353.6740336418152,0.004854273796081544,0
1595800806.5015619,355.4749331474304,0.004854273796081544,0
1595800806.5115578,357.2742018699646,0.004854273796081544,0
1595800806.521558,359.07424306869507,0.004854273796081544,0
1595800806.5267031,360,0.004854273796081544,1
1595800806.5267031,0,0,0
1595800806.5367212,1.8032598495483398,0,0
1595800806.5467126,3.601713180541992,0,0
1595800806.5567045,5.400252342224121,0,0
1595800806.5667157,7.202267646789551,0,0
1595800806.5767162,9.002351760864258,0,0
1595800806.5867083,10.800933837890625,0,0
1595800806.5967066,12.600631713867188,0,0
1595800806.606717,14.402518272399902,0,0
1595800806.6167183,16.202731132507324,0,0
1595800806.626709,18.00105571746826,0,0
1595800806.6367204,19.80311393737793,0,0
1595800806.6467094,21.6011381149292,0,0
1595800806.6567109,23.40139389038086,0,0
1595800806.6667156,25.202250480651855,0,0
1595800806.6767097,27.00117588043213,0,0
1595800806.6867144,28.802032470703125,0,0
1595800806.6967094,30.60112953186035,0,0
1595800806.7067106,32.40134239196777,0,0
1595800806.7167144,34.202027320861816,0,0
1595800806.7267158,36.00228309631348,0,0
1595800806.736713,37.80176639556885,0,0
1595800806.7467048,39.60030555725098,0,0
1595800806.7567058,41.40047550201416,0,0
1595800806.7667139,43.20193290710449,0,0
1595800806.776713,45.00175952911377,0,0
1595800806.7867107,46.801371574401855,0,0
1595800806.7967076,48.60081195831299,0,0
1595800806.8067076,50.40081024169922,0,0
1595800806.8167067,52.200636863708496,0,0
1595800806.8267066,54.00063514709473,0,0
1595800806.8367202,55.80307960510254,0,0
1595800806.846713,57.60179042816162,0,0
1595800806.8567088,59.40101623535156,0,0
1595800806.8667088,61.20101451873779,0,0
1595800806.8767176,63.00260066986084,0,0
1595800806.8867147,64.80208396911621,0,0
1595800806.8967137,66.60191059112549,0,0
1595800806.9067094,68.40113639831543,0,0
1595800806.9167137,70.20190715789795,0,0
1595800806.9267051,72.0003604888916,0,0
1595800806.9367092,73.80108833312988,0,0
1595800806.94672,75.60301780700684,0,0
1595800806.9567137,77.40190029144287,0,0
1595800806.966708,79.20086860656738,0,0
1595800806.976709,81.00103855133057,0,0
1595800806.9867036,82.80009269714355,0,0
1595800806.9967046,84.60026264190674,0,0
1595800807.0067148,86.40210628509521,0,0
1595800807.0167167,88.20244789123535,0,0
1595800807.02672,90.00304698944092,0,0
1595800807.0367117,91.80154323577881,0,0
1595800807.0467088,93.60102653503418,0,0
1595800807.0567188,95.40282726287842,0,0
1595800807.0667124,97.20166683197021,0,0
1595800807.0767145,99.00205135345459,0,0
1595800807.08671,100.8012342453003,0,0
1595800807.0967119,102.60157585144043,0,0
1595800807.1067057,104.40045833587646,0,0
1595800807.116707,106.20071411132812,0,0
1595800807.126709,108.00105571746826,0,0
1595800807.1367116,109.80152606964111,0,0
1595800807.1467123,111.60165309906006,0,0
1595800807.1567042,113.40019226074219,0,0
1595800807.1667147,115.2020788192749,0,0
1595800807.1767075,117.00078964233398,0,0
1595800807.1867142,118.80198955535889,0,0
1595800807.196705,120.60035705566406,0,0
1595800807.2067113,122.40147113800049,0,0
1595800807.2167068,124.20065402984619,0,0
1595800807.226707,126.00069522857666,0,0
1595800807.2367086,127.80099391937256,0,0
1595800807.2467115,129.60150718688965,0,0
1595800807.2567058,131.40047550201416,0,0
1595800807.2667096,133.2011604309082,0,0
1595800807.2767055,135.00042915344238,0,0
1595800807.2867067,136.8006420135498,0,0
1595800807.296712,138.60158443450928,0,0
1595800807.3067095,140.40115356445312,0,0
1595800807.316714,142.20196723937988,0,0
1595800807.3267195,144.0029525756836,0,0
1595800807.3367145,145.80204963684082,0,0
1595800807.346714,147.60196208953857,0,0
1595800807.3567054,149.40041542053223,0,0
1595800807.3667102,151.20127201080322,0,0
1595800807.37671,153.00122737884521,0,0
1595800807.3867078,154.8008394241333,0,0
1595800807.3967135,156.60186767578125,0,0
1595800807.4067152,158.40216636657715,0,0
1595800807.416704,160.20014762878418,0,0
1595800807.4267032,162.0000171661377,0,0
1595800807.4367137,163.8019037246704,0,0
1595800807.4467082,165.60091495513916,0,0
1595800807.4567072,167.40074157714844,0,0
1595800807.4667175,169.2025852203369,0,0
1595800807.4767175,171.00258350372314,0,0
1595800807.4867105,172.80133724212646,0,0
1595800807.496704,174.60017681121826,0,0
1595800807.5067074,176.40077590942383,0,0
1595800807.5167127,178.2017183303833,0,0
1595800807.5267072,180.00072956085205,0,0
1595800807.5367079,181.800856590271,0,0
1595800807.5467205,183.60312938690186,0,0
1595800807.5567067,185.40063858032227,0,0
1595800807.5667021,187.19982147216797,0,0
1595800807.5767076,189.00080680847168,0,0
1595800807.5867033,190.80003261566162,0,0
1595800807.5967102,192.60127544403076,0,0
1595800807.6067085,194.40097332000732,0,0
1595800807.6167026,196.1998987197876,0,0
1595800807.6267173,198.0025577545166,0,0
1595800807.6367102,199.80126857757568,0,0
1595800807.6467044,201.6002368927002,0,0
1595800807.6567125,203.40169429779053,0,0
1595800807.666711,205.20143508911133,0,0
1595800807.6767154,207.00220584869385,0,0
1595800807.686715,208.8021183013916,0,0
1595800807.6967158,210.60228824615479,0,0
1595800807.706714,212.4019432067871,0,0
1595800807.7167032,214.20001029968262,0,0
1595800807.7267075,216.00078105926514,0,0
1595800807.736714,217.8019380569458,0,0
1595800807.74671,219.60124969482422,0,0
1595800807.756708,221.4008617401123,0,0
1595800807.7667105,223.20133209228516,0,0
1595800807.7767158,225.00227451324463,0,0
1595800807.7867107,226.80137157440186,0,0
1595800807.7967196,228.6029577255249,0,0
1595800807.8067079,230.40085315704346,0,0
1595800807.8167186,232.2027826309204,0,0
1595800807.8267124,234.00166511535645,0,0
1595800807.8367093,235.80110549926758,0,0
1595800807.8467155,237.602219581604,0,0
1595800807.8567207,239.40316200256348,0,0
1595800807.866712,241.20161533355713,0,0
1595800807.8767085,243.00096988677979,0,0
1595800807.88672,244.80302810668945,0,0
1595800807.896705,246.60032272338867,0,0
1595800807.9067135,248.40186595916748,0,0
1595800807.91671,250.20122051239014,0,0
1595800807.9267058,252.00048923492432,0,0
1595800807.936717,253.80250453948975,0,0
1595800807.946711,255.60142993927002,0,0
1595800807.9567094,257.4011278152466,0,0
1595800807.966705,259.2003536224365,0,0
1595800807.9767067,261.0006523132324,0,0
1595800807.986719,262.8028392791748,0,0
1595800807.9967017,264.5997476577759,0,0
1595800808.006709,266.4010763168335,0,0
1595800808.0167196,268.2029628753662,0,0
1595800808.0267105,270.0013303756714,0,0
1595800808.0367086,271.8009853363037,0,0
1595800808.0467114,273.6014986038208,0,0
1595800808.0567055,275.4004240036011,0,0
1595800808.0667083,277.20093727111816,0,0
1595800808.076708,279.00089263916016,0,0
1595800808.086706,280.80050468444824,0,0
1595800808.0967026,282.59990215301514,0,0
1595800808.1067107,284.40135955810547,0,0
1595800808.1167161,286.2023448944092,0,0
1595800808.1267028,287.99993991851807,0,0
1595800808.1367164,289.8023843765259,0,0
1595800808.1467078,291.60083770751953,0,0
1595800808.1567106,293.4013509750366,0,0
1595800808.1667104,295.2013063430786,0,0
1595800808.176705,297.00031757354736,0,0
1595800808.186707,298.80070209503174,0,0
1595800808.196719,300.6028461456299,0,0
1595800808.2067115,302.4015140533447,0,0
1595800808.2167149,304.2021131515503,0,0
1595800808.2267036,306.0000944137573,0,0
1595800808.2367034,307.8000497817993,0,0
1595800808.2467134,309.60185050964355,0,0
1595800808.2567182,311.40270709991455,0,0
1595800808.2667143,313.20201873779297,0,0
1595800808.2767177,315.00261783599854,0,0
1595800808.2867103,316.8012857437134,0,0
1595800808.2967105,318.60132694244385,0,0
1595800808.3067086,320.4009819030762,0,0
1595800808.3167124,322.2016668319702,0,0
1595800808.3267162,324.00235176086426,0,0
1595800808.3367069,325.8006763458252,0,0
1595800808.346716,327.6023054122925,0,0
1595800808.356704,329.4001579284668,0,0
1595800808.3667016,331.19972705841064,0,0
1595800808.3767128,333.0017423629761,0,0
1595800808.3867164,334.8023843765259,0,0
1595800808.3967042,336.60019397735596,0,0
1595800808.4067192,338.4028959274292,0,0
1595800808.416714,340.2019500732422,0,0
1595800808.4267106,342.0013475418091,0,0
1595800808.4367096,343.80117416381836,0,0
1595800808.4467092,345.6010866165161,0,0
1595800808.4567156,347.4022436141968,0,0
1595800808.4667122,349.2016410827637,0,0
1595800808.4767017,350.9997510910034,0,0
1595800808.486708,352.80086517333984,0,0
1595800808.4881203,353.0550956726074,0,0
1595800808.4881203,353.7495861053467,0.003858280181884766,0
1595800808.4967062,355.29505348205566,0.003858280181884766,0
1595800808.506707,357.0951805114746,0.003858280181884766,0
1595800808.5167067,358.8951358795166,0.003858280181884766,0
1595800808.522853,360,0.003858280181884766,1
1595800808.522853,0,0,0
1595800808.53287,1.8030881881713867,0,0
1595800808.5428705,3.6031723022460938,0,0
1595800808.5528693,5.402956008911133,0,0
1595800808.5628633,7.201881408691406,0,0
1595800808.5728667,9.002480506896973,0,0
1595800808.582853,10.800032615661621,0,0
1595800808.5928597,12.601232528686523,0,0
1595800808.6028562,14.40058708190918,0,0
1595800808.6128716,16.2033748626709,0,0
1595800808.6228662,18.00238609313965,0,0
1595800808.6328545,19.800281524658203,0,0
1595800808.6428623,21.601696014404297,0,0
1595800808.6528618,23.40160846710205,0,0
1595800808.662856,25.200576782226562,0,0
1595800808.672861,27.001476287841797,0,0
1595800808.6828556,28.800487518310547,0,0
1595800808.692869,30.60288906097412,0,0
1595800808.7028694,32.40297317504883,0,0
1595800808.7128546,34.200310707092285,0,0
1595800808.722856,36.000566482543945,0,0
1595800808.732859,37.801079750061035,0,0
1595800808.7428632,39.601850509643555,0,0
1595800808.7528584,41.40099048614502,0,0
1595800808.7628703,43.203134536743164,0,0
1595800808.7728565,45.000643730163574,0,0
1595800808.7828703,46.803131103515625,0,0
1595800808.7928624,48.60171318054199,0,0
1595800808.8028595,50.40119647979736,0,0
1595800808.8128645,52.2020959854126,0,0
1595800808.8228664,54.002437591552734,0,0
1595800808.8328555,55.800461769104004,0,0
1595800808.8428674,57.60260581970215,0,0
1595800808.8528636,59.401917457580566,0,0
1595800808.8628554,61.200456619262695,0,0
1595800808.872856,63.0005407333374,0,0
1595800808.882862,64.80165481567383,0,0
1595800808.892857,66.60075187683105,0,0
1595800808.9028606,68.40139389038086,0,0
1595800808.9128635,70.20190715789795,0,0
1595800808.922864,72.00199127197266,0,0
1595800808.932866,73.80237579345703,0,0
1595800808.942857,75.6007432937622,0,0
1595800808.9528592,77.40112781524658,0,0
1595800808.9628599,79.20125484466553,0,0
1595800808.9728584,81.00099563598633,0,0
1595800808.9828634,82.80189514160156,0,0
1595800808.992868,84.60270881652832,0,0
1595800809.0028627,86.40176296234131,0,0
1595800809.0128634,88.20188999176025,0,0
1595800809.022856,90.0005578994751,0,0
1595800809.0328674,91.80261611938477,0,0
1595800809.0428545,93.60029697418213,0,0
1595800809.052864,95.40201187133789,0,0
1595800809.062855,97.20037937164307,0,0
1595800809.0728633,99.00187969207764,0,0
1595800809.0828702,100.80312252044678,0,0
1595800809.0928555,102.60046005249023,0,0
1595800809.1028616,104.40157413482666,0,0
1595800809.112871,106.20324611663818,0,0
1595800809.122869,108.00290107727051,0,0
1595800809.132859,109.80109691619873,0,0
1595800809.1428552,111.60040855407715,0,0
1595800809.1528587,113.40105056762695,0,0
1595800809.1628537,115.20014762878418,0,0
1595800809.172859,117.00109004974365,0,0
1595800809.1828618,118.80160331726074,0,0
1595800809.192856,120.60057163238525,0,0
1595800809.202858,122.40091323852539,0,0
1595800809.2128618,124.20159816741943,0,0
1595800809.2228563,126.00060939788818,0,0
1595800809.2328548,127.80035018920898,0,0
1595800809.2428546,129.60030555725098,0,0
1595800809.2528663,131.40240669250488,0,0
1595800809.2628596,133.20120334625244,0,0
1595800809.2728653,135.0022315979004,0,0
1595800809.2828677,136.802659034729,0,0
1595800809.2928634,138.60188484191895,0,0
1595800809.3028665,140.40244102478027,0,0
1595800809.3128707,142.2032117843628,0,0
1595800809.3228695,144.00299549102783,0,0
1595800809.3328583,145.80097675323486,0,0
1595800809.342859,147.6011037826538,0,0
1595800809.3528535,149.40011501312256,0,0
1595800809.3628585,151.2010145187378,0,0
1595800809.3728523,152.99989700317383,0,0
1595800809.382865,154.8021697998047,0,0
1595800809.3928707,156.60319805145264,0,0
1595800809.402852,158.39984893798828,0,0
1595800809.4128563,160.2006196975708,0,0
1595800809.422866,162.0023775100708,0,0
1595800809.432852,163.79984378814697,0,0
1595800809.4428544,165.6002712249756,0,0
1595800809.4528623,167.40168571472168,0,0
1595800809.4628634,169.2018985748291,0,0
1595800809.4728606,171.00138187408447,0,0
1595800809.4828653,172.80223846435547,0,0
1595800809.4928577,174.60086345672607,0,0
1595800809.502859,176.40111923217773,0,0
1595800809.5128644,178.2020616531372,0,0
1595800809.522858,180.000901222229,0,0
1595800809.5328631,181.80184364318848,0,0
1595800809.5428643,183.6020565032959,0,0
1595800809.552871,185.4032564163208,0,0
1595800809.5628612,187.20149517059326,0,0
1595800809.5728607,189.00140762329102,0,0
1595800809.5828683,190.80277919769287,0,0
1595800809.5928638,192.60196208953857,0,0
1595800809.6028628,194.40178871154785,0,0
1595800809.6128597,196.20122909545898,0,0
1595800809.6228623,198.00169944763184,0,0
1595800809.6328576,199.8008394241333,0,0
1595800809.6428661,201.6023826599121,0,0
1595800809.6528647,203.4021234512329,0,0
1595800809.6628623,205.20169258117676,0,0
1595800809.6728642,207.0020341873169,0,0
1595800809.6828547,208.8003158569336,0,0
1595800809.6928537,210.60014247894287,0,0
1595800809.702862,212.40164279937744,0,0
1595800809.712858,214.20091152191162,0,0
1595800809.7228582,216.0009527206421,0,0
1595800809.7328613,217.80150890350342,0,0
1595800809.7428677,219.60266590118408,0,0
1595800809.7528596,221.4012050628662,0,0
1595800809.7628672,223.20257663726807,0,0
1595800809.772854,225.0002145767212,0,0
1595800809.7828703,226.80313110351562,0,0
1595800809.792862,228.60162734985352,0,0
1595800809.8028555,230.4004669189453,0,0
1595800809.8128538,232.20016479492188,0,0
1595800809.8228562,234.0005922317505,0,0
1595800809.832854,235.80020427703857,0,0
1595800809.8428545,237.60028839111328,0,0
1595800809.8528547,239.40032958984375,0,0
1595800809.862866,241.20234489440918,0,0
1595800809.8728626,243.00174236297607,0,0
1595800809.8828583,244.80096817016602,0,0
1595800809.892856,246.60053730010986,0,0
1595800809.9028556,248.40049266815186,0,0
1595800809.9128642,250.20203590393066,0,0
1595800809.9228616,252.00156211853027,0,0
1595800809.93286,253.80125999450684,0,0
1595800809.9428566,255.60065746307373,0,0
1595800809.9528592,257.4011278152466,0,0
1595800809.9628577,259.2008686065674,0,0
1595800809.9728699,261.00305557250977,0,0
1595800809.9828653,262.80223846435547,0,0
1595800809.9928682,264.60275173187256,0,0
1595800810.00286,266.4012908935547,0,0
1595800810.0128615,268.20154666900635,0,0
1595800810.0228639,270.00197410583496,0,0
1595800810.03287,271.8030881881714,0,0
1595800810.0428574,273.600811958313,0,0
1595800810.05287,275.40308475494385,0,0
1595800810.062869,277.2029113769531,0,0
1595800810.0728605,279.0013647079468,0,0
1595800810.082867,280.80252170562744,0,0
1595800810.0928547,282.6003313064575,0,0
1595800810.1028514,284.3997287750244,0,0
1595800810.1128564,286.20062828063965,0,0
1595800810.122858,288.00092697143555,0,0
1595800810.1328664,289.8024272918701,0,0
1595800810.1428628,291.6017818450928,0,0
1595800810.1528664,293.4024238586426,0,0
1595800810.1628544,295.2002763748169,0,0
1595800810.1728537,297.0001459121704,0,0
1595800810.1828654,298.8022470474243,0,0
1595800810.1928556,300.6004858016968,0,0
1595800810.2028556,302.400484085083,0,0
1595800810.2128668,304.20249938964844,0,0
1595800810.222854,306.0001802444458,0,0
1595800810.2328694,307.8029680252075,0,0
1595800810.2428641,309.6020221710205,0,0
1595800810.2528677,311.4026641845703,0,0
1595800810.2628634,313.20188999176025,0,0
1595800810.2728643,315.00205993652344,0,0
1595800810.282864,316.80201530456543,0,0
1595800810.2928529,318.59999656677246,0,0
1595800810.3028526,320.39995193481445,0,0
1595800810.3128536,322.20012187957764,0,0
1595800810.3228533,324.00007724761963,0,0
1595800810.332852,325.79981803894043,0,0
1595800810.3428607,327.6014041900635,0,0
1595800810.3528597,329.40123081207275,0,0
1595800810.362857,331.20075702667236,0,0
1595800810.3728633,333.0018711090088,0,0
1595800810.3828576,334.8008394241333,0,0
1595800810.3928695,336.60298347473145,0,0
1595800810.4028585,338.4010076522827,0,0
1595800810.4128673,340.20259380340576,0,0
1595800810.4228585,342.0010042190552,0,0
1595800810.4328542,343.8002300262451,0,0
1595800810.4428556,345.6004858016968,0,0
1595800810.4528692,347.4029302597046,0,0
1595800810.4628582,349.20095443725586,0,0
1595800810.4728587,351.00103855133057,0,0
1595800810.4828684,352.80279636383057,0,0
1595800810.4928613,354.60150718688965,0,0
1595800810.493267,354.6745491027832,0,0
1595800810.493267,355.2070941925049,0.0029585838317871095,0
1595800810.502853,356.9325485229492,0.0029585838317871095,0
1595800810.5128632,358.7343921661377,0.0029585838317871095,0
1595800810.519912,360,0.0029585838317871095,1
1595800810.519912,0,0,0
1595800810.5299187,1.8011999130249023,0,0
1595800810.5399232,3.60201358795166,0,0
1595800810.5499127,5.400123596191406,0,0
1595800810.5599194,7.201323509216309,0,0
1595800810.569922,9.00179386138916,0,0
1595800810.5799134,10.800247192382812,0,0
1595800810.5899239,12.602133750915527,0,0
1595800810.5999143,14.400415420532227,0,0
1595800810.609928,16.20285987854004,0,0
1595800810.6199148,18.000497817993164,0,0
1595800810.6299236,19.80208396911621,0,0
1595800810.639926,21.602511405944824,0,0
1595800810.6499171,23.40092182159424,0,0
1595800810.6599271,25.202722549438477,0,0
1595800810.6699255,27.00242042541504,0,0
1595800810.6799266,28.80263328552246,0,0
1595800810.6899128,30.60014247894287,0,0
1595800810.6999207,32.401556968688965,0,0
1595800810.7099192,34.201297760009766,0,0
1595800810.7199152,36.000566482543945,0,0
1595800810.7299237,37.802109718322754,0,0
1595800810.739912,39.60000514984131,0,0
1595800810.7499187,41.40120506286621,0,0
1595800810.7599173,43.20094585418701,0,0
1595800810.7699187,45.00120162963867,0,0
1595800810.7799237,46.802101135253906,0,0
1595800810.7899206,48.60154151916504,0,0
1595800810.7999234,50.40205478668213,0,0
1595800810.8099265,52.20261096954346,0,0
1595800810.8199296,54.003167152404785,0,0
1595800810.8299158,55.800676345825195,0,0
1595800810.8399198,57.60140419006348,0,0
1595800810.8499122,59.40002918243408,0,0
1595800810.859924,61.20217323303223,0,0
1595800810.869919,63.00127029418945,0,0
1595800810.879919,64.80126857757568,0,0
1595800810.8899155,66.60062313079834,0,0
1595800810.8999226,68.40190887451172,0,0
1595800810.9099226,70.20190715789795,0,0
1595800810.9199247,72.00229167938232,0,0
1595800810.929923,73.80198955535889,0,0
1595800810.9399207,75.60155868530273,0,0
1595800810.9499235,77.40207195281982,0,0
1595800810.9599144,79.200439453125,0,0
1595800810.9699178,81.00103855133057,0,0
1595800810.9799123,82.80004978179932,0,0
1595800810.9899125,84.60009098052979,0,0
1595800810.999919,86.40124797821045,0,0
1595800811.009922,88.20180416107178,0,0
1595800811.0199149,90.00051498413086,0,0
1595800811.029925,91.80235862731934,0,0
1595800811.0399146,93.60046863555908,0,0
1595800811.0499115,95.39990901947021,0,0
1595800811.0599155,97.2006368637085,0,0
1595800811.0699282,99.00290966033936,0,0
1595800811.079918,100.80106258392334,0,0
1595800811.0899117,102.59994506835938,0,0
1595800811.0999286,104.40299034118652,0,0
1595800811.1099124,106.20007038116455,0,0
1595800811.1199138,108.00032615661621,0,0
1595800811.1299229,109.8019552230835,0,0
1595800811.139924,111.60216808319092,0,0
1595800811.1499207,113.40156555175781,0,0
1595800811.1599174,115.2009630203247,0,0
1595800811.1699255,117.00242042541504,0,0
1595800811.1799223,118.80186080932617,0,0
1595800811.1899238,120.60211658477783,0,0
1595800811.199921,122.4015998840332,0,0
1595800811.2099135,124.20026779174805,0,0
1595800811.219926,126.0025405883789,0,0
1595800811.2299278,127.8028392791748,0,0
1595800811.2399147,129.60047721862793,0,0
1595800811.2499144,131.40043258666992,0,0
1595800811.2599134,133.2002592086792,0,0
1595800811.2699282,135.0029182434082,0,0
1595800811.2799175,136.8009853363037,0,0
1595800811.2899165,138.600811958313,0,0
1595800811.2999222,140.40184020996094,0,0
1595800811.3099177,142.20102310180664,0,0
1595800811.3199232,144.00200843811035,0,0
1595800811.32992,145.80144882202148,0,0
1595800811.339923,147.60196208953857,0,0
1595800811.3499293,149.40311908721924,0,0
1595800811.359927,151.2026882171631,0,0
1595800811.3699183,153.00114154815674,0,0
1595800811.3799222,154.80182647705078,0,0
1595800811.3899221,156.601824760437,0,0
1595800811.3999257,158.40246677398682,0,0
1595800811.409916,160.20070552825928,0,0
1595800811.4199262,162.00254917144775,0,0
1595800811.4299219,163.8017749786377,0,0
1595800811.4399211,165.6016445159912,0,0
1595800811.4499235,167.40207195281982,0,0
1595800811.459928,169.20288562774658,0,0
1595800811.469913,171.0001802444458,0,0
1595800811.4799278,172.8028392791748,0,0
1595800811.4899294,174.6031379699707,0,0
1595800811.4999244,176.40223503112793,0,0
1595800811.5099163,178.20077419281006,0,0
1595800811.51992,180.0014591217041,0,0
1595800811.5299153,181.80059909820557,0,0
1595800811.539921,183.60162734985352,0,0
1595800811.5499208,185.4015827178955,0,0
1595800811.559917,187.20089435577393,0,0
1595800811.5699189,189.00123596191406,0,0
1595800811.5799222,190.80183506011963,0,0
1595800811.5899153,192.60058879852295,0,0
1595800811.5999258,194.40247535705566,0,0
1595800811.6099243,196.20221614837646,0,0
1595800811.619926,198.00251483917236,0,0
1595800811.6299143,199.80041027069092,0,0
1595800811.639926,201.60251140594482,0,0
1595800811.6499171,203.40092182159424,0,0
1595800811.6599176,205.20100593566895,0,0
1595800811.6699185,207.00117588043213,0,0
1595800811.6799178,208.80104541778564,0,0
1595800811.6899269,210.60267448425293,0,0
1595800811.6999285,212.40297317504883,0,0
1595800811.7099288,214.2030143737793,0,0
1595800811.7199116,215.99992275238037,0,0
1595800811.7299185,217.8011655807495,0,0
1595800811.7399282,219.6029233932495,0,0
1595800811.7499163,221.40077590942383,0,0
1595800811.7599244,223.20223331451416,0,0
1595800811.7699218,225.00175952911377,0,0
1595800811.7799156,226.8006420135498,0,0
1595800811.7899165,228.600811958313,0,0
1595800811.7999237,230.40209770202637,0,0
1595800811.8099213,232.20166683197021,0,0
1595800811.819912,233.99999141693115,0,0
1595800811.829927,235.8026933670044,0,0
1595800811.839926,237.60251998901367,0,0
1595800811.8499122,239.40002918243408,0,0
1595800811.859912,241.19998455047607,0,0
1595800811.8699133,243.00024032592773,0,0
1595800811.8799121,244.80002403259277,0,0
1595800811.8899193,246.60130977630615,0,0
1595800811.899917,248.40087890625,0,0
1595800811.9099176,250.20100593566895,0,0
1595800811.919913,252.00018882751465,0,0
1595800811.9299273,253.80276203155518,0,0
1595800811.9399164,255.60078620910645,0,0
1595800811.949927,257.4027156829834,0,0
1595800811.9599185,259.20116901397705,0,0
1595800811.969915,261.0005235671997,0,0
1595800811.9799166,262.8008222579956,0,0
1595800811.9899216,264.60172176361084,0,0
1595800811.9999163,266.4007759094238,0,0
1595800812.009921,268.2016324996948,0,0
1595800812.0199134,270.00025749206543,0,0
1595800812.029911,271.7998266220093,0,0
1595800812.039916,273.6007261276245,0,0
1595800812.0499117,275.39995193481445,0,0
1595800812.0599117,277.1999502182007,0,0
1595800812.0699131,279.00020599365234,0,0
1595800812.079921,280.80162048339844,0,0
1595800812.0899177,282.60101795196533,0,0
1595800812.099919,284.401273727417,0,0
1595800812.1099262,286.20255947113037,0,0
1595800812.1199195,288.00135612487793,0,0
1595800812.1299152,289.80058193206787,0,0
1595800812.1399274,291.60276889801025,0,0
1595800812.1499174,293.4009647369385,0,0
1595800812.159911,295.1998043060303,0,0
1595800812.1699135,297.0002746582031,0,0
1595800812.179927,298.80271911621094,0,0
1595800812.189911,300.59979915618896,0,0
1595800812.1999145,302.40044116973877,0,0
1595800812.2099159,304.20069694519043,0,0
1595800812.2199104,305.9997081756592,0,0
1595800812.2299154,307.8006076812744,0,0
1595800812.2399187,309.60120677948,0,0
1595800812.2499223,311.4018487930298,0,0
1595800812.259913,313.2001733779907,0,0
1595800812.2699175,315.0009870529175,0,0
1595800812.2799213,316.8016719818115,0,0
1595800812.2899268,318.60265731811523,0,0
1595800812.299912,320.3999948501587,0,0
1595800812.3099213,322.2016668319702,0,0
1595800812.3199155,324.0006351470947,0,0
1595800812.3299181,325.8011054992676,0,0
1595800812.339918,327.60106086730957,0,0
1595800812.3499148,329.4005012512207,0,0
1595800812.3599184,331.2011432647705,0,0
1595800812.3699262,333.0025577545166,0,0
1595800812.3799245,334.80225563049316,0,0
1595800812.3899248,336.60229682922363,0,0
1595800812.3999288,338.4030246734619,0,0
1595800812.4099102,340.19967555999756,0,0
1595800812.419918,342.00109004974365,0,0
1595800812.4299204,343.80151748657227,0,0
1595800812.439918,345.6010866165161,0,0
1595800812.449926,347.4025011062622,0,0
1595800812.4599237,349.2021131515503,0,0
1595800812.469921,351.0016393661499,0,0
1595800812.4799128,352.8001356124878,0,0
1595800812.4899194,354.6013355255127,0,0
1595800812.4971015,355.8941173553467,0,0
1595800812.4971015,356.304705619812,0.002281045913696289,0
1595800812.4999144,356.81102085113525,0.002281045913696289,0
1595800812.509911,358.61041831970215,0.002281045913696289,0
1595800812.517635,360,0.002281045913696289,1
1595800812.517635,0,0,0
1595800812.527635,1.7999982833862305,0,0
1595800812.5376465,3.6020565032958984,0,0
1595800812.5476499,5.402655601501465,0,0
1595800812.5576444,7.201666831970215,0,0
1595800812.5676515,9.002952575683594,0,0
1595800812.5776482,10.802350044250488,0,0
1595800812.5876396,12.60080337524414,0,0
1595800812.5976458,14.401917457580566,0,0
1595800812.6076367,16.200284957885742,0,0
1595800812.6176383,18.00058364868164,0,0
1595800812.6276357,19.80010986328125,0,0
1595800812.637651,21.60285472869873,0,0
1595800812.6476378,23.400492668151855,0,0
1595800812.6576488,25.202465057373047,0,0
1595800812.6676521,27.003064155578613,0,0
1595800812.6776485,28.80241870880127,0,0
1595800812.687642,30.601258277893066,0,0
1595800812.6976507,32.402801513671875,0,0
1595800812.7076356,34.200096130371094,0,0
1595800812.7176425,36.001338958740234,0,0
1595800812.7276368,37.800307273864746,0,0
1595800812.7376442,39.60163593292236,0,0
1595800812.7476416,41.40116214752197,0,0
1595800812.7576358,43.200130462646484,0,0
1595800812.7676353,45.00004291534424,0,0
1595800812.7776437,46.80154323577881,0,0
1595800812.7876513,48.602914810180664,0,0
1595800812.797645,50.4017972946167,0,0
1595800812.8076355,52.2000789642334,0,0
1595800812.8176517,54.00299549102783,0,0
1595800812.8276474,55.80222129821777,0,0
1595800812.8376367,57.60028839111328,0,0
1595800812.8476477,59.40226078033447,0,0
1595800812.8576508,61.2028169631958,0,0
1595800812.86765,63.002686500549316,0,0
1595800812.877649,64.8025131225586,0,0
1595800812.8876517,66.60298347473145,0,0
1595800812.8976362,68.40019226074219,0,0
1595800812.9076486,70.20242214202881,0,0
1595800812.9176533,72.0032787322998,0,0
1595800812.9276514,73.80293369293213,0,0
1595800812.937642,75.60125827789307,0,0
1595800812.947652,77.4030590057373,0,0
1595800812.9576466,79.20207023620605,0,0
1595800812.9676402,81.00090980529785,0,0
1595800812.9776363,82.80022144317627,0,0
1595800812.9876504,84.60275173187256,0,0
1595800812.9976504,86.40275001525879,0,0
1595800813.0076416,88.2011604309082,0,0
1595800813.0176418,90.00120162963867,0,0
1595800813.0276484,91.80240154266357,0,0
1595800813.0376394,93.60076904296875,0,0
1595800813.0476382,95.40055274963379,0,0
1595800813.057652,97.20304012298584,0,0
1595800813.0676534,99.0032958984375,0,0
1595800813.0776427,100.80136299133301,0,0
1595800813.087642,102.60123252868652,0,0
1595800813.097641,104.4010591506958,0,0
1595800813.107639,106.20071411132812,0,0
1595800813.1176531,108.00324440002441,0,0
1595800813.1276436,109.80152606964111,0,0
1595800813.1376488,111.60246849060059,0,0
1595800813.1476462,113.4019947052002,0,0
1595800813.1576405,115.2009630203247,0,0
1595800813.1676497,117.00263500213623,0,0
1595800813.1776345,118.79988670349121,0,0
1595800813.1876383,120.60057163238525,0,0
1595800813.1976435,122.40151405334473,0,0
1595800813.2076414,124.20112609863281,0,0
1595800813.2176516,126.00296974182129,0,0
1595800813.2276483,127.80236721038818,0,0
1595800813.2376385,129.60060596466064,0,0
1595800813.2476354,131.40004634857178,0,0
1595800813.2576437,133.20154666900635,0,0
1595800813.2676513,135.0029182434082,0,0
1595800813.2776449,136.8017578125,0,0
1595800813.2876515,138.6029577255249,0,0
1595800813.2976491,140.40252685546875,0,0
1595800813.3076434,142.20149517059326,0,0
1595800813.3176455,144.00187969207764,0,0
1595800813.327653,145.80320835113525,0,0
1595800813.3376381,147.6005458831787,0,0
1595800813.3476439,149.40157413482666,0,0
1595800813.3576474,151.20221614837646,0,0
1595800813.367653,153.00320148468018,0,0
1595800813.3776348,154.7999382019043,0,0
1595800813.387653,156.60324096679688,0,0
1595800813.3976398,158.40083599090576,0,0
1595800813.4076428,160.2013921737671,0,0
1595800813.4176462,162.00199127197266,0,0
1595800813.4276357,163.8001012802124,0,0
1595800813.4376378,165.60048580169678,0,0
1595800813.4476507,167.40280151367188,0,0
1595800813.457639,169.20069694519043,0,0
1595800813.4676354,171.0000514984131,0,0
1595800813.4776373,172.80039310455322,0,0
1595800813.487637,174.60034847259521,0,0
1595800813.4976368,176.4003038406372,0,0
1595800813.5076382,178.20055961608887,0,0
1595800813.5176427,180.00137329101562,0,0
1595800813.527648,181.8023157119751,0,0
1595800813.5376523,183.60308647155762,0,0
1595800813.5476508,185.40282726287842,0,0
1595800813.5576394,187.2007656097412,0,0
1595800813.5676413,189.00110721588135,0,0
1595800813.5776396,190.8008050918579,0,0
1595800813.587648,192.60230541229248,0,0
1595800813.5976384,194.40058708190918,0,0
1595800813.6076455,196.20187282562256,0,0
1595800813.6176467,198.00208568572998,0,0
1595800813.627636,199.8001527786255,0,0
1595800813.6376476,201.6022539138794,0,0
1595800813.6476517,203.40298175811768,0,0
1595800813.6576436,205.2015209197998,0,0
1595800813.6676476,207.0022487640381,0,0
1595800813.6776493,208.80254745483398,0,0
1595800813.6876407,210.60100078582764,0,0
1595800813.697638,212.40052700042725,0,0
1595800813.707644,214.20159816741943,0,0
1595800813.7176414,216.00112438201904,0,0
1595800813.727642,217.801251411438,0,0
1595800813.7376344,219.5998764038086,0,0
1595800813.747638,221.4005184173584,0,0
1595800813.757653,223.20322036743164,0,0
1595800813.7676446,225.00171661376953,0,0
1595800813.7776396,226.80081367492676,0,0
1595800813.787649,228.60248565673828,0,0
1595800813.797635,230.3999948501587,0,0
1595800813.8076425,232.2013235092163,0,0
1595800813.8176434,234.0014934539795,0,0
1595800813.8276484,235.80239295959473,0,0
1595800813.8376482,237.60234832763672,0,0
1595800813.8476496,239.40260410308838,0,0
1595800813.857652,241.203031539917,0,0
1595800813.8676524,243.0031156539917,0,0
1595800813.8776474,244.80221271514893,0,0
1595800813.8876488,246.6024684906006,0,0
1595800813.8976364,248.40023517608643,0,0
1595800813.9076357,250.20010471343994,0,0
1595800813.9176447,252.00173377990723,0,0
1595800813.9276516,253.80297660827637,0,0
1595800813.937651,255.60284614562988,0,0
1595800813.9476388,257.40065574645996,0,0
1595800813.9576497,259.20262813568115,0,0
1595800813.967638,261.0005235671997,0,0
1595800813.9776363,262.80022144317627,0,0
1595800813.9876409,264.601035118103,0,0
1595800813.9976346,266.39991760253906,0,0
1595800814.007645,268.20176124572754,0,0
1595800814.017652,270.0030469894409,0,0
1595800814.0276384,271.80059909820557,0,0
1595800814.0376506,273.60278606414795,0,0
1595800814.047634,275.3997802734375,0,0
1595800814.0576365,277.20025062561035,0,0
1595800814.067645,279.00179386138916,0,0
1595800814.0776453,280.80183506011963,0,0
1595800814.0876422,282.60127544403076,0,0
1595800814.0976422,284.401273727417,0,0
1595800814.1076458,286.2019157409668,0,0
1595800814.1176374,288.0004119873047,0,0
1595800814.127649,289.8025131225586,0,0
1595800814.1376336,291.59972190856934,0,0
1595800814.147645,293.401780128479,0,0
1595800814.1576376,295.20044803619385,0,0
1595800814.1676483,297.0023775100708,0,0
1595800814.17764,298.8008737564087,0,0
1595800814.1876504,300.6027603149414,0,0
1595800814.1976433,302.4014711380005,0,0
1595800814.2076514,304.2029285430908,0,0
1595800814.2176352,306.00000858306885,0,0
1595800814.2276518,307.80301094055176,0,0
1595800814.2376344,309.5998764038086,0,0
1595800814.2476373,311.4003896713257,0,0
1595800814.257652,313.2030487060547,0,0
1595800814.2676516,315.00296115875244,0,0
1595800814.277642,316.80124282836914,0,0
1595800814.2876394,318.60076904296875,0,0
1595800814.2976372,320.40038108825684,0,0
1595800814.307636,322.2001647949219,0,0
1595800814.317639,324.0007209777832,0,0
1595800814.3276482,325.8023500442505,0,0
1595800814.3376338,327.5997734069824,0,0
1595800814.3476465,329.4020462036133,0,0
1595800814.3576448,331.20174407958984,0,0
1595800814.3676457,333.001914024353,0,0
1595800814.377649,334.8025131225586,0,0
1595800814.3876488,336.6024684906006,0,0
1595800814.397638,338.4005355834961,0,0
1595800814.4076502,340.2027225494385,0,0
1595800814.417637,342.0003604888916,0,0
1595800814.427634,343.79980087280273,0,0
1595800814.437647,345.60215950012207,0,0
1595800814.4476454,347.40185737609863,0,0
1595800814.4576335,349.19970989227295,0,0
1595800814.4676368,351.0003089904785,0,0
1595800814.4776366,352.8002643585205,0,0
1595800814.4876406,354.6009922027588,0,0
1595800814.4976397,356.40081882476807,0,0
1595800814.5009723,357.00068950653076,0,0
1595800814.5009723,357.3006205558777,0.0016662836074829103,0
1595800814.5076401,358.5008339881897,0.0016662836074829103,0
1595800814.5159695,360,0.0016662836074829103,1
1595800814.5159695,0,0,0
1595800814.52598,1.8018865585327148,0,0
1595800814.5359807,3.60201358795166,0,0
1595800814.5459783,5.401582717895508,0,0
1595800814.5559783,7.201581001281738,0,0
1595800814.5659719,9.000420570373535,0,0
1595800814.575987,10.803165435791016,0,0
1595800814.5859878,12.603292465209961,0,0
1595800814.5959756,14.401102066040039,0,0
1595800814.6059732,16.200671195983887,0,0
1595800814.6159694,17.999982833862305,0,0
1595800814.6259766,19.801268577575684,0,0
1595800814.6359725,21.600537300109863,0,0
1595800814.6459801,23.40190887451172,0,0
1595800814.655974,25.200791358947754,0,0
1595800814.6659787,27.00164794921875,0,0
1595800814.6759865,28.803062438964844,0,0
1595800814.6859798,30.601859092712402,0,0
1595800814.6959713,32.400312423706055,0,0
1595800814.7059753,34.201040267944336,0,0
1595800814.7159827,36.00236892700195,0,0
1595800814.7259853,37.802839279174805,0,0
1595800814.735976,39.60116386413574,0,0
1595800814.7459702,41.400132179260254,0,0
1595800814.755981,43.20206165313721,0,0
1595800814.7659826,45.002360343933105,0,0
1595800814.7759783,46.80158615112305,0,0
1595800814.7859776,48.60145568847656,0,0
1595800814.7959747,50.400938987731934,0,0
1595800814.8059697,52.20003604888916,0,0
1595800814.8159852,54.00282382965088,0,0
1595800814.8259864,55.8030366897583,0,0
1595800814.8359725,57.60054588317871,0,0
1595800814.8459787,59.40165996551514,0,0
1595800814.855971,61.20028495788574,0,0
1595800814.8659773,63.00139904022217,0,0
1595800814.8759878,64.80328559875488,0,0
1595800814.885973,66.60062313079834,0,0
1595800814.8959842,68.40263843536377,0,0
1595800814.905987,70.20315170288086,0,0
1595800814.9159734,72.00070381164551,0,0
1595800814.9259875,73.8032341003418,0,0
1595800814.9359832,75.60245990753174,0,0
1595800814.9459836,77.40254402160645,0,0
1595800814.9559784,79.20159816741943,0,0
1595800814.965987,81.00314140319824,0,0
1595800814.9759748,82.80095100402832,0,0
1595800814.9859734,84.60069179534912,0,0
1595800814.9959805,86.4019775390625,0,0
1595800815.0059724,88.20051670074463,0,0
1595800815.0159864,90.00304698944092,0,0
1595800815.0259764,91.80124282836914,0,0
1595800815.035979,93.60171318054199,0,0
1595800815.045974,95.40081024169922,0,0
1595800815.0559871,97.20316886901855,0,0
1595800815.0659847,99.0027379989624,0,0
1595800815.0759819,100.80222129821777,0,0
1595800815.0859811,102.60209083557129,0,0
1595800815.095981,104.40204620361328,0,0
1595800815.105971,106.20028495788574,0,0
1595800815.1159728,108.00058364868164,0,0
1595800815.125969,109.79989528656006,0,0
1595800815.1359859,111.6029405593872,0,0
1595800815.1459846,113.40272426605225,0,0
1595800815.1559734,115.20070552825928,0,0
1595800815.16597,117.00010299682617,0,0
1595800815.175982,118.80224704742432,0,0
1595800815.185984,120.60258865356445,0,0
1595800815.195986,122.40297317504883,0,0
1595800815.2059762,124.20121192932129,0,0
1595800815.2159746,126.00090980529785,0,0
1595800815.225974,127.8008222579956,0,0
1595800815.2359746,129.6009063720703,0,0
1595800815.2459755,131.4010763168335,0,0
1595800815.2559748,133.200945854187,0,0
1595800815.2659833,135.00248908996582,0,0
1595800815.275986,136.80295944213867,0,0
1595800815.2859871,138.6031723022461,0,0
1595800815.2959785,140.40162563323975,0,0
1595800815.3059702,142.20012187957764,0,0
1595800815.3159769,144.00132179260254,0,0
1595800815.3259811,145.80209255218506,0,0
1595800815.335974,147.60080337524414,0,0
1595800815.3459778,149.40148830413818,0,0
1595800815.3559723,151.20049953460693,0,0
1595800815.365985,153.0027723312378,0,0
1595800815.3759778,154.80148315429688,0,0
1595800815.3859854,156.60285472869873,0,0
1595800815.3959851,158.40281009674072,0,0
1595800815.4059823,160.2022933959961,0,0
1595800815.4159837,162.00254917144775,0,0
1595800815.4259791,163.80173206329346,0,0
1595800815.4359868,165.6031036376953,0,0
1595800815.4459708,167.40022659301758,0,0
1595800815.4559734,169.20069694519043,0,0
1595800815.4659731,171.00065231323242,0,0
1595800815.4759698,172.80004978179932,0,0
1595800815.4859815,174.60215091705322,0,0
1595800815.495982,176.40223503112793,0,0
1595800815.5059805,178.20197582244873,0,0
1595800815.5159836,180.00253200531006,0,0
1595800815.5259817,181.80218696594238,0,0
1595800815.5359685,183.5998249053955,0,0
1595800815.5459747,185.40093898773193,0,0
1595800815.5559866,187.20308303833008,0,0
1595800815.5659814,189.00213718414307,0,0
1595800815.575976,190.80114841461182,0,0
1595800815.5859861,192.6029920578003,0,0
1595800815.5959716,194.400372505188,0,0
1595800815.6059847,196.20273113250732,0,0
1595800815.6159713,198.0003261566162,0,0
1595800815.6259735,199.8007106781006,0,0
1595800815.635978,201.60152435302734,0,0
1595800815.6459842,203.40263843536377,0,0
1595800815.6559868,205.20310878753662,0,0
1595800815.6659713,207.00031757354736,0,0
1595800815.6759748,208.80095958709717,0,0
1595800815.6859818,210.6022024154663,0,0
1595800815.6959686,212.39984035491943,0,0
1595800815.7059722,214.20048236846924,0,0
1595800815.7159753,216.00103855133057,0,0
1595800815.7259703,217.8001356124878,0,0
1595800815.7359812,219.60210800170898,0,0
1595800815.7459798,221.40184879302979,0,0
1595800815.755983,223.20244789123535,0,0
1595800815.7659779,225.00150203704834,0,0
1595800815.7759857,226.80291652679443,0,0
1595800815.7859685,228.5998249053955,0,0
1595800815.7959743,230.40085315704346,0,0
1595800815.8059852,232.20282554626465,0,0
1595800815.8159816,234.0021800994873,0,0
1595800815.8259785,235.80162048339844,0,0
1595800815.8359838,237.6025629043579,0,0
1595800815.8459797,239.4018316268921,0,0
1595800815.8559844,241.2026882171631,0,0
1595800815.8659725,243.0005407333374,0,0
1595800815.8759682,244.79976654052734,0,0
1595800815.8859742,246.60083770751953,0,0
1595800815.8959699,248.40006351470947,0,0
1595800815.9059863,250.20302295684814,0,0
1595800815.9159718,252.00040340423584,0,0
1595800815.925979,253.80168914794922,0,0
1595800815.9359848,255.6027603149414,0,0
1595800815.9459722,257.400484085083,0,0
1595800815.955985,259.2027997970581,0,0
1595800815.9659843,261.0026693344116,0,0
1595800815.9759688,262.79987812042236,0,0
1595800815.985973,264.60060596466064,0,0
1595800815.995977,266.4013338088989,0,0
1595800816.0059838,268.20257663726807,0,0
1595800816.015983,270.0024461746216,0,0
1595800816.0259836,271.8025302886963,0,0
1595800816.0359766,273.6012840270996,0,0
1595800816.0459852,275.4028272628784,0,0
1595800816.0559835,277.202525138855,0,0
1595800816.0659792,279.0017509460449,0,0
1595800816.075974,280.8008050918579,0,0
1595800816.0859776,282.6014471054077,0,0
1595800816.0959854,284.4028615951538,0,0
1595800816.1059864,286.203031539917,0,0
1595800816.1159744,288.0008840560913,0,0
1595800816.1259778,289.8014831542969,0,0
1595800816.1359775,291.60143852233887,0,0
1595800816.145976,293.40117931365967,0,0
1595800816.155986,295.2029800415039,0,0
1595800816.1659825,297.00233459472656,0,0
1595800816.1759744,298.8008737564087,0,0
1595800816.1859734,300.60070037841797,0,0
1595800816.195969,302.3999261856079,0,0
1595800816.205974,304.20082569122314,0,0
1595800816.2159793,306.0017681121826,0,0
1595800816.2259839,307.8025817871094,0,0
1595800816.2359862,309.603009223938,0,0
1595800816.245984,311.4026212692261,0,0
1595800816.2559817,313.2021903991699,0,0
1595800816.265982,315.0022315979004,0,0
1595800816.2759795,316.80180072784424,0,0
1595800816.2859688,318.59986782073975,0,0
1595800816.295968,320.39973735809326,0,0
1595800816.3059728,322.20059394836426,0,0
1595800816.3159835,324.0025234222412,0,0
1595800816.3259773,325.80140590667725,0,0
1595800816.3359783,327.60157585144043,0,0
1595800816.3459697,329.4000291824341,0,0
1595800816.3559842,331.20264530181885,0,0
1595800816.365982,333.00225734710693,0,0
1595800816.3759854,334.8028564453125,0,0
1595800816.3859804,336.6019535064697,0,0
1595800816.395979,338.4016942977905,0,0
1595800816.4059763,340.20122051239014,0,0
1595800816.4159849,342.00276374816895,0,0
1595800816.4259717,343.80040168762207,0,0
1595800816.4359717,345.6003999710083,0,0
1595800816.4459708,347.4002265930176,0,0
1595800816.455983,349.20241355895996,0,0
1595800816.4659853,351.0028409957886,0,0
1595800816.475971,352.8002643585205,0,0
1595800816.4859817,354.60219383239746,0,0
1595800816.4959855,356.4028787612915,0,0
1595800816.5035856,357.7708911895752,0,0
1595800816.5035856,357.9938020706177,0.0012383937835693361,0
1595800816.505978,358.4244575500488,0.0012383937835693361,0
1595800816.514744,360,0.0012383937835693361,1
1595800816.514744,0,0,0
1595800816.524762,1.8032169342041016,0,0
1595800816.5347562,3.6021852493286133,0,0
1595800816.5447595,5.40278434753418,0,0
1595800816.5547574,7.202396392822266,0,0
1595800816.5647566,9.002265930175781,0,0
1595800816.5747511,10.801277160644531,0,0
1595800816.5847483,12.600760459899902,0,0
1595800816.5947602,14.402904510498047,0,0
1595800816.604744,16.199984550476074,0,0
1595800816.6147456,18.000283241271973,0,0
1595800816.624759,19.802684783935547,0,0
1595800816.634755,21.601953506469727,0,0
1595800816.644748,23.400707244873047,0,0
1595800816.6547444,25.200061798095703,0,0
1595800816.6647596,27.002806663513184,0,0
1595800816.674748,28.80070209503174,0,0
1595800816.6847577,30.60245990753174,0,0
1595800816.6947453,32.40022659301758,0,0
1595800816.704761,34.203057289123535,0,0
1595800816.714759,36.00271224975586,0,0
1595800816.7247474,37.800607681274414,0,0
1595800816.7347462,39.60039138793945,0,0
1595800816.7447505,41.40116214752197,0,0
1595800816.7547543,43.201847076416016,0,0
1595800816.7647502,45.001115798950195,0,0
1595800816.7747495,46.80098533630371,0,0
1595800816.784746,48.60033988952637,0,0
1595800816.7947474,50.40059566497803,0,0
1595800816.8047485,52.20080852508545,0,0
1595800816.8147573,54.002394676208496,0,0
1595800816.8247457,55.80029010772705,0,0
1595800816.8347554,57.60204792022705,0,0
1595800816.8447623,59.40329074859619,0,0
1595800816.8547611,61.20307445526123,0,0
1595800816.8647537,63.001742362976074,0,0
1595800816.8747542,64.80182647705078,0,0
1595800816.8847616,66.6031551361084,0,0
1595800816.8947482,68.40075016021729,0,0
1595800816.904754,70.20177841186523,0,0
1595800816.9147537,72.00173377990723,0,0
1595800816.9247499,73.80104541778564,0,0
1595800816.934746,75.60035705566406,0,0
1595800816.944744,77.40001201629639,0,0
1595800816.9547448,79.20013904571533,0,0
1595800816.9647508,81.00121021270752,0,0
1595800816.9747581,82.80253887176514,0,0
1595800816.9847534,84.6016788482666,0,0
1595800816.994752,86.4014196395874,0,0
1595800817.0047584,88.20257663726807,0,0
1595800817.014758,90.00253200531006,0,0
1595800817.0247507,91.8011999130249,0,0
1595800817.0347612,93.60308647155762,0,0
1595800817.0447543,95.40184020996094,0,0
1595800817.0547602,97.20291137695312,0,0
1595800817.0647469,99.00050640106201,0,0
1595800817.0747476,100.80063343048096,0,0
1595800817.0847545,102.6018762588501,0,0
1595800817.0947454,104.40024375915527,0,0
1595800817.1047459,106.20032787322998,0,0
1595800817.1147606,108.00298690795898,0,0
1595800817.1247494,109.80096817016602,0,0
1595800817.1347597,111.60281181335449,0,0
1595800817.1447508,113.4012222290039,0,0
1595800817.1547441,115.20001888275146,0,0
1595800817.1647468,117.00048923492432,0,0
1595800817.1747587,118.80263328552246,0,0
1595800817.1847548,120.60194492340088,0,0
1595800817.194744,122.40001201629639,0,0
1595800817.2047596,124.2027997970581,0,0
1595800817.2147605,126.00296974182129,0,0
1595800817.2247436,127.7999210357666,0,0
1595800817.2347515,129.6013355255127,0,0
1595800817.2447538,131.4017629623413,0,0
1595800817.2547476,133.20064544677734,0,0
1595800817.264754,135.001802444458,0,0
1595800817.2747598,136.80283069610596,0,0
1595800817.2847605,138.6029577255249,0,0
1595800817.2947516,140.40136814117432,0,0
1595800817.3047526,142.2015380859375,0,0
1595800817.3147562,144.0021800994873,0,0
1595800817.324754,145.8017921447754,0,0
1595800817.3347487,147.60084629058838,0,0
1595800817.3447616,149.40316200256348,0,0
1595800817.3547482,151.20075702667236,0,0
1595800817.364758,153.00251483917236,0,0
1595800817.3747458,154.80032444000244,0,0
1595800817.3847466,156.6004514694214,0,0
1595800817.3947623,158.40328216552734,0,0
1595800817.4047472,160.20057678222656,0,0
1595800817.41475,162.00109004974365,0,0
1595800817.4247515,163.8013458251953,0,0
1595800817.434751,165.60125827789307,0,0
1595800817.4447525,167.40151405334473,0,0
1595800817.4547582,169.20254230499268,0,0
1595800817.4647462,171.000394821167,0,0
1595800817.4747458,172.80030727386475,0,0
1595800817.4847443,174.60004806518555,0,0
1595800817.49475,176.4010763168335,0,0
1595800817.5047462,178.2003879547119,0,0
1595800817.5147545,180.00188827514648,0,0
1595800817.52475,181.8010711669922,0,0
1595800817.5347595,183.60278606414795,0,0
1595800817.5447462,185.40038108825684,0,0
1595800817.554748,187.20072269439697,0,0
1595800817.5647588,189.00265216827393,0,0
1595800817.5747502,190.80110549926758,0,0
1595800817.584743,192.59981632232666,0,0
1595800817.5947454,194.40024375915527,0,0
1595800817.6047602,196.20290279388428,0,0
1595800817.6147509,198.00122737884521,0,0
1595800817.624749,199.80088233947754,0,0
1595800817.6347616,201.6031551361084,0,0
1595800817.6447506,203.40117931365967,0,0
1595800817.654744,205.19997596740723,0,0
1595800817.6647518,207.00139045715332,0,0
1595800817.6747518,208.80138874053955,0,0
1595800817.6847568,210.60228824615479,0,0
1595800817.694745,212.40018367767334,0,0
1595800817.7047524,214.20151233673096,0,0
1595800817.7147474,216.00060939788818,0,0
1595800817.724747,217.80052185058594,0,0
1595800817.7347553,219.6020221710205,0,0
1595800817.7447486,221.40081882476807,0,0
1595800817.7547612,223.20309162139893,0,0
1595800817.7647483,225.0007724761963,0,0
1595800817.774755,226.8019723892212,0,0
1595800817.7847433,228.59986782073975,0,0
1595800817.7947454,230.40025234222412,0,0
1595800817.8047442,232.20003604888916,0,0
1595800817.814747,234.00054931640625,0,0
1595800817.8247495,235.80097675323486,0,0
1595800817.8347442,237.60003089904785,0,0
1595800817.8447454,239.40024375915527,0,0
1595800817.8547528,241.2015724182129,0,0
1595800817.8647606,243.00298690795898,0,0
1595800817.8747528,244.80156898498535,0,0
1595800817.8847432,246.59985065460205,0,0
1595800817.8947496,248.40100765228271,0,0
1595800817.9047496,250.20100593566895,0,0
1595800817.9147553,252.0020341873169,0,0
1595800817.924753,253.80160331726074,0,0
1595800817.9347577,255.60245990753174,0,0
1595800817.9447458,257.40031242370605,0,0
1595800817.954761,259.20305728912354,0,0
1595800817.9647453,261.00022315979004,0,0
1595800817.974759,262.8027105331421,0,0
1595800817.9847517,264.60137844085693,0,0
1595800817.9947515,266.4013338088989,0,0
1595800818.0047545,268.20188999176025,0,0
1595800818.014747,270.00051498413086,0,0
1595800818.0247602,271.80291652679443,0,0
1595800818.0347545,273.60188484191895,0,0
1595800818.0447485,275.4008102416992,0,0
1595800818.054754,277.20179557800293,0,0
1595800818.064755,279.0019655227661,0,0
1595800818.0747564,280.8022212982178,0,0
1595800818.0847437,282.5999450683594,0,0
1595800818.0947435,284.39990043640137,0,0
1595800818.104743,286.1998128890991,0,0
1595800818.1147552,288.0019998550415,0,0
1595800818.1247556,289.8020839691162,0,0
1595800818.1347494,291.60096645355225,0,0
1595800818.1447608,293.4030246734619,0,0
1595800818.1547544,295.2018642425537,0,0
1595800818.1647575,297.00242042541504,0,0
1595800818.1747594,298.8027620315552,0,0
1595800818.1847425,300.5997133255005,0,0
1595800818.194761,302.4030590057373,0,0
1595800818.2047565,304.202241897583,0,0
1595800818.2147467,306.00048065185547,0,0
1595800818.224747,307.80052185058594,0,0
1595800818.234759,309.6027088165283,0,0
1595800818.24475,311.4010763168335,0,0
1595800818.2547472,313.20055961608887,0,0
1595800818.264745,315.00017166137695,0,0
1595800818.2747433,316.7998695373535,0,0
1595800818.2847488,318.6008548736572,0,0
1595800818.2947438,320.39995193481445,0,0
1595800818.3047462,322.20037937164307,0,0
1595800818.3147502,324.00110721588135,0,0
1595800818.3247514,325.80132007598877,0,0
1595800818.3347452,327.6002025604248,0,0
1595800818.3447597,329.40281867980957,0,0
1595800818.3547423,331.1996841430664,0,0
1595800818.3647492,333.00092697143555,0,0
1595800818.3747478,334.80066776275635,0,0
1595800818.3847532,336.60165309906006,0,0
1595800818.394756,338.40216636657715,0,0
1595800818.404753,340.2016067504883,0,0
1595800818.4147527,342.0015621185303,0,0
1595800818.4247446,343.8001012802124,0,0
1595800818.434761,345.6030607223511,0,0
1595800818.4447465,347.40044116973877,0,0
1595800818.454761,349.20305728912354,0,0
1595800818.4647493,351.0009527206421,0,0
1595800818.4747539,352.80176639556885,0,0
1595800818.48476,354.6028804779053,0,0
1595800818.494758,356.40249252319336,0,0
1595800818.5047581,358.2025337219238,0,0
1595800818.5061917,358.4605836868286,0,0
1595800818.5061917,358.61452531814575,0.0008552312850952149,0
1595800818.5139048,360,0.0008552312850952149,1
1595800818.5139048,0,0,0
1595800818.5239148,1.8018007278442383,0,0
1595800818.5339146,3.6017560958862305,0,0
1595800818.5439079,5.400552749633789,0,0
1595800818.5539095,7.2008514404296875,0,0
1595800818.563907,9.000377655029297,0,0
1595800818.5739195,10.802650451660156,0,0
1595800818.5839078,12.600545883178711,0,0
1595800818.593905,14.400029182434082,0,0
1595800818.6039088,16.200714111328125,0,0
1595800818.6139126,18.001399040222168,0,0
1595800818.6239178,19.80234146118164,0,0
1595800818.6339064,21.600279808044434,0,0
1595800818.6439154,23.40190887451172,0,0
1595800818.653907,25.20040512084961,0,0
1595800818.663914,27.00164794921875,0,0
1595800818.6739163,28.802075386047363,0,0
1595800818.6839206,30.602846145629883,0,0
1595800818.6939232,32.403316497802734,0,0
1595800818.70391,34.20095443725586,0,0
1595800818.7139232,36.003313064575195,0,0
1595800818.7239194,37.80262470245361,0,0
1595800818.7339046,39.59996223449707,0,0
1595800818.7439222,41.403136253356934,0,0
1595800818.753908,43.20055961608887,0,0
1595800818.7639203,45.00278949737549,0,0
1595800818.7739134,46.80154323577881,0,0
1595800818.7839193,48.602614402770996,0,0
1595800818.7939167,50.402140617370605,0,0
1595800818.8039138,52.20162391662598,0,0
1595800818.813913,54.00149345397949,0,0
1595800818.8239048,55.79998970031738,0,0
1595800818.833921,57.602906227111816,0,0
1595800818.8439147,59.40178871154785,0,0
1595800818.8539064,61.20028495788574,0,0
1595800818.8639052,63.00006866455078,0,0
1595800818.873914,64.80165481567383,0,0
1595800818.8839111,66.6011381149292,0,0
1595800818.893906,68.40023517608643,0,0
1595800818.9039135,70.20156383514404,0,0
1595800818.9139104,72.00100421905518,0,0
1595800818.923912,73.80130290985107,0,0
1595800818.9339216,75.60301780700684,0,0
1595800818.9439194,77.40262985229492,0,0
1595800818.953919,79.20254230499268,0,0
1595800818.9639146,81.00176811218262,0,0
1595800818.9739127,82.80142307281494,0,0
1595800818.9839098,84.60090637207031,0,0
1595800818.993906,86.40021800994873,0,0
1595800819.0039213,88.20296287536621,0,0
1595800819.0139074,90.00047206878662,0,0
1595800819.023917,91.80218696594238,0,0
1595800819.0339096,93.60085487365723,0,0
1595800819.0439076,95.40050983428955,0,0
1595800819.053907,97.20037937164307,0,0
1595800819.0639122,99.00132179260254,0,0
1595800819.0739052,100.80007553100586,0,0
1595800819.083912,102.60127544403076,0,0
1595800819.0939107,104.4010591506958,0,0
1595800819.1039195,106.20264530181885,0,0
1595800819.1139092,108.00079822540283,0,0
1595800819.1239166,109.80212688446045,0,0
1595800819.1339207,111.60285472869873,0,0
1595800819.1439059,113.40019226074219,0,0
1595800819.1539106,115.20104885101318,0,0
1595800819.1639078,117.00053215026855,0,0
1595800819.1739218,118.80306243896484,0,0
1595800819.183914,120.60164451599121,0,0
1595800819.193912,122.40129947662354,0,0
1595800819.2039115,124.20121192932129,0,0
1595800819.2139182,126.00241184234619,0,0
1595800819.2239175,127.8022813796997,0,0
1595800819.2339137,129.60159301757812,0,0
1595800819.2439172,131.40223503112793,0,0
1595800819.2539225,133.2031774520874,0,0
1595800819.2639182,135.00240325927734,0,0
1595800819.2739074,136.80047035217285,0,0
1595800819.283912,138.6012840270996,0,0
1595800819.2939076,140.40050983428955,0,0
1595800819.303913,142.20149517059326,0,0
1595800819.313916,144.00200843811035,0,0
1595800819.3239207,145.80286502838135,0,0
1595800819.3339133,147.6015329360962,0,0
1595800819.3439116,149.40123081207275,0,0
1595800819.3539138,151.20161533355713,0,0
1595800819.3639212,153.00294399261475,0,0
1595800819.373914,154.80165481567383,0,0
1595800819.3839157,156.60195350646973,0,0
1595800819.3939197,158.402681350708,0,0
1595800819.4039054,160.20010471343994,0,0
1595800819.4139075,162.00048923492432,0,0
1595800819.423916,163.80203247070312,0,0
1595800819.433908,165.60057163238525,0,0
1595800819.44391,167.4009132385254,0,0
1595800819.4539104,169.2009973526001,0,0
1595800819.4639075,171.00048065185547,0,0
1595800819.473909,172.80073642730713,0,0
1595800819.4839091,174.6007776260376,0,0
1595800819.4939213,176.40296459197998,0,0
1595800819.5039122,178.20133209228516,0,0
1595800819.5139174,180.00227451324463,0,0
1595800819.5239081,181.80059909820557,0,0
1595800819.5339088,183.6007261276245,0,0
1595800819.5439157,185.40196895599365,0,0
1595800819.5539038,187.19982147216797,0,0
1595800819.5639153,189.00187969207764,0,0
1595800819.5739093,190.8008050918579,0,0
1595800819.5839057,192.60015964508057,0,0
1595800819.5939212,194.40294742584229,0,0
1595800819.6039155,196.2019157409668,0,0
1595800819.6139097,198.0008840560913,0,0
1595800819.6239123,199.80135440826416,0,0
1595800819.6339095,201.60083770751953,0,0
1595800819.6439185,203.40246677398682,0,0
1595800819.6539042,205.19989013671875,0,0
1595800819.6639218,207.0030641555786,0,0
1595800819.6739204,208.8028049468994,0,0
1595800819.6839201,210.6027603149414,0,0
1595800819.6939044,212.3999261856079,0,0
1595800819.703913,214.20146942138672,0,0
1595800819.7139153,216.00189685821533,0,0
1595800819.7239096,217.80086517333984,0,0
1595800819.73392,219.60275173187256,0,0
1595800819.7439117,221.40124797821045,0,0
1595800819.7539072,223.20043087005615,0,0
1595800819.7639205,225.00283241271973,0,0
1595800819.7739048,226.79999828338623,0,0
1595800819.7839146,228.60175609588623,0,0
1595800819.7939048,230.3999948501587,0,0
1595800819.8039222,232.20312595367432,0,0
1595800819.8139138,234.0016222000122,0,0
1595800819.8239079,235.80054759979248,0,0
1595800819.833914,237.6016616821289,0,0
1595800819.8439138,239.4016170501709,0,0
1595800819.8539174,241.2022590637207,0,0
1595800819.8639038,242.99981117248535,0,0
1595800819.8739173,244.80225563049316,0,0
1595800819.883922,246.60311222076416,0,0
1595800819.8939087,248.40070724487305,0,0
1595800819.9039047,250.19997596740723,0,0
1595800819.9139168,252.0021629333496,0,0
1595800819.9239175,253.80228996276855,0,0
1595800819.9339156,255.60194492340088,0,0
1595800819.943904,257.39984035491943,0,0
1595800819.9539144,259.20172691345215,0,0
1595800819.9639106,261.00103855133057,0,0
1595800819.9739034,262.79974937438965,0,0
1595800819.9839177,264.6023225784302,0,0
1595800819.9939163,266.402063369751,0,0
1595800820.0039153,268.20188999176025,0,0
1595800820.0139163,270.00205993652344,0,0
1595800820.0239134,271.8015432357788,0,0
1595800820.033916,273.60201358795166,0,0
1595800820.0439198,275.4026985168457,0,0
1595800820.053904,277.1998643875122,0,0
1595800820.0639076,279.000506401062,0,0
1595800820.0739098,280.8008909225464,0,0
1595800820.0839038,282.59981632232666,0,0
1595800820.0939097,284.40088748931885,0,0
1595800820.1039078,286.2005424499512,0,0
1595800820.1139092,288.00079822540283,0,0
1595800820.1239152,289.801869392395,0,0
1595800820.1339083,291.60062313079834,0,0
1595800820.1439207,293.40285301208496,0,0
1595800820.1539114,295.2011775970459,0,0
1595800820.1639092,297.000789642334,0,0
1595800820.1739159,298.8019895553589,0,0
1595800820.1839075,300.6004858016968,0,0
1595800820.1939156,302.4019432067871,0,0
1595800820.203912,304.20129776000977,0,0
1595800820.213914,306.0016393661499,0,0
1595800820.2239046,307.79996395111084,0,0
1595800820.2339168,309.6021509170532,0,0
1595800820.243907,311.4003896713257,0,0
1595800820.2539208,313.20287704467773,0,0
1595800820.2639089,315.00072956085205,0,0
1595800820.2739136,316.80158615112305,0,0
1595800820.2839174,318.6022710800171,0,0
1595800820.2939203,320.4027843475342,0,0
1595800820.3039098,322.2008943557739,0,0
1595800820.3139188,324.0025234222412,0,0
1595800820.3239179,325.8023500442505,0,0
1595800820.3339174,327.60226249694824,0,0
1595800820.343907,329.4004154205322,0,0
1595800820.3539035,331.1997699737549,0,0
1595800820.3639202,333.0027723312378,0,0
1595800820.3739138,334.8016119003296,0,0
1595800820.383921,336.60289764404297,0,0
1595800820.3939111,338.40113639831543,0,0
1595800820.4039195,340.20263671875,0,0
1595800820.4139147,342.00177669525146,0,0
1595800820.4239128,343.8014316558838,0,0
1595800820.433907,345.6003999710083,0,0
1595800820.4439063,347.4002695083618,0,0
1595800820.4539115,349.2012119293213,0,0
1595800820.463909,351.0007381439209,0,0
1595800820.4739172,352.80223846435547,0,0
1595800820.483907,354.60039138793945,0,0
1595800820.4939077,356.4005184173584,0,0
1595800820.5039098,358.2009029388428,0,0
1595800820.50881,359.08294200897217,0,0
1595800820.50881,359.17464780807495,0.0005094766616821289,0
1595800820.5134084,360,0.0005094766616821289,1
1595800820.5134084,0,0,0
1595800820.5234118,1.8005990982055664,0,0
1595800820.5334177,3.601670265197754,0,0
1595800820.543416,5.401368141174316,0,0
1595800820.5534105,7.200379371643066,0,0
1595800820.5634263,9.003210067749023,0,0
1595800820.5734096,10.800204277038574,0,0
1595800820.5834095,12.600202560424805,0,0
1595800820.5934265,14.403247833251953,0,0
1595800820.6034105,16.20037078857422,0,0
1595800820.61342,18.00208568572998,0,0
1595800820.623414,19.801011085510254,0,0
1595800820.633412,21.60062313079834,0,0
1595800820.643421,23.402252197265625,0,0
1595800820.653423,25.20263671875,0,0
1595800820.6634092,27.00014591217041,0,0
1595800820.6734097,28.800230026245117,0,0
1595800820.683421,30.602245330810547,0,0
1595800820.693425,32.40297317504883,0,0
1595800820.7034197,34.202027320861816,0,0
1595800820.7134151,36.00121021270752,0,0
1595800820.7234151,37.80120849609375,0,0
1595800820.7334235,39.60270881652832,0,0
1595800820.7434106,41.400389671325684,0,0
1595800820.7534103,43.200345039367676,0,0
1595800820.763422,45.00244617462158,0,0
1595800820.7734137,46.80094242095947,0,0
1595800820.783418,48.60171318054199,0,0
1595800820.7934105,50.400381088256836,0,0
1595800820.8034244,52.20286846160889,0,0
1595800820.8134267,54.0032958984375,0,0
1595800820.8234215,55.80235004425049,0,0
1595800820.8334258,57.60312080383301,0,0
1595800820.8434157,59.40131664276123,0,0
1595800820.8534117,61.20058536529541,0,0
1595800820.8634155,63.00127029418945,0,0
1595800820.8734236,64.80272769927979,0,0
1595800820.8834267,66.60328388214111,0,0
1595800820.8934207,68.40220928192139,0,0
1595800820.9034176,70.20164966583252,0,0
1595800820.91342,72.00207710266113,0,0
1595800820.9234083,73.79997253417969,0,0
1595800820.9334111,75.60048580169678,0,0
1595800820.9434214,77.40232944488525,0,0
1595800820.9534085,79.20001029968262,0,0
1595800820.96341,81.00026607513428,0,0
1595800820.9734259,82.80313968658447,0,0
1595800820.9834232,84.60266590118408,0,0
1595800820.993413,86.40081882476807,0,0
1595800821.0034113,88.20051670074463,0,0
1595800821.0134246,90.0029182434082,0,0
1595800821.0234096,91.80021286010742,0,0
1595800821.0334167,93.6014986038208,0,0
1595800821.0434175,95.40162563323975,0,0
1595800821.0534103,97.20033645629883,0,0
1595800821.063422,99.00243759155273,0,0
1595800821.073418,100.80170631408691,0,0
1595800821.083408,102.59994506835938,0,0
1595800821.0934238,104.40277576446533,0,0
1595800821.1034195,106.20200157165527,0,0
1595800821.113409,108.00011157989502,0,0
1595800821.1234233,109.80268478393555,0,0
1595800821.1334155,111.60126686096191,0,0
1595800821.1434107,113.40040683746338,0,0
1595800821.1534164,115.20143508911133,0,0
1595800821.1634152,117.00121879577637,0,0
1595800821.1734233,118.8026762008667,0,0
1595800821.1834185,120.60181617736816,0,0
1595800821.193416,122.40138530731201,0,0
1595800821.2034175,124.20164108276367,0,0
1595800821.213412,126.00065231323242,0,0
1595800821.223421,127.8022813796997,0,0
1595800821.233423,129.60262298583984,0,0
1595800821.2434077,131.39987468719482,0,0
1595800821.2534184,133.20180416107178,0,0
1595800821.2634137,135.00094413757324,0,0
1595800821.273411,136.80047035217285,0,0
1595800821.2834234,138.60270023345947,0,0
1595800821.2934167,140.40149688720703,0,0
1595800821.3034184,142.20179557800293,0,0
1595800821.313417,144.00153636932373,0,0
1595800821.323411,145.800461769104,0,0
1595800821.3334172,147.60157585144043,0,0
1595800821.3434143,149.4010591506958,0,0
1595800821.3534102,151.20032787322998,0,0
1595800821.3634179,153.00169944763184,0,0
1595800821.3734148,154.80113983154297,0,0
1595800821.383415,156.60118103027344,0,0
1595800821.3934212,158.40229511260986,0,0
1595800821.403423,160.20263671875,0,0
1595800821.413426,162.0031499862671,0,0
1595800821.4234152,163.8012170791626,0,0
1595800821.43341,165.6002712249756,0,0
1595800821.4434183,167.40177154541016,0,0
1595800821.4534106,169.20039653778076,0,0
1595800821.4634225,171.0025405883789,0,0
1595800821.473412,172.80065059661865,0,0
1595800821.4834085,174.6000051498413,0,0
1595800821.4934175,176.4016342163086,0,0
1595800821.5034232,178.20266246795654,0,0
1595800821.5134196,180.0020170211792,0,0
1595800821.5234256,181.8030881881714,0,0
1595800821.533412,183.60064029693604,0,0
