Type = DelayAdvance,Function = Wang Sync Simple,Refract = 0,Coupling Strength = 0.9,Start_phase = 80
Timestamp,Phase,Offset,Ping?
1595800959.0000267,80,0,0
1595800959.0100389,81.80111408233643,0.4444444444444444,0
1595800959.0200331,83.60008239746094,0.4444444444444444,0
1595800959.0300488,85.4029130935669,0.4444444444444444,0
1595800959.040041,87.20149517059326,0.4444444444444444,0
1595800959.0500495,89.00303840637207,0.4444444444444444,0
1595800959.0600512,90.80333709716797,0.4444444444444444,0
1595800959.0700402,92.60136127471924,0.4444444444444444,0
1595800959.0800507,94.40324783325195,0.4444444444444444,0
1595800959.090033,96.20007038116455,0.4444444444444444,0
1595800959.1000502,98.00315856933594,0.4444444444444444,0
1595800959.110037,99.80079650878906,0.4444444444444444,0
1595800959.120035,101.60040855407715,0.4444444444444444,0
1595800959.13005,103.40311050415039,0.4444444444444444,0
1595800959.1400387,105.20109176635742,0.4444444444444444,0
1595800959.1500351,107.00044631958008,0.4444444444444444,0
1595800959.1600382,108.8010025024414,0.4444444444444444,0
1595800959.1700377,110.60091495513916,0.4444444444444444,0
1595800959.18004,112.40129947662354,0.4444444444444444,0
1595800959.1900399,114.20129776000977,0.4444444444444444,0
1595800959.200035,116.00043773651123,0.4444444444444444,0
1595800959.2100377,117.80090808868408,0.4444444444444444,0
1595800959.220043,119.60185050964355,0.4444444444444444,0
1595800959.2300365,121.40069007873535,0.4444444444444444,0
1595800959.2400424,123.20176124572754,0.4444444444444444,0
1595800959.250041,125.00150203704834,0.4444444444444444,0
1595800959.2600396,126.80124282836914,0.4444444444444444,0
1595800959.2700355,128.60051155090332,0.4444444444444444,0
1595800959.2800508,130.4032564163208,0.4444444444444444,0
1595800959.2900383,132.20102310180664,0.4444444444444444,0
1595800959.300046,134.0023946762085,0.4444444444444444,0
1595800959.310037,135.80076217651367,0.4444444444444444,0
1595800959.3200488,137.60290622711182,0.4444444444444444,0
1595800959.3300357,139.40054416656494,0.4444444444444444,0
1595800959.3400378,141.20092868804932,0.4444444444444444,0
1595800959.3500357,143.0005407333374,0.4444444444444444,0
1595800959.3600397,144.80126857757568,0.4444444444444444,0
1595800959.3700414,146.60156726837158,0.4444444444444444,0
1595800959.3800495,148.4030246734619,0.4444444444444444,0
1595800959.3900504,150.2031946182251,0.4444444444444444,0
1595800959.4000437,152.00199127197266,0.4444444444444444,0
1595800959.4100416,153.80160331726074,0.4444444444444444,0
1595800959.420042,155.60168743133545,0.4444444444444444,0
1595800959.4300451,157.40224361419678,0.4444444444444444,0
1595800959.440033,159.20005321502686,0.4444444444444444,0
1595800959.4500377,161.00090980529785,0.4444444444444444,0
1595800959.4600441,162.80206680297852,0.4444444444444444,0
1595800959.4700458,164.6023654937744,0.4444444444444444,0
1595800959.4800465,166.40249252319336,0.4444444444444444,0
1595800959.4900494,168.20300579071045,0.4444444444444444,0
1595800959.5000508,170.0032615661621,0.4444444444444444,0
1595800959.510047,171.80257320404053,0.4444444444444444,0
1595800959.5200374,173.60085487365723,0.4444444444444444,0
1595800959.5300357,175.4005527496338,0.4444444444444444,0
1595800959.540035,177.2004222869873,0.4444444444444444,0
1595800959.5500321,178.99990558624268,0.4444444444444444,0
1595800959.5600429,180.80183506011963,0.4444444444444444,0
1595800959.5700412,182.6015329360962,0.4444444444444444,0
1595800959.5800455,184.4023036956787,0.4444444444444444,0
1595800959.5900447,186.20217323303223,0.4444444444444444,0
1595800959.6000507,188.0032444000244,0.4444444444444444,0
1595800959.610032,189.79989528656006,0.4444444444444444,0
1595800959.620044,191.6020393371582,0.4444444444444444,0
1595800959.6300368,193.40075016021729,0.4444444444444444,0
1595800959.6400354,195.2004909515381,0.4444444444444444,0
1595800959.6500359,197.0005750656128,0.4444444444444444,0
1595800959.6600478,198.80271911621094,0.4444444444444444,0
1595800959.6700475,200.60267448425293,0.4444444444444444,0
1595800959.6800363,202.40065574645996,0.4444444444444444,0
1595800959.6900394,204.2012119293213,0.4444444444444444,0
1595800959.7000422,206.00172519683838,0.4444444444444444,0
1595800959.7100408,207.80146598815918,0.4444444444444444,0
1595800959.720046,209.60240840911865,0.4444444444444444,0
1595800959.7300494,211.40300750732422,0.4444444444444444,0
1595800959.7400491,213.2029628753662,0.4444444444444444,0
1595800959.7500424,215.00175952911377,0.4444444444444444,0
1595800959.7600374,216.800856590271,0.4444444444444444,0
1595800959.7700458,218.60235691070557,0.4444444444444444,0
1595800959.7800336,220.40016651153564,0.4444444444444444,0
1595800959.7900393,222.2011947631836,0.4444444444444444,0
1595800959.8000379,224.0009355545044,0.4444444444444444,0
1595800959.8100424,225.80174922943115,0.4444444444444444,0
1595800959.8200464,227.60247707366943,0.4444444444444444,0
1595800959.8300362,229.40062999725342,0.4444444444444444,0
1595800959.8400393,231.20118618011475,0.4444444444444444,0
1595800959.8500428,233.00182819366455,0.4444444444444444,0
1595800959.8600438,234.80199813842773,0.4444444444444444,0
1595800959.8700457,236.60233974456787,0.4444444444444444,0
1595800959.8800342,238.40027809143066,0.4444444444444444,0
1595800959.8900487,240.20289421081543,0.4444444444444444,0
1595800959.9000432,242.00190544128418,0.4444444444444444,0
1595800959.9100482,243.8028049468994,0.4444444444444444,0
1595800959.9200351,245.60044288635254,0.4444444444444444,0
1595800959.9300447,247.4021577835083,0.4444444444444444,0
1595800959.9400487,249.20288562774658,0.4444444444444444,0
1595800959.950046,251.0024118423462,0.4444444444444444,0
1595800959.960035,252.80043601989746,0.4444444444444444,0
1595800959.970032,254.5998764038086,0.4444444444444444,0
1595800959.9800425,256.4017629623413,0.4444444444444444,0
1595800959.990039,258.2011604309082,0.4444444444444444,0
1595800960.0000474,260.0026607513428,0.4444444444444444,0
1595800960.0100467,261.8025302886963,0.4444444444444444,0
1595800960.0200348,263.6003828048706,0.4444444444444444,0
1595800960.030045,265.4022264480591,0.4444444444444444,0
1595800960.0400484,267.20282554626465,0.4444444444444444,0
1595800960.0500488,269.00290966033936,0.4444444444444444,0
1595800960.060034,270.8002471923828,0.4444444444444444,0
1595800960.070035,272.600417137146,0.4444444444444444,0
1595800960.080041,274.4014883041382,0.4444444444444444,0
1595800960.0900419,276.20165824890137,0.4444444444444444,0
1595800960.1000495,278.0030298233032,0.4444444444444444,0
1595800960.1100328,279.8000240325928,0.4444444444444444,0
1595800960.1200457,281.60233974456787,0.4444444444444444,0
1595800960.1300335,283.40014934539795,0.4444444444444444,0
1595800960.1400378,285.20092010498047,0.4444444444444444,0
1595800960.1500494,287.0030212402344,0.4444444444444444,0
1595800960.1600425,288.8017749786377,0.4444444444444444,0
1595800960.1700392,290.6011724472046,0.4444444444444444,0
1595800960.180049,292.4029302597046,0.4444444444444444,0
1595800960.1900394,294.2012119293213,0.4444444444444444,0
1595800960.2000458,296.00236892700195,0.4444444444444444,0
1595800960.2100348,297.8003931045532,0.4444444444444444,0
1595800960.2200348,299.60039138793945,0.4444444444444444,0
1595800960.23004,301.4013338088989,0.4444444444444444,0
1595800960.2400455,303.20231914520264,0.4444444444444444,0
1595800960.2500372,305.0008153915405,0.4444444444444444,0
1595800960.2600348,306.8003845214844,0.4444444444444444,0
1595800960.2700393,308.60119819641113,0.4444444444444444,0
1595800960.2800403,310.4013681411743,0.4444444444444444,0
1595800960.2900484,312.20282554626465,0.4444444444444444,0
1595800960.3000417,314.0016222000122,0.4444444444444444,0
1595800960.3100402,315.801362991333,0.4444444444444444,0
1595800960.3200457,317.6023483276367,0.4444444444444444,0
1595800960.3300354,319.4005012512207,0.4444444444444444,0
1595800960.340037,321.2007999420166,0.4444444444444444,0
1595800960.3500316,322.99981117248535,0.4444444444444444,0
1595800960.3600407,324.80144023895264,0.4444444444444444,0
1595800960.3700442,326.60208225250244,0.4444444444444444,0
1595800960.3800423,328.40173721313477,0.4444444444444444,0
1595800960.3900318,330.1998472213745,0.4444444444444444,0
1595800960.4000385,332.0010471343994,0.4444444444444444,0
1595800960.4100451,333.8022470474243,0.4444444444444444,0
1595800960.4200406,335.60142993927,0.4444444444444444,0
1595800960.4300463,337.40245819091797,0.4444444444444444,0
1595800960.4400358,339.2005681991577,0.4444444444444444,0
1595800960.4500415,341.00159645080566,0.4444444444444444,0
1595800960.4578657,342.40994930267334,0.4444444444444444,0
1595800960.4578657,358.24099493026733,0.5323946979310777,0
1595800960.460049,358.6339707374573,0.5323946979310777,0
1595800960.4676557,360,0.5323946979310777,1
1595800960.4676557,0,0,0
1595800960.4776714,1.802830696105957,0,0
1595800960.487657,3.6002540588378906,0,0
1595800960.4976711,5.40278434753418,0,0
1595800960.507659,7.200593948364258,0,0
1595800960.5176625,9.001235961914062,0,0
1595800960.5276573,10.80029010772705,0,0
1595800960.5376728,12.60307788848877,0,0
1595800960.5476658,14.40183162689209,0,0
1595800960.557666,16.20187282562256,0,0
1595800960.5676599,18.000755310058594,0,0
1595800960.577673,19.80311393737793,0,0
1595800960.587664,21.601481437683105,0,0
1595800960.5976713,23.402810096740723,0,0
1595800960.607656,25.200061798095703,0,0
1595800960.6176727,27.003064155578613,0,0
1595800960.6276627,28.801259994506836,0,0
1595800960.6376605,30.600872039794922,0,0
1595800960.6476626,32.4012565612793,0,0
1595800960.657668,34.20224189758301,0,0
1595800960.6676576,36.000351905822754,0,0
1595800960.677664,37.80150890350342,0,0
1595800960.6876721,39.60296630859375,0,0
1595800960.6976707,41.40270709991455,0,0
1595800960.7076705,43.20266246795654,0,0
1595800960.717657,45.00025749206543,0,0
1595800960.7276719,46.802916526794434,0,0
1595800960.7376635,48.601412773132324,0,0
1595800960.74766,50.40076732635498,0,0
1595800960.7576563,52.20012187957764,0,0
1595800960.7676616,54.00106430053711,0,0
1595800960.7776554,55.799946784973145,0,0
1595800960.7876697,57.60251998901367,0,0
1595800960.797659,59.40058708190918,0,0
1595800960.8076582,61.200456619262695,0,0
1595800960.8176553,62.999939918518066,0,0
1595800960.8276737,64.80324268341064,0,0
1595800960.837656,66.60006523132324,0,0
1595800960.8476722,68.40298175811768,0,0
1595800960.8576667,70.20199298858643,0,0
1595800960.867656,72.00006008148193,0,0
1595800960.8776712,73.80280494689941,0,0
1595800960.8876731,75.60314655303955,0,0
1595800960.897664,77.40151405334473,0,0
1595800960.9076567,79.20018196105957,0,0
1595800960.9176736,81.00322723388672,0,0
1595800960.927669,82.80241012573242,0,0
1595800960.937657,84.60026264190674,0,0
1595800960.9476602,86.40081882476807,0,0
1595800960.9576738,88.20326328277588,0,0
1595800960.9676733,90.00317573547363,0,0
1595800960.9776735,91.8032169342041,0,0
1595800960.9876595,93.60068321228027,0,0
1595800960.9976563,95.4001235961914,0,0
1595800961.007666,97.2018814086914,0,0
1595800961.0176694,99.00248050689697,0,0
1595800961.0276644,100.8015775680542,0,0
1595800961.0376651,102.60170459747314,0,0
1595800961.0476599,104.40075874328613,0,0
1595800961.0576687,106.20234489440918,0,0
1595800961.06767,108.00260066986084,0,0
1595800961.077661,109.80096817016602,0,0
1595800961.0876646,111.60161018371582,0,0
1595800961.097663,113.40130805969238,0,0
1595800961.107659,115.2006196975708,0,0
1595800961.1176717,117.00289249420166,0,0
1595800961.1276636,118.80143165588379,0,0
1595800961.1376588,120.60057163238525,0,0
1595800961.147667,122.40202903747559,0,0
1595800961.1576726,124.20305728912354,0,0
1595800961.1676672,126.00206851959229,0,0
1595800961.1776593,127.80065059661865,0,0
1595800961.18767,129.6025800704956,0,0
1595800961.1976578,131.40038967132568,0,0
1595800961.2076585,133.20051670074463,0,0
1595800961.21766,135.0007724761963,0,0
1595800961.2276618,136.80111408233643,0,0
1595800961.2376704,138.60265731811523,0,0
1595800961.247673,140.4031276702881,0,0
1595800961.2576678,142.20218181610107,0,0
1595800961.2676625,144.00123596191406,0,0
1595800961.2776678,145.80217838287354,0,0
1595800961.2876644,147.60157585144043,0,0
1595800961.2976694,149.40247535705566,0,0
1595800961.3076644,151.2015724182129,0,0
1595800961.3176613,153.00101280212402,0,0
1595800961.3276656,154.80178356170654,0,0
1595800961.3376594,156.60066604614258,0,0
1595800961.347662,158.40113639831543,0,0
1595800961.3576689,160.20237922668457,0,0
1595800961.367672,162.0029354095459,0,0
1595800961.3776565,163.80014419555664,0,0
1595800961.38767,165.60258865356445,0,0
1595800961.397668,167.40220069885254,0,0
1595800961.407655,169.1998815536499,0,0
1595800961.4176574,171.00030899047852,0,0
1595800961.427662,172.80112266540527,0,0
1595800961.4376588,174.6005630493164,0,0
1595800961.4476697,176.4025354385376,0,0
1595800961.4576674,178.20210456848145,0,0
1595800961.4676723,180.00300407409668,0,0
1595800961.4776616,181.8010711669922,0,0
1595800961.487661,183.6009407043457,0,0
1595800961.4976628,185.40128231048584,0,0
1595800961.5076568,187.2002077102661,0,0
1595800961.517667,189.0020513534546,0,0
1595800961.5276604,190.80084800720215,0,0
1595800961.5376685,192.60230541229248,0,0
1595800961.547658,194.40041542053223,0,0
1595800961.5576649,196.20165824890137,0,0
1595800961.5676594,198.00066947937012,0,0
1595800961.5776696,199.8025131225586,0,0
1595800961.5876627,201.6012668609619,0,0
1595800961.5976708,203.40272426605225,0,0
1595800961.6076696,205.20250797271729,0,0
1595800961.6176648,207.00164794921875,0,0
1595800961.627666,208.80186080932617,0,0
1595800961.6376607,210.60091495513916,0,0
1595800961.6476629,212.40129947662354,0,0
1595800961.657665,214.2016839981079,0,0
1595800961.6676676,216.00215435028076,0,0
1595800961.6776545,217.7997922897339,0,0
1595800961.6876547,219.59983348846436,0,0
1595800961.6976597,221.4007329940796,0,0
1595800961.7076695,223.2024908065796,0,0
1595800961.7176595,225.0006866455078,0,0
1595800961.7276683,226.80227279663086,0,0
1595800961.7376657,228.60179901123047,0,0
1595800961.7476704,230.40265560150146,0,0
1595800961.757657,232.20025062561035,0,0
1595800961.7676592,234.00063514709473,0,0
1595800961.777671,235.80277919769287,0,0
1595800961.7876658,237.60183334350586,0,0
1595800961.7976568,239.40020084381104,0,0
1595800961.8076634,241.20140075683594,0,0
1595800961.8176692,243.0024290084839,0,0
1595800961.8276627,244.80126857757568,0,0
1595800961.837669,246.6023826599121,0,0
1595800961.8476558,248.40002059936523,0,0
1595800961.8576589,250.20057678222656,0,0
1595800961.867666,252.00186252593994,0,0
1595800961.8776715,253.80284786224365,0,0
1595800961.8876622,255.6011724472046,0,0
1595800961.8976624,257.40121364593506,0,0
1595800961.9076633,259.20138359069824,0,0
1595800961.9176722,261.0029697418213,0,0
1595800961.9276557,262.8000068664551,0,0
1595800961.9376688,264.6023654937744,0,0
1595800961.9476686,266.4023208618164,0,0
1595800961.9576545,268.1997871398926,0,0
1595800961.967662,270.00115871429443,0,0
1595800961.9776576,271.80034160614014,0,0
1595800961.9876678,273.6021852493286,0,0
1595800961.997656,275.40008068084717,0,0
1595800962.0076604,277.2008514404297,0,0
1595800962.0176728,279.0030813217163,0,0
1595800962.027665,280.8016633987427,0,0
1595800962.0376546,282.59981632232666,0,0
1595800962.0476615,284.4010591506958,0,0
1595800962.0576603,286.20084285736084,0,0
1595800962.0676587,288.0005407333374,0,0
1595800962.0776634,289.8013973236084,0,0
1595800962.087662,291.6011381149292,0,0
1595800962.097666,293.4018659591675,0,0
1595800962.1076713,295.20280838012695,0,0
1595800962.1176572,297.0002746582031,0,0
1595800962.1276577,298.80035877227783,0,0
1595800962.1376688,300.60237407684326,0,0
1595800962.1476643,302.40155696868896,0,0
1595800962.157654,304.19970989227295,0,0
1595800962.1676645,306.00159645080566,0,0
1595800962.177666,307.8018522262573,0,0
1595800962.187669,309.60240840911865,0,0
1595800962.1976638,311.40146255493164,0,0
1595800962.2076583,313.2004737854004,0,0
1595800962.2176719,315.0029182434082,0,0
1595800962.2276714,316.80283069610596,0,0
1595800962.2376556,318.59999656677246,0,0
1595800962.247659,320.400595664978,0,0
1595800962.2576625,322.20123767852783,0,0
1595800962.2676613,324.00102138519287,0,0
1595800962.2776709,325.80273628234863,0,0
1595800962.287665,327.6016616821289,0,0
1595800962.297657,329.4002437591553,0,0
1595800962.30767,331.2026023864746,0,0
1595800962.317659,333.00058364868164,0,0
1595800962.3276663,334.80191230773926,0,0
1595800962.337669,336.6023826599121,0,0
1595800962.3476698,338.4025526046753,0,0
1595800962.3576677,340.2021646499634,0,0
1595800962.3676603,342.0008325576782,0,0
1595800962.3776581,343.8004446029663,0,0
1595800962.387669,345.6024169921875,0,0
1595800962.3976545,347.3997974395752,0,0
1595800962.4076703,349.20262813568115,0,0
1595800962.4176545,350.99979400634766,0,0
1595800962.427658,352.80043601989746,0,0
1595800962.4376717,354.6028804779053,0,0
1595800962.4476655,356.4017629623413,0,0
1595800962.457667,358.2020616531372,0,0
1595800962.4676678,360,0,1
1595800962.4676678,0,0,0
1595800962.477671,1.8005561828613281,0,0
1595800962.4804766,2.305583953857422,0,0
1595800962.4804766,0.23055839538574224,-0.011527919769287109,0
1595800962.4876745,1.5261726379394531,-0.011527919769287109,0
1595800962.497686,3.3282308578491206,-0.011527919769287109,0
1595800962.5076687,5.125139236450195,-0.011527919769287109,0
1595800962.5176835,6.927798271179199,-0.011527919769287109,0
1595800962.5276718,8.725693702697754,-0.011527919769287109,0
1595800962.53768,10.527151107788086,-0.011527919769287109,0
1595800962.547669,12.325175285339357,-0.011527919769287109,0
1595800962.5576775,14.126718521118166,-0.011527919769287109,0
1595800962.567678,15.926802635192873,-0.011527919769287109,0
1595800962.5776715,17.725642204284668,-0.011527919769287109,0
1595800962.587686,19.528258323669434,-0.011527919769287109,0
1595800962.5976715,21.32563877105713,-0.011527919769287109,0
1595800962.6076727,23.12585163116455,-0.011527919769287109,0
1595800962.617669,24.925206184387207,-0.011527919769287109,0
1595800962.627669,26.725204467773438,-0.011527919769287109,0
1595800962.637671,28.525546073913574,-0.011527919769287109,0
1595800962.6476803,30.327218055725098,-0.011527919769287109,0
1595800962.6576772,32.12665843963623,-0.011527919769287109,0
1595800962.6676698,33.925326347351074,-0.011527919769287109,0
1595800962.677675,35.72626876831055,-0.011527919769287109,0
1595800962.6876829,37.52768325805664,-0.011527919769287109,0
1595800962.69767,39.325364112854004,-0.011527919769287109,0
1595800962.7076766,41.126564025878906,-0.011527919769287109,0
1595800962.717679,42.92699146270752,-0.011527919769287109,0
1595800962.7276769,44.726603507995605,-0.011527919769287109,0
1595800962.7376742,46.52612972259521,-0.011527919769287109,0
1595800962.7476795,48.32707214355468,-0.011527919769287109,0
1595800962.7576678,50.124967575073235,-0.011527919769287109,0
1595800962.7676785,51.92689704895019,-0.011527919769287109,0
1595800962.7776716,53.72565078735351,-0.011527919769287109,0
1595800962.7876744,55.5261640548706,-0.011527919769287109,0
1595800962.79767,57.3253469467163,-0.011527919769287109,0
1595800962.8076782,59.12684726715087,-0.011527919769287109,0
1595800962.8176837,60.92783260345458,-0.011527919769287109,0
1595800962.8276675,62.72491264343261,-0.011527919769287109,0
1595800962.837686,64.52825832366943,-0.011527919769287109,0
1595800962.8476684,66.32508087158203,-0.011527919769287109,0
1595800962.857677,68.12662410736084,-0.011527919769287109,0
1595800962.8676848,69.92803859710693,-0.011527919769287109,0
1595800962.8776698,71.72533321380615,-0.011527919769287109,0
1595800962.8876674,73.52490234375,-0.011527919769287109,0
1595800962.8976786,75.32691764831543,-0.011527919769287109,0
1595800962.9076846,77.12798881530762,-0.011527919769287109,0
1595800962.9176784,78.92687129974365,-0.011527919769287109,0
1595800962.9276762,80.72648334503174,-0.011527919769287109,0
1595800962.9376707,82.52549457550049,-0.011527919769287109,0
1595800962.947683,84.32772445678711,-0.011527919769287109,0
1595800962.9576845,86.12798023223877,-0.011527919769287109,0
1595800962.9676762,87.92647647857666,-0.011527919769287109,0
1595800962.9776728,89.72587394714355,-0.011527919769287109,0
1595800962.98768,91.52715969085693,-0.011527919769287109,0
1595800962.9976819,93.32750129699707,-0.011527919769287109,0
1595800963.0076764,95.12651252746582,-0.011527919769287109,0
1595800963.0176852,96.92809867858887,-0.011527919769287109,0
1595800963.027671,98.72556495666504,-0.011527919769287109,0
1595800963.0376775,100.5267219543457,-0.011527919769287109,0
1595800963.0476687,102.32513236999512,-0.011527919769287109,0
1595800963.0576823,104.12757682800293,-0.011527919769287109,0
1595800963.0676806,105.92727470397949,-0.011527919769287109,0
1595800963.0776834,107.72778797149658,-0.011527919769287109,0
1595800963.0876684,109.5250825881958,-0.011527919769287109,0
1595800963.0976717,111.32568168640137,-0.011527919769287109,0
1595800963.107675,113.12628078460693,-0.011527919769287109,0
1595800963.1176784,114.9268798828125,-0.011527919769287109,0
1595800963.1276696,116.72529029846191,-0.011527919769287109,0
1595800963.137672,118.52571773529053,-0.011527919769287109,0
1595800963.1476803,120.3272180557251,-0.011527919769287109,0
1595800963.1576715,122.12562847137451,-0.011527919769287109,0
1595800963.1676815,123.92742919921875,-0.011527919769287109,0
1595800963.177681,125.7273416519165,-0.011527919769287109,0
1595800963.1876752,127.52630996704102,-0.011527919769287109,0
1595800963.1976855,129.3281536102295,-0.011527919769287109,0
1595800963.207674,131.12609195709229,-0.011527919769287109,0
1595800963.21768,132.92716312408447,-0.011527919769287109,0
1595800963.2276752,134.72630310058594,-0.011527919769287109,0
1595800963.2376757,136.52638721466064,-0.011527919769287109,0
1595800963.2476826,138.32763004302979,-0.011527919769287109,0
1595800963.2576783,140.12685585021973,-0.011527919769287109,0
1595800963.2676823,141.927583694458,-0.011527919769287109,0
1595800963.2776704,143.72543621063232,-0.011527919769287109,0
1595800963.2876685,145.52509117126465,-0.011527919769287109,0
1595800963.2976782,147.32684898376465,-0.011527919769287109,0
1595800963.3076718,149.12568855285645,-0.011527919769287109,0
1595800963.3176742,150.92611598968506,-0.011527919769287109,0
1595800963.327682,152.72753047943115,-0.011527919769287109,0
1595800963.3376765,154.5265417098999,-0.011527919769287109,0
1595800963.3476686,156.32512378692627,-0.011527919769287109,0
1595800963.3576765,158.12653827667236,-0.011527919769287109,0
1595800963.3676708,159.92550659179688,-0.011527919769287109,0
1595800963.3776765,161.72653484344482,-0.011527919769287109,0
1595800963.3876736,163.5260181427002,-0.011527919769287109,0
1595800963.3976755,165.32635974884033,-0.011527919769287109,0
1595800963.40768,167.1271734237671,-0.011527919769287109,0
1595800963.4176755,168.9263563156128,-0.011527919769287109,0
1595800963.4276712,170.72558212280273,-0.011527919769287109,0
1595800963.4376783,172.5268678665161,-0.011527919769287109,0
1595800963.4476786,174.32690906524658,-0.011527919769287109,0
1595800963.457681,176.1273365020752,-0.011527919769287109,0
1595800963.4676833,177.9277639389038,-0.011527919769287109,0
1595800963.4776716,179.72565937042236,-0.011527919769287109,0
1595800963.487677,181.5266447067261,-0.011527919769287109,0
1595800963.497673,183.32591342926028,-0.011527919769287109,0
1595800963.5076764,185.12651252746585,-0.011527919769287109,0
1595800963.5176837,186.92784118652347,-0.011527919769287109,0
1595800963.5276842,188.72792530059817,-0.011527919769287109,0
1595800963.5376806,190.52727985382083,-0.011527919769287109,0
1595800963.5476725,192.32581901550296,-0.011527919769287109,0
1595800963.5576804,194.12723350524905,-0.011527919769287109,0
1595800963.5676706,195.9254722595215,-0.011527919769287109,0
1595800963.577668,197.72499847412112,-0.011527919769287109,0
1595800963.5876746,199.52619838714602,-0.011527919769287109,0
1595800963.59768,201.32718372344974,-0.011527919769287109,0
1595800963.6076744,203.12615203857425,-0.011527919769287109,0
1595800963.6176727,204.9258499145508,-0.011527919769287109,0
1595800963.627672,206.72571945190433,-0.011527919769287109,0
1595800963.637668,208.5249881744385,-0.011527919769287109,0
1595800963.647675,210.32627391815188,-0.011527919769287109,0
1595800963.6576767,212.12657260894778,-0.011527919769287109,0
1595800963.6676705,213.92545509338382,-0.011527919769287109,0
1595800963.6776717,215.72566795349124,-0.011527919769287109,0
1595800963.6876826,217.52764034271243,-0.011527919769287109,0
1595800963.6976845,219.32798194885257,-0.011527919769287109,0
1595800963.7076726,221.12583446502688,-0.011527919769287109,0
1595800963.7176702,222.92540359497073,-0.011527919769287109,0
1595800963.7276773,224.7266893386841,-0.011527919769287109,0
1595800963.737675,226.52625846862796,-0.011527919769287109,0
1595800963.7476757,228.3263854980469,-0.011527919769287109,0
1595800963.757676,230.12642669677737,-0.011527919769287109,0
1595800963.7676816,231.92745494842532,-0.011527919769287109,0
1595800963.7776752,233.72629451751712,-0.011527919769287109,0
1595800963.7876675,235.52491950988772,-0.011527919769287109,0
1595800963.7976806,237.32727813720706,-0.011527919769287109,0
1595800963.807677,239.12663269042972,-0.011527919769287109,0
1595800963.8176668,240.9247856140137,-0.011527919769287109,0
1595800963.8276772,242.72667217254642,-0.011527919769287109,0
1595800963.837681,244.52735710144046,-0.011527919769287109,0
1595800963.8476782,246.32684040069583,-0.011527919769287109,0
1595800963.8576713,248.12559413909915,-0.011527919769287109,0
1595800963.8676677,249.9249486923218,-0.011527919769287109,0
1595800963.8776805,251.7272644042969,-0.011527919769287109,0
1595800963.8876815,253.5274343490601,-0.011527919769287109,0
1595800963.8976839,255.3278617858887,-0.011527919769287109,0
1595800963.907682,257.127516746521,-0.011527919769287109,0
1595800963.9176672,258.92485427856445,-0.011527919769287109,0
1595800963.9276798,260.7271270751953,-0.011527919769287109,0
1595800963.9376721,262.5257520675659,-0.011527919769287109,0
1595800963.9476826,264.32763862609863,-0.011527919769287109,0
1595800963.9576755,266.1263494491577,-0.011527919769287109,0
1595800963.9676666,267.92475986480713,-0.011527919769287109,0
1595800963.9776735,269.72600269317627,-0.011527919769287109,0
1595800963.9876714,271.52561473846436,-0.011527919769287109,0
1595800963.9976711,273.32557010650635,-0.011527919769287109,0
1595800964.0076697,275.12531089782715,-0.011527919769287109,0
1595800964.0176773,276.926682472229,-0.011527919769287109,0
1595800964.0276692,278.72522163391113,-0.011527919769287109,0
1595800964.0376837,280.5278377532959,-0.011527919769287109,0
1595800964.0476718,282.3256902694702,-0.011527919769287109,0
1595800964.0576773,284.1266756057739,-0.011527919769287109,0
1595800964.0676796,285.92710304260254,-0.011527919769287109,0
1595800964.0776808,287.72731590270996,-0.011527919769287109,0
1595800964.0876741,289.5261125564575,-0.011527919769287109,0
1595800964.0976846,291.32799911499023,-0.011527919769287109,0
1595800964.10768,293.12718200683594,-0.011527919769287109,0
1595800964.1176684,294.9250774383545,-0.011527919769287109,0
1595800964.1276712,296.7255907058716,-0.011527919769287109,0
1595800964.137668,298.5249881744385,-0.011527919769287109,0
1595800964.1476724,300.32580184936523,-0.011527919769287109,0
1595800964.1576722,302.1257572174072,-0.011527919769287109,0
1595800964.1676803,303.92721462249756,-0.011527919769287109,0
1595800964.1776717,305.7256679534912,-0.011527919769287109,0
1595800964.1876712,307.52558040618896,-0.011527919769287109,0
1595800964.1976836,309.3278102874756,-0.011527919769287109,0
1595800964.2076664,311.12471866607666,-0.011527919769287109,0
1595800964.2176707,312.9254894256592,-0.011527919769287109,0
1595800964.2276688,314.7251443862915,-0.011527919769287109,0
1595800964.2376742,316.5261297225952,-0.011527919769287109,0
1595800964.247683,318.32771587371826,-0.011527919769287109,0
1595800964.2576668,320.1247959136963,-0.011527919769287109,0
1595800964.2676768,321.9265966415405,-0.011527919769287109,0
1595800964.2776666,323.7247495651245,-0.011527919769287109,0
1595800964.287671,325.52556324005127,-0.011527919769287109,0
1595800964.2976847,327.3280076980591,-0.011527919769287109,0
1595800964.3076751,329.1262893676758,-0.011527919769287109,0
1595800964.3176708,330.9255151748657,-0.011527919769287109,0
1595800964.3276684,332.72508430480957,-0.011527919769287109,0
1595800964.3376794,334.52705669403076,-0.011527919769287109,0
1595800964.347679,336.3269691467285,-0.011527919769287109,0
1595800964.357671,338.1255512237549,-0.011527919769287109,0
1595800964.3676674,339.92490577697754,-0.011527919769287109,0
1595800964.37767,341.7253761291504,-0.011527919769287109,0
1595800964.3876772,343.52666187286377,-0.011527919769287109,0
1595800964.397668,345.3249864578247,-0.011527919769287109,0
1595800964.4076738,347.1260576248169,-0.011527919769287109,0
1595800964.4176793,348.9270429611206,-0.011527919769287109,0
1595800964.4276729,350.7258825302124,-0.011527919769287109,0
1595800964.4376688,352.5251512527466,-0.011527919769287109,0
1595800964.4476707,354.3254928588867,-0.011527919769287109,0
1595800964.4576716,356.1256628036499,-0.011527919769287109,0
1595800964.4676821,357.9275493621826,-0.011527919769287109,0
1595800964.4776711,359.7255735397339,-0.011527919769287109,0
1595800964.4791977,360,-0.011527919769287109,1
1595800964.4791977,0,0,0
1595800964.4830828,0.699305534362793,0,0
1595800964.4830828,0.0699305534362793,-0.003496527671813965,0
1595800964.4892056,1.17203950881958,-0.003496527671813965,0
1595800964.4992046,2.9718661308288574,-0.003496527671813965,0
1595800964.5091977,4.770619869232178,-0.003496527671813965,0
1595800964.5192046,6.571862697601318,-0.003496527671813965,0
1595800964.5292075,8.372375965118408,-0.003496527671813965,0
1595800964.539215,10.173747539520264,-0.003496527671813965,0
1595800964.549213,11.97335958480835,-0.003496527671813965,0
1595800964.5592043,13.771812915802002,-0.003496527671813965,0
1595800964.569208,15.572454929351807,-0.003496527671813965,0
1595800964.5792112,17.373054027557373,-0.003496527671813965,0
1595800964.589209,19.17266607284546,-0.003496527671813965,0
1595800964.5992026,20.971505641937256,-0.003496527671813965,0
1595800964.6092043,22.771804332733154,-0.003496527671813965,0
1595800964.6192162,24.5739483833313,-0.003496527671813965,0
1595800964.6292064,26.37218713760376,-0.003496527671813965,0
1595800964.6392164,28.173987865447998,-0.003496527671813965,0
1595800964.6492112,29.973042011260986,-0.003496527671813965,0
1595800964.6592064,31.77218198776245,-0.003496527671813965,0
1595800964.66921,33.572824001312256,-0.003496527671813965,0
1595800964.6792011,35.37123441696167,-0.003496527671813965,0
1595800964.6892064,37.17217683792114,-0.003496527671813965,0
1595800964.699199,38.970844745635986,-0.003496527671813965,0
1595800964.70921,40.77281713485718,-0.003496527671813965,0
1595800964.719198,42.570669651031494,-0.003496527671813965,0
1595800964.7292101,44.37285661697388,-0.003496527671813965,0
1595800964.739215,46.17371320724487,-0.003496527671813965,0
1595800964.749213,47.9733681678772,-0.003496527671813965,0
1595800964.759216,49.773924350738525,-0.003496527671813965,0
1595800964.769198,51.57066106796265,-0.003496527671813965,0
1595800964.7792075,53.37237596511841,-0.003496527671813965,0
1595800964.7892158,55.17387628555298,-0.003496527671813965,0
1595800964.7991984,56.970741748809814,-0.003496527671813965,0
1595800964.8092108,58.772971630096436,-0.003496527671813965,0
1595800964.8192124,60.573270320892334,-0.003496527671813965,0
1595800964.8292105,62.37292528152466,-0.003496527671813965,0
1595800964.8392017,64.17133569717407,-0.003496527671813965,0
1595800964.8492126,65.97330808639526,-0.003496527671813965,0
1595800964.8591979,67.77064561843872,-0.003496527671813965,0
1595800964.8692093,69.57270383834839,-0.003496527671813965,0
1595800964.8792148,71.3736891746521,-0.003496527671813965,0
1595800964.8892112,73.17304372787476,-0.003496527671813965,0
1595800964.8991976,74.9705958366394,-0.003496527671813965,0
1595800964.9092,76.77102327346802,-0.003496527671813965,0
1595800964.919214,78.5735535621643,-0.003496527671813965,0
1595800964.9292116,80.37312269210815,-0.003496527671813965,0
1595800964.939208,82.17247724533081,-0.003496527671813965,0
1595800964.9492142,83.97359132766724,-0.003496527671813965,0
1595800964.959198,85.77067136764526,-0.003496527671813965,0
1595800964.9692125,87.57328748703003,-0.003496527671813965,0
1595800964.9792113,89.37307119369507,-0.003496527671813965,0
1595800964.9892054,91.17199659347534,-0.003496527671813965,0
1595800964.9992135,92.97345399856567,-0.003496527671813965,0
1595800965.0092082,94.77250814437866,-0.003496527671813965,0
1595800965.0192084,96.57254934310913,-0.003496527671813965,0
1595800965.0292106,98.3729338645935,-0.003496527671813965,0
1595800965.0392115,100.17310380935669,-0.003496527671813965,0
1595800965.0491996,101.970956325531,-0.003496527671813965,0
1595800965.0592096,103.77275705337524,-0.003496527671813965,0
1595800965.0692103,105.57288408279419,-0.003496527671813965,0
1595800965.079212,107.37318277359009,-0.003496527671813965,0
1595800965.0892155,109.17382478713989,-0.003496527671813965,0
1595800965.0992153,110.97378015518188,-0.003496527671813965,0
1595800965.109204,112.77176141738892,-0.003496527671813965,0
1595800965.1191971,114.57051515579224,-0.003496527671813965,0
1595800965.1292155,116.37381792068481,-0.003496527671813965,0
1595800965.1392128,118.17334413528442,-0.003496527671813965,0
1595800965.1492023,119.97145414352417,-0.003496527671813965,0
1595800965.1592088,121.77261114120483,-0.003496527671813965,0
1595800965.169204,123.5717511177063,-0.003496527671813965,0
1595800965.1792102,125.37286520004272,-0.003496527671813965,0
1595800965.1891987,127.17080354690552,-0.003496527671813965,0
1595800965.199212,128.9732050895691,-0.003496527671813965,0
1595800965.209206,130.77213048934937,-0.003496527671813965,0
1595800965.2192075,132.57238626480103,-0.003496527671813965,0
1595800965.229205,134.37191247940063,-0.003496527671813965,0
1595800965.239202,136.171395778656,-0.003496527671813965,0
1595800965.2492032,137.97160863876343,-0.003496527671813965,0
1595800965.259197,139.77049112319946,-0.003496527671813965,0
1595800965.2692075,141.57237768173218,-0.003496527671813965,0
1595800965.2791996,143.37095975875854,-0.003496527671813965,0
1595800965.289199,145.1708722114563,-0.003496527671813965,0
1595800965.2992065,146.97220087051392,-0.003496527671813965,0
1595800965.309205,148.77194166183472,-0.003496527671813965,0
1595800965.3192012,150.57125329971313,-0.003496527671813965,0
1595800965.3292158,152.3738694190979,-0.003496527671813965,0
1595800965.3392155,154.1738247871399,-0.003496527671813965,0
1595800965.349206,155.9721064567566,-0.003496527671813965,0
1595800965.3592021,157.771418094635,-0.003496527671813965,0
1595800965.3692017,159.57133054733276,-0.003496527671813965,0
1595800965.379197,161.37047052383423,-0.003496527671813965,0
1595800965.3892028,163.17154169082642,-0.003496527671813965,0
1595800965.3992016,164.97132539749146,-0.003496527671813965,0
1595800965.4092057,166.77205324172974,-0.003496527671813965,0
1595800965.4192111,168.57303857803345,-0.003496527671813965,0
1595800965.429211,170.37299394607544,-0.003496527671813965,0
1595800965.439208,172.1724772453308,-0.003496527671813965,0
1595800965.4492052,173.97196054458618,-0.003496527671813965,0
1595800965.4592147,175.77367544174194,-0.003496527671813965,0
1595800965.4692135,177.57345914840698,-0.003496527671813965,0
1595800965.4792097,179.3727707862854,-0.003496527671813965,0
1595800965.4892025,181.17148160934448,-0.003496527671813965,0
1595800965.4992015,182.97130823135376,-0.003496527671813965,0
1595800965.509205,184.77195024490356,-0.003496527671813965,0
1595800965.5192025,186.57147645950317,-0.003496527671813965,0
1595800965.5292032,188.37160348892212,-0.003496527671813965,0
1595800965.5392106,190.17293214797974,-0.003496527671813965,0
1595800965.5492103,191.97288751602173,-0.003496527671813965,0
1595800965.559202,193.77138376235962,-0.003496527671813965,0
1595800965.5692008,195.57116746902466,-0.003496527671813965,0
1595800965.5792072,197.37232446670532,-0.003496527671813965,0
1595800965.5892136,199.173481464386,-0.003496527671813965,0
1595800965.599207,200.97227811813354,-0.003496527671813965,0
1595800965.609198,202.77068853378296,-0.003496527671813965,0
1595800965.6191974,204.57055807113647,-0.003496527671813965,0
1595800965.629198,206.37068510055542,-0.003496527671813965,0
1595800965.639204,208.1717562675476,-0.003496527671813965,0
1595800965.6492,209.9710249900818,-0.003496527671813965,0
1595800965.6592088,211.77261114120483,-0.003496527671813965,0
1595800965.6692047,213.571879863739,-0.003496527671813965,0
1595800965.679205,215.37192106246948,-0.003496527671813965,0
1595800965.6891966,217.17041730880737,-0.003496527671813965,0
1595800965.6992035,218.9716601371765,-0.003496527671813965,0
1595800965.709199,220.77084302902222,-0.003496527671813965,0
1595800965.7192092,222.5726866722107,-0.003496527671813965,0
1595800965.729198,224.37066793441772,-0.003496527671813965,0
1595800965.7392125,226.1732840538025,-0.003496527671813965,0
1595800965.7492115,227.97311067581177,-0.003496527671813965,0
1595800965.7591991,229.7708773612976,-0.003496527671813965,0
1595800965.7692115,231.57310724258423,-0.003496527671813965,0
1595800965.779201,233.37121725082397,-0.003496527671813965,0
1595800965.7892053,235.1719880104065,-0.003496527671813965,0
1595800965.799211,236.97301626205444,-0.003496527671813965,0
1595800965.8092103,238.77288579940796,-0.003496527671813965,0
1595800965.8192036,240.57168245315552,-0.003496527671813965,0
1595800965.8292003,242.3710799217224,-0.003496527671813965,0
1595800965.8392098,244.17279481887817,-0.003496527671813965,0
1595800965.8492012,245.97124814987183,-0.003496527671813965,0
1595800965.8592033,247.7716326713562,-0.003496527671813965,0
1595800965.869214,249.57356214523315,-0.003496527671813965,0
1595800965.8792112,251.37304544448853,-0.003496527671813965,0
1595800965.8892014,253.171284198761,-0.003496527671813965,0
1595800965.8992019,254.9713683128357,-0.003496527671813965,0
1595800965.9091995,256.77093744277954,-0.003496527671813965,0
1595800965.9191978,258.5706353187561,-0.003496527671813965,0
1595800965.9292126,260.3732943534851,-0.003496527671813965,0
1595800965.939203,262.1715760231018,-0.003496527671813965,0
1595800965.9492018,263.97135972976685,-0.003496527671813965,0
1595800965.9592047,265.77187299728394,-0.003496527671813965,0
1595800965.9691994,267.5709271430969,-0.003496527671813965,0
1595800965.9791994,269.37092542648315,-0.003496527671813965,0
1595800965.9892023,271.17143869400024,-0.003496527671813965,0
1595800965.9992127,272.97332525253296,-0.003496527671813965,0
1595800966.0092142,274.7735810279846,-0.003496527671813965,0
1595800966.019213,276.57336473464966,-0.003496527671813965,0
1595800966.0292072,278.37233304977417,-0.003496527671813965,0
1595800966.0392108,280.172975063324,-0.003496527671813965,0
1595800966.0492022,281.9714283943176,-0.003496527671813965,0
1595800966.0592113,283.7730574607849,-0.003496527671813965,0
1595800966.069199,285.570867061615,-0.003496527671813965,0
1595800966.079198,287.37065076828003,-0.003496527671813965,0
1595800966.0891976,289.170606136322,-0.003496527671813965,0
1595800966.0991995,290.97094774246216,-0.003496527671813965,0
1595800966.1092086,292.77257680892944,-0.003496527671813965,0
1595800966.1192,294.5710301399231,-0.003496527671813965,0
1595800966.1292114,296.37308835983276,-0.003496527671813965,0
1595800966.139202,298.1714129447937,-0.003496527671813965,0
1595800966.149199,299.97085332870483,-0.003496527671813965,0
1595800966.159207,301.77231073379517,-0.003496527671813965,0
1595800966.1692126,303.5732960700989,-0.003496527671813965,0
1595800966.179208,305.3724789619446,-0.003496527671813965,0
1595800966.1892,307.1710181236267,-0.003496527671813965,0
1595800966.1991973,308.9705443382263,-0.003496527671813965,0
1595800966.2092142,310.77358961105347,-0.003496527671813965,0
1595800966.2191992,312.5708842277527,-0.003496527671813965,0
1595800966.2292044,314.37182664871216,-0.003496527671813965,0
1595800966.2392144,316.1736273765564,-0.003496527671813965,0
1595800966.2492123,317.9732394218445,-0.003496527671813965,0
1595800966.2591982,319.77070569992065,-0.003496527671813965,0
1595800966.269207,321.5722918510437,-0.003496527671813965,0
1595800966.2792096,323.37276220321655,-0.003496527671813965,0
1595800966.289204,325.17173051834106,-0.003496527671813965,0
1595800966.2992089,326.9726300239563,-0.003496527671813965,0
1595800966.3092031,328.7715983390808,-0.003496527671813965,0
1595800966.319205,330.57193994522095,-0.003496527671813965,0
1595800966.329214,332.37356901168823,-0.003496527671813965,0
1595800966.3392081,334.1724944114685,-0.003496527671813965,0
1595800966.3491971,335.9705185890198,-0.003496527671813965,0
1595800966.3592064,337.7721905708313,-0.003496527671813965,0
1595800966.3692083,339.57253217697144,-0.003496527671813965,0
1595800966.3792107,341.37295961380005,-0.003496527671813965,0
1595800966.3892143,343.17360162734985,-0.003496527671813965,0
1595800966.3992095,344.9727416038513,-0.003496527671813965,0
1595800966.409203,346.7715811729431,-0.003496527671813965,0
1595800966.419205,348.57192277908325,-0.003496527671813965,0
1595800966.429204,350.37174940109253,-0.003496527671813965,0
1595800966.439202,352.17140436172485,-0.003496527671813965,0
1595800966.4491959,353.9702868461609,-0.003496527671813965,0
1595800966.4591987,355.770800113678,-0.003496527671813965,0
1595800966.4692085,357.572557926178,-0.003496527671813965,0
1595800966.4792063,359.37216997146606,-0.003496527671813965,0
1595800966.4827073,360,-0.003496527671813965,1
1595800966.4827073,0,0,0
1595800966.4927197,1.802229881286621,0,0
1595800966.4932015,1.8889617919921875,0,0
1595800966.4932015,0.1888961791992187,-0.009444808959960938,0
1595800966.5027242,1.9029779434204102,-0.009444808959960938,0
1595800966.5127244,3.7030191421508794,-0.009444808959960938,0
1595800966.5227256,5.503232002258301,-0.009444808959960938,0
1595800966.5327094,7.300312042236328,-0.009444808959960938,0
1595800966.5427146,9.1012544631958,-0.009444808959960938,0
1595800966.5527086,10.900179862976074,-0.009444808959960938,0
1595800966.562722,12.702581405639647,-0.009444808959960938,0
1595800966.5727148,14.501292228698729,-0.009444808959960938,0
1595800966.582725,16.303135871887207,-0.009444808959960938,0
1595800966.5927148,18.10128879547119,-0.009444808959960938,0
1595800966.6027074,19.899956703186035,-0.009444808959960938,0
1595800966.6127136,21.70107078552246,-0.009444808959960938,0
1595800966.6227107,23.500554084777832,-0.009444808959960938,0
1595800966.6327076,25.299994468688965,-0.009444808959960938,0
1595800966.642717,27.10166645050049,-0.009444808959960938,0
1595800966.6527212,28.902437210083008,-0.009444808959960938,0
1595800966.6627169,30.70166301727295,-0.009444808959960938,0
1595800966.6727245,32.503034591674805,-0.009444808959960938,0
1595800966.6827126,34.30088710784912,-0.009444808959960938,0
1595800966.6927176,36.101786613464355,-0.009444808959960938,0
1595800966.7027237,37.90290069580078,-0.009444808959960938,0
1595800966.712724,39.70294189453125,-0.009444808959960938,0
1595800966.7227185,41.501953125,-0.009444808959960938,0
1595800966.732719,43.30203723907471,-0.009444808959960938,0
1595800966.7427223,45.10263633728028,-0.009444808959960938,0
1595800966.752722,46.90259170532227,-0.009444808959960938,0
1595800966.762725,48.7031478881836,-0.009444808959960938,0
1595800966.7727134,50.501043319702156,-0.009444808959960938,0
1595800966.7827232,52.302801132202156,-0.009444808959960938,0
1595800966.792722,54.102584838867195,-0.009444808959960938,0
1595800966.8027143,55.9012098312378,-0.009444808959960938,0
1595800966.8127136,57.701079368591316,-0.009444808959960938,0
1595800966.8227096,59.500348091125495,-0.009444808959960938,0
1595800966.832708,61.30004596710206,-0.009444808959960938,0
1595800966.842711,63.100602149963386,-0.009444808959960938,0
1595800966.852708,64.90008544921875,-0.009444808959960938,0
1595800966.862717,66.7016716003418,-0.009444808959960938,0
1595800966.8727214,68.50248527526855,-0.009444808959960938,0
1595800966.8827093,70.30029487609863,-0.009444808959960938,0
1595800966.89272,72.10222434997559,-0.009444808959960938,0
1595800966.902725,73.90312385559082,-0.009444808959960938,0
1595800966.9127078,75.7000322341919,-0.009444808959960938,0
1595800966.9227138,77.50110340118408,-0.009444808959960938,0
1595800966.9327176,79.30178833007812,-0.009444808959960938,0
1595800966.9427178,81.1018295288086,-0.009444808959960938,0
1595800966.9527245,82.9030294418335,-0.009444808959960938,0
1595800966.9627106,84.7005386352539,-0.009444808959960938,0
1595800966.972724,86.50294017791748,-0.009444808959960938,0
1595800966.9827213,88.30246639251709,-0.009444808959960938,0
1595800966.9927158,90.10147762298584,-0.009444808959960938,0
1595800967.0027244,91.90302085876465,-0.009444808959960938,0
1595800967.012721,93.70241832733154,-0.009444808959960938,0
1595800967.0227087,95.50018501281738,-0.009444808959960938,0
1595800967.0327184,97.30194282531738,-0.009444808959960938,0
1595800967.0427067,99.09983825683594,-0.009444808959960938,0
1595800967.0527093,100.90030860900879,-0.009444808959960938,0
1595800967.06271,102.70043563842773,-0.009444808959960938,0
1595800967.0727217,104.50253677368164,-0.009444808959960938,0
1595800967.0827148,106.30129051208496,-0.009444808959960938,0
1595800967.0927072,108.09991550445557,-0.009444808959960938,0
1595800967.1027179,109.90184497833252,-0.009444808959960938,0
1595800967.112708,111.70008373260498,-0.009444808959960938,0
1595800967.1227124,113.5008544921875,-0.009444808959960938,0
1595800967.1327105,115.30050945281982,-0.009444808959960938,0
1595800967.1427245,117.10303974151611,-0.009444808959960938,0
1595800967.1527097,118.90037727355957,-0.009444808959960938,0
1595800967.162715,120.70131969451904,-0.009444808959960938,0
1595800967.172725,122.50312042236328,-0.009444808959960938,0
1595800967.1827137,124.30110168457031,-0.009444808959960938,0
1595800967.1927083,126.10011291503906,-0.009444808959960938,0
1595800967.202707,127.8998966217041,-0.009444808959960938,0
1595800967.2127228,129.70272731781006,-0.009444808959960938,0
1595800967.2227185,131.501953125,-0.009444808959960938,0
1595800967.2327213,133.3024663925171,-0.009444808959960938,0
1595800967.2427156,135.1014347076416,-0.009444808959960938,0
1595800967.2527144,136.90121841430664,-0.009444808959960938,0
1595800967.2627075,138.69997215270996,-0.009444808959960938,0
1595800967.2727208,140.50237369537354,-0.009444808959960938,0
1595800967.282721,142.302414894104,-0.009444808959960938,0
1595800967.2927086,144.10018157958984,-0.009444808959960938,0
1595800967.3027115,145.90069484710693,-0.009444808959960938,0
1595800967.3127098,147.7003927230835,-0.009444808959960938,0
1595800967.322723,149.50275135040283,-0.009444808959960938,0
1595800967.3327084,151.30013179779053,-0.009444808959960938,0
1595800967.3427167,153.1016321182251,-0.009444808959960938,0
1595800967.3527086,154.90017127990723,-0.009444808959960938,0
1595800967.3627167,156.70162868499756,-0.009444808959960938,0
1595800967.3727174,158.5017557144165,-0.009444808959960938,0
1595800967.3827066,160.299822807312,-0.009444808959960938,0
1595800967.3927166,162.10162353515625,-0.009444808959960938,0
1595800967.4027236,163.9028663635254,-0.009444808959960938,0
1595800967.4127069,165.69986057281494,-0.009444808959960938,0
1595800967.4227228,167.50273418426514,-0.009444808959960938,0
1595800967.4327235,169.30286121368408,-0.009444808959960938,0
1595800967.4427211,171.10243034362793,-0.009444808959960938,0
1595800967.4527228,172.90272903442383,-0.009444808959960938,0
1595800967.462722,174.70259857177734,-0.009444808959960938,0
1595800967.4727232,176.50281143188477,-0.009444808959960938,0
1595800967.4827204,178.30229473114014,-0.009444808959960938,0
1595800967.4927127,180.1009197235107,-0.009444808959960938,0
1595800967.5027115,181.90070343017575,-0.009444808959960938,0
1595800967.5127156,183.70143127441403,-0.009444808959960938,0
1595800967.5227156,185.50142955780026,-0.009444808959960938,0
1595800967.5327091,187.30026912689206,-0.009444808959960938,0
1595800967.5427241,189.1029710769653,-0.009444808959960938,0
1595800967.552724,190.9029264450073,-0.009444808959960938,0
1595800967.5627215,192.70249557495114,-0.009444808959960938,0
1595800967.5727212,194.50245094299314,-0.009444808959960938,0
1595800967.5827117,196.30073261260983,-0.009444808959960938,0
1595800967.5927064,198.09978675842282,-0.009444808959960938,0
1595800967.602717,199.90167331695554,-0.009444808959960938,0
1595800967.612715,201.70132827758786,-0.009444808959960938,0
1595800967.6227202,203.50227069854733,-0.009444808959960938,0
1595800967.6327133,205.30102443695066,-0.009444808959960938,0
1595800967.6427116,207.10072231292722,-0.009444808959960938,0
1595800967.6527078,208.90003395080564,-0.009444808959960938,0
1595800967.6627183,210.70192050933835,-0.009444808959960938,0
1595800967.6727066,212.4998159408569,-0.009444808959960938,0
1595800967.6827068,214.29985713958737,-0.009444808959960938,0
1595800967.6927211,216.1024303436279,-0.009444808959960938,0
1595800967.7027202,217.90225696563718,-0.009444808959960938,0
1595800967.712715,219.70131111145017,-0.009444808959960938,0
1595800967.722718,221.5018672943115,-0.009444808959960938,0
1595800967.732709,223.30023479461667,-0.009444808959960938,0
1595800967.7427175,225.10177803039548,-0.009444808959960938,0
1595800967.7527153,226.90139007568357,-0.009444808959960938,0
1595800967.7627192,228.7020750045776,-0.009444808959960938,0
1595800967.7727165,230.50160121917722,-0.009444808959960938,0
1595800967.782718,232.30185699462888,-0.009444808959960938,0
1595800967.7927144,234.10121154785153,-0.009444808959960938,0
1595800967.8027084,235.9001369476318,-0.009444808959960938,0
1595800967.81272,237.7022380828857,-0.009444808959960938,0
1595800967.822707,239.49987602233884,-0.009444808959960938,0
1595800967.832707,241.29987430572507,-0.009444808959960938,0
1595800967.842721,243.10240459442136,-0.009444808959960938,0
1595800967.8527095,244.90034294128415,-0.009444808959960938,0
1595800967.86271,246.70042705535886,-0.009444808959960938,0
1595800967.8727064,248.49978160858151,-0.009444808959960938,0
1595800967.8827102,250.30046653747556,-0.009444808959960938,0
1595800967.8927088,252.10020732879636,-0.009444808959960938,0
1595800967.902724,253.90295219421384,-0.009444808959960938,0
1595800967.9127064,255.69977474212644,-0.009444808959960938,0
1595800967.922716,257.5014896392822,-0.009444808959960938,0
1595800967.93272,259.3022174835205,-0.009444808959960938,0
1595800967.9427228,261.1027307510376,-0.009444808959960938,0
1595800967.9527135,262.90105533599854,-0.009444808959960938,0
1595800967.9627106,264.7005386352539,-0.009444808959960938,0
1595800967.972723,266.5027685165405,-0.009444808959960938,0
1595800967.9827108,268.3005781173706,-0.009444808959960938,0
1595800967.9927127,270.10091972351074,-0.009444808959960938,0
1595800968.0027218,271.902548789978,-0.009444808959960938,0
1595800968.0127108,273.7005729675293,-0.009444808959960938,0
1595800968.0227141,275.50117206573486,-0.009444808959960938,0
1595800968.0327222,277.3026294708252,-0.009444808959960938,0
1595800968.0427234,279.1028423309326,-0.009444808959960938,0
1595800968.052718,280.90185356140137,-0.009444808959960938,0
1595800968.0627203,282.70228099823,-0.009444808959960938,0
1595800968.0727131,284.50099182128906,-0.009444808959960938,0
1595800968.0827105,286.3005180358887,-0.009444808959960938,0
1595800968.0927112,288.1006450653076,-0.009444808959960938,0
1595800968.1027215,289.9024887084961,-0.009444808959960938,0
1595800968.1127222,291.70261573791504,-0.009444808959960938,0
1595800968.1227205,293.5023136138916,-0.009444808959960938,0
1595800968.1327188,295.30201148986816,-0.009444808959960938,0
1595800968.1427157,297.1014518737793,-0.009444808959960938,0
1595800968.15271,298.9004201889038,-0.009444808959960938,0
1595800968.162719,300.7020492553711,-0.009444808959960938,0
1595800968.1727116,302.50071716308594,-0.009444808959960938,0
1595800968.1827207,304.3023462295532,-0.009444808959960938,0
1595800968.1927147,306.1012716293335,-0.009444808959960938,0
1595800968.2027075,307.8999824523926,-0.009444808959960938,0
1595800968.212723,309.7027702331543,-0.009444808959960938,0
1595800968.222708,311.5000648498535,-0.009444808959960938,0
1595800968.232715,313.30130767822266,-0.009444808959960938,0
1595800968.2427077,315.10001850128174,-0.009444808959960938,0
1595800968.2527127,316.900918006897,-0.009444808959960938,0
1595800968.2627177,318.7018175125122,-0.009444808959960938,0
1595800968.2727156,320.5014295578003,-0.009444808959960938,0
1595800968.2827156,322.3014278411865,-0.009444808959960938,0
1595800968.2927067,324.09983825683594,-0.009444808959960938,0
1595800968.302722,325.9025831222534,-0.009444808959960938,0
1595800968.3127067,327.6998348236084,-0.009444808959960938,0
1595800968.322718,329.5018501281738,-0.009444808959960938,0
1595800968.332723,331.30274963378906,-0.009444808959960938,0
1595800968.342718,333.1018466949463,-0.009444808959960938,0
1595800968.3527207,334.9023599624634,-0.009444808959960938,0
1595800968.3627112,336.7006416320801,-0.009444808959960938,0
1595800968.3727224,338.5026569366455,-0.009444808959960938,0
1595800968.3827193,340.30209732055664,-0.009444808959960938,0
1595800968.392712,342.1008081436157,-0.009444808959960938,0
1595800968.402707,343.89990520477295,-0.009444808959960938,0
1595800968.412714,345.7011480331421,-0.009444808959960938,0
1595800968.4227076,347.4999876022339,-0.009444808959960938,0
1595800968.4327097,349.30037212371826,-0.009444808959960938,0
1595800968.4427133,351.10101413726807,-0.009444808959960938,0
1595800968.4527185,352.90195655822754,-0.009444808959960938,0
1595800968.462718,354.7018690109253,-0.009444808959960938,0
1595800968.4727085,356.500150680542,-0.009444808959960938,0
1595800968.4827218,358.30255222320557,-0.009444808959960938,0
1595800968.4921582,360,-0.009444808959960938,1
1595800968.4921582,0,0,0
1595800968.495814,0.6580638885498047,0,0
1595800968.495814,0.06580638885498045,-0.0032903194427490235,0
1595800968.502166,1.2091569900512695,-0.0032903194427490235,0
1595800968.5121768,3.011086463928222,-0.0032903194427490235,0
1595800968.5221748,4.810741424560547,-0.0032903194427490235,0
1595800968.5321686,6.609623908996582,-0.0032903194427490235,0
1595800968.542162,8.40842056274414,-0.0032903194427490235,0
1595800968.5521584,10.207775115966797,-0.0032903194427490235,0
1595800968.5621736,12.01051998138428,-0.0032903194427490235,0
1595800968.572173,13.810432434082033,-0.0032903194427490235,0
1595800968.5821717,15.610173225402834,-0.0032903194427490235,0
1595800968.5921621,17.40845489501953,-0.0032903194427490235,0
1595800968.602168,19.20952606201172,-0.0032903194427490235,0
1595800968.6121705,21.009953498840332,-0.0032903194427490235,0
1595800968.6221614,22.808320999145508,-0.0032903194427490235,0
1595800968.6321654,24.60904884338379,-0.0032903194427490235,0
1595800968.6421635,26.408703804016113,-0.0032903194427490235,0
1595800968.652171,28.21003246307373,-0.0032903194427490235,0
1595800968.6621642,30.00882911682129,-0.0032903194427490235,0
1595800968.672166,31.809170722961426,-0.0032903194427490235,0
1595800968.6821764,33.6110143661499,-0.0032903194427490235,0
1595800968.692165,35.408952713012695,-0.0032903194427490235,0
1595800968.7021847,37.2125129699707,-0.0032903194427490235,0
1595800968.7121692,39.009721755981445,-0.0032903194427490235,0
1595800968.7221694,40.809762954711914,-0.0032903194427490235,0
1595800968.7321706,42.609975814819336,-0.0032903194427490235,0
1595800968.7421765,44.41104698181152,-0.0032903194427490235,0
1595800968.752158,46.20769786834716,-0.0032903194427490235,0
1595800968.7621586,48.007824897766106,-0.0032903194427490235,0
1595800968.7721665,49.8092393875122,-0.0032903194427490235,0
1595800968.7821686,51.609623908996575,-0.0032903194427490235,0
1595800968.7921765,53.41103839874267,-0.0032903194427490235,0
1595800968.8021724,55.21030712127685,-0.0032903194427490235,0
1595800968.8121681,57.00953292846679,-0.0032903194427490235,0
1595800968.8221622,58.80845832824706,-0.0032903194427490235,0
1595800968.8321757,60.610902786254876,-0.0032903194427490235,0
1595800968.8421743,62.41064357757568,-0.0032903194427490235,0
1595800968.8521616,64.20836734771729,-0.0032903194427490235,0
1595800968.86216,66.00806522369385,-0.0032903194427490235,0
1595800968.8721764,67.81102466583252,-0.0032903194427490235,0
1595800968.882166,69.60913467407227,-0.0032903194427490235,0
1595800968.8921738,71.41054916381836,-0.0032903194427490235,0
1595800968.9021645,73.2088737487793,-0.0032903194427490235,0
1595800968.9121592,75.00792789459229,-0.0032903194427490235,0
1595800968.922169,76.80968570709229,-0.0032903194427490235,0
1595800968.9321613,78.60831069946289,-0.0032903194427490235,0
1595800968.9421754,80.41084098815918,-0.0032903194427490235,0
1595800968.95216,82.20804977416992,-0.0032903194427490235,0
1595800968.9621708,84.01002216339111,-0.0032903194427490235,0
1595800968.9721582,85.80774593353271,-0.0032903194427490235,0
1595800968.9821713,87.61010456085205,-0.0032903194427490235,0
1595800968.992176,89.41096115112305,-0.0032903194427490235,0
1595800969.0021672,91.20937156677246,-0.0032903194427490235,0
1595800969.0121686,93.00962734222412,-0.0032903194427490235,0
1595800969.022158,94.80769443511963,-0.0032903194427490235,0
1595800969.0321698,96.60983848571777,-0.0032903194427490235,0
1595800969.0421612,98.40829181671143,-0.0032903194427490235,0
1595800969.0521665,100.2092342376709,-0.0032903194427490235,0
1595800969.0621703,102.00991916656494,-0.0032903194427490235,0
1595800969.0721602,103.80811500549316,-0.0032903194427490235,0
1595800969.0821617,105.60837078094482,-0.0032903194427490235,0
1595800969.0921743,107.41064357757568,-0.0032903194427490235,0
1595800969.1021748,109.21072769165039,-0.0032903194427490235,0
1595800969.1121628,111.0085802078247,-0.0032903194427490235,0
1595800969.122164,112.80879306793213,-0.0032903194427490235,0
1595800969.1321707,114.60999298095703,-0.0032903194427490235,0
1595800969.1421578,116.4076738357544,-0.0032903194427490235,0
1595800969.1521719,118.21020412445068,-0.0032903194427490235,0
1595800969.1621742,120.0106315612793,-0.0032903194427490235,0
1595800969.1721628,121.80856990814209,-0.0032903194427490235,0
1595800969.1821642,123.60882568359375,-0.0032903194427490235,0
1595800969.1921608,125.40822315216064,-0.0032903194427490235,0
1595800969.2021701,127.20989513397217,-0.0032903194427490235,0
1595800969.2121649,129.00894927978516,-0.0032903194427490235,0
1595800969.222159,130.80787467956543,-0.0032903194427490235,0
1595800969.2321687,132.60963249206543,-0.0032903194427490235,0
1595800969.2421596,134.4079999923706,-0.0032903194427490235,0
1595800969.2521713,136.2101011276245,-0.0032903194427490235,0
1595800969.2621589,138.00786781311035,-0.0032903194427490235,0
1595800969.272168,139.80949687957764,-0.0032903194427490235,0
1595800969.2821748,141.61073970794678,-0.0032903194427490235,0
1595800969.292168,143.4094934463501,-0.0032903194427490235,0
1595800969.3021712,145.21009254455566,-0.0032903194427490235,0
1595800969.3121753,147.01082038879395,-0.0032903194427490235,0
1595800969.3221614,148.80832958221436,-0.0032903194427490235,0
1595800969.332176,150.61094570159912,-0.0032903194427490235,0
1595800969.3421583,152.40776824951172,-0.0032903194427490235,0
1595800969.3521693,154.2097406387329,-0.0032903194427490235,0
1595800969.3621645,156.00888061523438,-0.0032903194427490235,0
1595800969.372167,157.80935096740723,-0.0032903194427490235,0
1595800969.3821654,159.6090488433838,-0.0032903194427490235,0
1595800969.3921714,161.41012001037598,-0.0032903194427490235,0
1595800969.4021583,163.2077579498291,-0.0032903194427490235,0
1595800969.4121728,165.01037406921387,-0.0032903194427490235,0
1595800969.4221673,166.80938529968262,-0.0032903194427490235,0
1595800969.4321723,168.61028480529785,-0.0032903194427490235,0
1595800969.4421692,170.40972518920898,-0.0032903194427490235,0
1595800969.4521654,172.2090368270874,-0.0032903194427490235,0
1595800969.4621575,174.00761890411377,-0.0032903194427490235,0
1595800969.4721727,175.81036376953125,-0.0032903194427490235,0
1595800969.4821703,177.6099328994751,-0.0032903194427490235,0
1595800969.4921725,179.41031742095947,-0.0032903194427490235,0
1595800969.5021675,181.20941448211673,-0.0032903194427490235,0
1595800969.512168,183.00949859619143,-0.0032903194427490235,0
1595800969.52216,184.8080806732178,-0.0032903194427490235,0
1595800969.5321748,186.6107397079468,-0.0032903194427490235,0
1595800969.5421708,188.41000843048099,-0.0032903194427490235,0
1595800969.552174,190.21060752868655,-0.0032903194427490235,0
1595800969.5621583,192.00777339935306,-0.0032903194427490235,0
1595800969.5721667,193.80927371978763,-0.0032903194427490235,0
1595800969.5821576,195.6076412200928,-0.0032903194427490235,0
1595800969.5921602,197.40811157226565,-0.0032903194427490235,0
1595800969.6021676,199.20944023132327,-0.0032903194427490235,0
1595800969.6121635,201.00870895385745,-0.0032903194427490235,0
1595800969.6221588,202.80784893035892,-0.0032903194427490235,0
1595800969.632174,204.6105937957764,-0.0032903194427490235,0
1595800969.6421645,206.4088754653931,-0.0032903194427490235,0
1595800969.6521647,208.20891666412356,-0.0032903194427490235,0
1595800969.6621747,210.0107173919678,-0.0032903194427490235,0
1595800969.6721652,211.8089990615845,-0.0032903194427490235,0
1595800969.682167,213.60934066772464,-0.0032903194427490235,0
1595800969.692166,215.40916728973392,-0.0032903194427490235,0
1595800969.70217,217.20985221862796,-0.0032903194427490235,0
1595800969.7121732,219.01045131683352,-0.0032903194427490235,0
1595800969.7221665,220.80924797058108,-0.0032903194427490235,0
1595800969.7321663,222.60920333862308,-0.0032903194427490235,0
1595800969.7421699,224.40984535217288,-0.0032903194427490235,0
1595800969.7521641,226.2088136672974,-0.0032903194427490235,0
1595800969.76216,228.00808238983157,-0.0032903194427490235,0
1595800969.7721736,229.81052684783938,-0.0032903194427490235,0
1595800969.7821584,231.60777854919436,-0.0032903194427490235,0
1595800969.7921724,233.41030883789065,-0.0032903194427490235,0
1595800969.8021722,235.21026420593265,-0.0032903194427490235,0
1595800969.8121753,237.01082038879397,-0.0032903194427490235,0
1595800969.8221722,238.8102607727051,-0.0032903194427490235,0
1595800969.832171,240.61004447937015,-0.0032903194427490235,0
1595800969.8421664,242.40922737121585,-0.0032903194427490235,0
1595800969.852166,244.2091398239136,-0.0032903194427490235,0
1595800969.8621724,246.01029682159427,-0.0032903194427490235,0
1595800969.8721714,247.81012344360354,-0.0032903194427490235,0
1595800969.8821688,249.60964965820315,-0.0032903194427490235,0
1595800969.8921688,251.40964794158938,-0.0032903194427490235,0
1595800969.9021602,253.20810127258304,-0.0032903194427490235,0
1595800969.912174,255.0105886459351,-0.0032903194427490235,0
1595800969.9221745,256.81067276000977,-0.0032903194427490235,0
1595800969.932174,258.6105852127075,-0.0032903194427490235,0
1595800969.9421744,260.4106693267822,-0.0032903194427490235,0
1595800969.952164,262.208779335022,-0.0032903194427490235,0
1595800969.962162,264.0084342956543,-0.0032903194427490235,0
1595800969.9721665,265.80924797058105,-0.0032903194427490235,0
1595800969.9821599,267.6080446243286,-0.0032903194427490235,0
1595800969.9921634,269.4086866378784,-0.0032903194427490235,0
1595800970.002171,271.2100582122803,-0.0032903194427490235,0
1595800970.0121646,273.00889778137207,-0.0032903194427490235,0
1595800970.02216,274.8080806732178,-0.0032903194427490235,0
1595800970.0321677,276.60945224761963,-0.0032903194427490235,0
1595800970.0421689,278.40966510772705,-0.0032903194427490235,0
1595800970.0521696,280.209792137146,-0.0032903194427490235,0
1595800970.0621748,282.01073455810547,-0.0032903194427490235,0
1595800970.0721629,283.8085870742798,-0.0032903194427490235,0
1595800970.0821671,285.6093578338623,-0.0032903194427490235,0
1595800970.0921578,287.40768241882324,-0.0032903194427490235,0
1595800970.1021748,289.2107276916504,-0.0032903194427490235,0
1595800970.112163,291.00862312316895,-0.0032903194427490235,0
1595800970.1221693,292.80973720550537,-0.0032903194427490235,0
1595800970.132172,294.61025047302246,-0.0032903194427490235,0
1595800970.1421685,296.4096050262451,-0.0032903194427490235,0
1595800970.1521666,298.20925998687744,-0.0032903194427490235,0
1595800970.1621618,300.0083999633789,-0.0032903194427490235,0
1595800970.1721644,301.80887031555176,-0.0032903194427490235,0
1595800970.1821601,303.6080961227417,-0.0032903194427490235,0
1595800970.1921716,305.41015434265137,-0.0032903194427490235,0
1595800970.2021585,307.2077922821045,-0.0032903194427490235,0
1595800970.21216,309.0080909729004,-0.0032903194427490235,0
1595800970.2221656,310.8090763092041,-0.0032903194427490235,0
1595800970.2321694,312.60976123809814,-0.0032903194427490235,0
1595800970.2421663,314.4092016220093,-0.0032903194427490235,0
1595800970.2521682,316.2095432281494,-0.0032903194427490235,0
1595800970.2621715,318.010142326355,-0.0032903194427490235,0
1595800970.2721574,319.80760860443115,-0.0032903194427490235,0
1595800970.2821689,321.6096668243408,-0.0032903194427490235,0
1595800970.292165,323.40897846221924,-0.0032903194427490235,0
1595800970.302175,325.2107791900635,-0.0032903194427490235,0
1595800970.31217,327.0098762512207,-0.0032903194427490235,0
1595800970.3221648,328.8089303970337,-0.0032903194427490235,0
1595800970.3321724,330.61030197143555,-0.0032903194427490235,0
1595800970.3421712,332.4100856781006,-0.0032903194427490235,0
1595800970.3521686,334.2096118927002,-0.0032903194427490235,0
1595800970.3621728,336.0103826522827,-0.0032903194427490235,0
1595800970.3721652,337.8090076446533,-0.0032903194427490235,0
1595800970.382166,339.60913467407227,-0.0032903194427490235,0
1595800970.3921652,341.4090042114258,-0.0032903194427490235,0
1595800970.4021595,343.2079725265503,-0.0032903194427490235,0
1595800970.4121668,345.0093011856079,-0.0032903194427490235,0
1595800970.4221735,346.8105010986328,-0.0032903194427490235,0
1595800970.432161,348.60826778411865,-0.0032903194427490235,0
1595800970.4421623,350.4084806442261,-0.0032903194427490235,0
1595800970.4521596,352.2080068588257,-0.0032903194427490235,0
1595800970.4621718,354.01019382476807,-0.0032903194427490235,0
1595800970.4721704,355.80993461608887,-0.0032903194427490235,0
1595800970.48216,357.60808753967285,-0.0032903194427490235,0
1595800970.4921567,359.40748500823975,-0.0032903194427490235,0
1595800970.4954545,360,-0.0032903194427490235,1
1595800970.4954545,0,0,0
1595800970.5054634,1.8015861511230469,0,0
1595800970.5059252,1.8847131729125977,0,0
1595800970.5059252,0.18847131729125965,-0.009423565864562989,0
1595800970.5154698,1.9065012931823728,-0.009423565864562989,0
1595800970.525467,3.705984592437744,-0.009423565864562989,0
1595800970.5354671,5.506025791168213,-0.009423565864562989,0
1595800970.5454564,7.304092884063722,-0.009423565864562989,0
1595800970.5554647,9.105593204498291,-0.009423565864562989,0
1595800970.5654724,10.906964778900146,-0.009423565864562989,0
1595800970.5754626,12.705203533172607,-0.009423565864562989,0
1595800970.585467,14.506017208099365,-0.009423565864562989,0
1595800970.5954711,16.306745052337646,-0.009423565864562989,0
1595800970.605465,18.10562753677368,-0.009423565864562989,0
1595800970.615472,19.90691328048706,-0.009423565864562989,0
1595800970.6254635,21.705366611480713,-0.009423565864562989,0
1595800970.6354692,23.50639486312866,-0.009423565864562989,0
1595800970.6454563,25.304075717926022,-0.009423565864562989,0
1595800970.6554682,27.106219768524166,-0.009423565864562989,0
1595800970.6654677,28.90613222122192,-0.009423565864562989,0
1595800970.6754599,30.704714298248287,-0.009423565864562989,0
1595800970.6854663,32.505871295928955,-0.009423565864562989,0
1595800970.6954727,34.30702829360962,-0.009423565864562989,0
1595800970.7054543,36.1037220954895,-0.009423565864562989,0
1595800970.715455,37.90384912490845,-0.009423565864562989,0
1595800970.7254546,39.7037615776062,-0.009423565864562989,0
1595800970.7354558,41.50397443771362,-0.009423565864562989,0
1595800970.7454555,43.303929805755615,-0.009423565864562989,0
1595800970.755471,45.106717586517334,-0.009423565864562989,0
1595800970.7654605,46.90482759475708,-0.009423565864562989,0
1595800970.775467,48.705984592437744,-0.009423565864562989,0
1595800970.7854676,50.50611162185669,-0.009423565864562989,0
1595800970.7954667,52.30593824386597,-0.009423565864562989,0
1595800970.805471,54.106709003448486,-0.009423565864562989,0
1595800970.8154593,55.90460443496704,-0.009423565864562989,0
1595800970.8254619,57.70507478713989,-0.009423565864562989,0
1595800970.8354633,59.50533056259155,-0.009423565864562989,0
1595800970.8454666,61.30592966079712,-0.009423565864562989,0
1595800970.8554688,63.106314182281494,-0.009423565864562989,0
1595800970.8654613,64.90498208999634,-0.009423565864562989,0
1595800970.8754725,66.70699739456177,-0.009423565864562989,0
1595800970.8854682,68.50622320175171,-0.009423565864562989,0
1595800970.8954663,70.30587816238403,-0.009423565864562989,0
1595800970.905456,72.10403108596802,-0.009423565864562989,0
1595800970.9154563,73.90407228469849,-0.009423565864562989,0
1595800970.9254687,75.70630216598511,-0.009423565864562989,0
1595800970.9354575,77.50428342819214,-0.009423565864562989,0
1595800970.9454606,79.30483961105347,-0.009423565864562989,0
1595800970.9554715,81.10681200027466,-0.009423565864562989,0
1595800970.9654696,82.90646696090698,-0.009423565864562989,0
1595800970.9754684,84.70625066757202,-0.009423565864562989,0
1595800970.98546,86.50474691390991,-0.009423565864562989,0
1595800970.9954696,88.30646181106567,-0.009423565864562989,0
1595800971.0054576,90.10431432724,-0.009423565864562989,0
1595800971.015459,91.90457010269166,-0.009423565864562989,0
1595800971.0254653,93.70568418502809,-0.009423565864562989,0
1595800971.0354557,95.50396585464479,-0.009423565864562989,0
1595800971.0454702,97.30658197402956,-0.009423565864562989,0
1595800971.0554643,99.10550737380983,-0.009423565864562989,0
1595800971.0654712,100.90675020217897,-0.009423565864562989,0
1595800971.0754666,102.70593309402467,-0.009423565864562989,0
1595800971.085469,104.50636053085329,-0.009423565864562989,0
1595800971.0954633,106.3053288459778,-0.009423565864562989,0
1595800971.1054633,108.10532712936403,-0.009423565864562989,0
1595800971.115467,109.90601205825807,-0.009423565864562989,0
1595800971.1254604,111.70480871200563,-0.009423565864562989,0
1595800971.135461,113.50493574142457,-0.009423565864562989,0
1595800971.1454647,115.30557775497438,-0.009423565864562989,0
1595800971.1554627,117.1052327156067,-0.009423565864562989,0
1595800971.1654649,118.90561723709108,-0.009423565864562989,0
1595800971.1754658,120.70578718185426,-0.009423565864562989,0
1595800971.1854599,122.50471258163454,-0.009423565864562989,0
1595800971.1954637,124.30539751052858,-0.009423565864562989,0
1595800971.2054641,126.10548162460329,-0.009423565864562989,0
1595800971.2154715,127.9068102836609,-0.009423565864562989,0
1595800971.225464,129.70547819137573,-0.009423565864562989,0
1595800971.2354538,131.50363111495972,-0.009423565864562989,0
1595800971.245465,133.30564641952515,-0.009423565864562989,0
1595800971.2554567,135.10414266586304,-0.009423565864562989,0
1595800971.265456,136.90401220321655,-0.009423565864562989,0
1595800971.2754664,138.70589876174927,-0.009423565864562989,0
1595800971.2854564,140.5040946006775,-0.009423565864562989,0
1595800971.2954607,142.30486536026,-0.009423565864562989,0
1595800971.305463,144.10529279708862,-0.009423565864562989,0
1595800971.3154604,145.90481901168823,-0.009423565864562989,0
1595800971.3254614,147.70498895645142,-0.009423565864562989,0
1595800971.3354592,149.5046010017395,-0.009423565864562989,0
1595800971.3454695,151.30644464492798,-0.009423565864562989,0
1595800971.3554723,153.10695791244507,-0.009423565864562989,0
1595800971.3654697,154.90648412704468,-0.009423565864562989,0
1595800971.3754618,156.70506620407104,-0.009423565864562989,0
1595800971.3854568,158.50416326522827,-0.009423565864562989,0
1595800971.3954701,160.30656480789185,-0.009423565864562989,0
1595800971.4054651,162.10566186904907,-0.009423565864562989,0
1595800971.4154637,163.90540266036987,-0.009423565864562989,0
1595800971.4254696,165.70647382736206,-0.009423565864562989,0
1595800971.4354608,167.50488424301147,-0.009423565864562989,0
1595800971.4454582,169.30441045761108,-0.009423565864562989,0
1595800971.4554658,171.10578203201294,-0.009423565864562989,0
1595800971.4654708,172.90668153762817,-0.009423565864562989,0
1595800971.4754658,174.7057785987854,-0.009423565864562989,0
1595800971.4854684,176.50624895095825,-0.009423565864562989,0
1595800971.4954615,178.30500268936157,-0.009423565864562989,0
1595800971.5054681,180.10620260238647,-0.009423565864562989,0
1595800971.5154653,181.90568590164185,-0.009423565864562989,0
1595800971.5254571,183.70422506332397,-0.009423565864562989,0
1595800971.5354664,185.5058970451355,-0.009423565864562989,0
1595800971.5454648,187.30559492111206,-0.009423565864562989,0
1595800971.5554645,189.10555028915405,-0.009423565864562989,0
1595800971.565457,190.9042181968689,-0.009423565864562989,0
1595800971.575457,192.70421648025513,-0.009423565864562989,0
1595800971.5854678,194.50614595413208,-0.009423565864562989,0
1595800971.5954564,196.30408430099487,-0.009423565864562989,0
1595800971.6054585,198.10446882247925,-0.009423565864562989,0
1595800971.6154678,199.90614080429077,-0.009423565864562989,0
1595800971.6254656,201.70575284957886,-0.009423565864562989,0
1595800971.6354673,203.50605154037476,-0.009423565864562989,0
1595800971.6454568,205.3041615486145,-0.009423565864562989,0
1595800971.6554701,207.10656309127808,-0.009423565864562989,0
1595800971.665467,208.9060034751892,-0.009423565864562989,0
1595800971.6754563,210.70407056808472,-0.009423565864562989,0
1595800971.6854665,212.5059142112732,-0.009423565864562989,0
1595800971.6954567,214.30415296554565,-0.009423565864562989,0
1595800971.7054658,216.10578203201294,-0.009423565864562989,0
1595800971.7154598,217.9047074317932,-0.009423565864562989,0
1595800971.725461,219.70492029190063,-0.009423565864562989,0
1595800971.7354562,221.5040602684021,-0.009423565864562989,0
1595800971.7454576,223.30431604385376,-0.009423565864562989,0
1595800971.7554572,225.1042284965515,-0.009423565864562989,0
1595800971.7654645,226.90555715560913,-0.009423565864562989,0
1595800971.775472,228.70688581466675,-0.009423565864562989,0
1595800971.7854643,230.50551080703735,-0.009423565864562989,0
1595800971.7954555,232.30392122268677,-0.009423565864562989,0
1595800971.8054607,234.10486364364624,-0.009423565864562989,0
1595800971.8154535,235.90357446670532,-0.009423565864562989,0
1595800971.8254588,237.7045168876648,-0.009423565864562989,0
1595800971.8354623,239.5051589012146,-0.009423565864562989,0
1595800971.8454678,241.3061442375183,-0.009423565864562989,0
1595800971.8554578,243.10434007644653,-0.009423565864562989,0
1595800971.8654583,244.90442419052124,-0.009423565864562989,0
1595800971.8754542,246.70369291305542,-0.009423565864562989,0
1595800971.8854566,248.50412034988403,-0.009423565864562989,0
1595800971.8954701,250.30656480789185,-0.009423565864562989,0
1595800971.905466,252.10583353042603,-0.009423565864562989,0
1595800971.9154618,253.90505933761597,-0.009423565864562989,0
1595800971.9254668,255.7059588432312,-0.009423565864562989,0
1595800971.935459,257.50454092025757,-0.009423565864562989,0
1595800971.9454546,259.3037667274475,-0.009423565864562989,0
1595800971.9554603,261.10479497909546,-0.009423565864562989,0
1595800971.9654655,262.90573740005493,-0.009423565864562989,0
1595800971.9754643,264.70552110671997,-0.009423565864562989,0
1595800971.985467,266.5059914588928,-0.009423565864562989,0
1595800971.9954555,268.3039298057556,-0.009423565864562989,0
1595800972.0054579,270.10435724258423,-0.009423565864562989,0
1595800972.0154614,271.90499925613403,-0.009423565864562989,0
1595800972.0254557,273.70396757125854,-0.009423565864562989,0
1595800972.0354557,275.5039658546448,-0.009423565864562989,0
1595800972.0454633,277.30533742904663,-0.009423565864562989,0
1595800972.0554607,279.10486364364624,-0.009423565864562989,0
1595800972.0654695,280.9064497947693,-0.009423565864562989,0
1595800972.0754645,282.7055468559265,-0.009423565864562989,0
1595800972.0854535,284.5035710334778,-0.009423565864562989,0
1595800972.0954616,286.3050284385681,-0.009423565864562989,0
1595800972.1054585,288.10446882247925,-0.009423565864562989,0
1595800972.1154644,289.90553998947144,-0.009423565864562989,0
1595800972.1254623,291.7051520347595,-0.009423565864562989,0
1595800972.135455,293.50381994247437,-0.009423565864562989,0
1595800972.1454697,295.30647897720337,-0.009423565864562989,0
1595800972.1554565,297.1041169166565,-0.009423565864562989,0
1595800972.165468,298.90617513656616,-0.009423565864562989,0
1595800972.175453,300.7034697532654,-0.009423565864562989,0
1595800972.1854656,302.50574254989624,-0.009423565864562989,0
1595800972.195455,304.303852558136,-0.009423565864562989,0
1595800972.2054584,306.10445165634155,-0.009423565864562989,0
1595800972.2154567,307.9041495323181,-0.009423565864562989,0
1595800972.2254663,309.7058644294739,-0.009423565864562989,0
1595800972.2354662,311.5058627128601,-0.009423565864562989,0
1595800972.245466,313.3058180809021,-0.009423565864562989,0
1595800972.2554543,315.10371351242065,-0.009423565864562989,0
1595800972.2654529,316.90345430374146,-0.009423565864562989,0
1595800972.275461,318.7049117088318,-0.009423565864562989,0
1595800972.285456,320.504008769989,-0.009423565864562989,0
1595800972.2954617,322.30503702163696,-0.009423565864562989,0
1595800972.3054643,324.1055073738098,-0.009423565864562989,0
1595800972.3154662,325.90584897994995,-0.009423565864562989,0
1595800972.3254569,327.7041735649109,-0.009423565864562989,0
1595800972.3354688,329.50631761550903,-0.009423565864562989,0
1595800972.3454564,331.3040843009949,-0.009423565864562989,0
1595800972.3554547,333.10378217697144,-0.009423565864562989,0
1595800972.3654697,334.9064841270447,-0.009423565864562989,0
1595800972.3754537,336.70360708236694,-0.009423565864562989,0
1595800972.3854709,338.50669527053833,-0.009423565864562989,0
1595800972.395469,340.30635023117065,-0.009423565864562989,0
1595800972.4054663,342.10587644577026,-0.009423565864562989,0
1595800972.4154642,343.90548849105835,-0.009423565864562989,0
1595800972.4254656,345.70574426651,-0.009423565864562989,0
1595800972.4354606,347.50484132766724,-0.009423565864562989,0
1595800972.44546,349.304753780365,-0.009423565864562989,0
1595800972.4554586,351.1044945716858,-0.009423565864562989,0
1595800972.465455,352.90384912490845,-0.009423565864562989,0
1595800972.4754686,354.70629358291626,-0.009423565864562989,0
1595800972.4854536,356.5035881996155,-0.009423565864562989,0
1595800972.4954684,358.3062472343445,-0.009423565864562989,0
1595800972.5048885,360,-0.009423565864562989,1
1595800972.5048885,0,0,0
1595800972.5085309,0.6556177139282227,0,0
1595800972.5085309,0.06556177139282222,-0.0032780885696411135,0
1595800972.5148897,1.2101569175720213,-0.0032780885696411135,0
1595800972.52489,3.0101981163024902,-0.0032780885696411135,0
1595800972.5349047,4.812857151031494,-0.0032780885696411135,0
1595800972.544904,6.612726688385011,-0.0032780885696411135,0
1595800972.5548944,8.411008358001709,-0.0032780885696411135,0
1595800972.5648952,10.211135387420654,-0.0032780885696411135,0
1595800972.5748887,12.009974956512451,-0.0032780885696411135,0
1595800972.5848992,13.811861515045166,-0.0032780885696411135,0
1595800972.594891,15.610400676727295,-0.0032780885696411135,0
1595800972.6048887,17.409969806671143,-0.0032780885696411135,0
1595800972.614906,19.213100910186768,-0.0032780885696411135,0
1595800972.6248996,21.011940479278564,-0.0032780885696411135,0
1595800972.6349068,22.81322622299194,-0.0032780885696411135,0
1595800972.6449046,24.612838268280026,-0.0032780885696411135,0
1595800972.6548908,26.410347461700436,-0.0032780885696411135,0
1595800972.6648955,28.211204051971432,-0.0032780885696411135,0
1595800972.6748884,30.009914875030514,-0.0032780885696411135,0
1595800972.6848946,31.81102895736694,-0.0032780885696411135,0
1595800972.6948972,33.611499309539795,-0.0032780885696411135,0
1595800972.704907,35.413257122039795,-0.0032780885696411135,0
1595800972.7148933,37.21080923080444,-0.0032780885696411135,0
1595800972.724896,39.011279582977295,-0.0032780885696411135,0
1595800972.73489,40.81020498275757,-0.0032780885696411135,0
1595800972.7448893,42.610074520111084,-0.0032780885696411135,0
1595800972.7549007,44.41213274002075,-0.0032780885696411135,0
1595800972.7649055,46.21298933029175,-0.0032780885696411135,0
1595800972.7748888,48.0099835395813,-0.0032780885696411135,0
1595800972.7849047,49.812857151031494,-0.0032780885696411135,0
1595800972.7948952,51.61113882064819,-0.0032780885696411135,0
1595800972.8049011,53.41220998764038,-0.0032780885696411135,0
1595800972.8148923,55.210620403289795,-0.0032780885696411135,0
1595800972.8249018,57.01233530044556,-0.0032780885696411135,0
1595800972.8348956,58.81121778488159,-0.0032780885696411135,0
1595800972.84489,60.61022901535034,-0.0032780885696411135,0
1595800972.8548942,62.41095685958862,-0.0032780885696411135,0
1595800972.8648934,64.21082639694214,-0.0032780885696411135,0
1595800972.8749013,66.01224088668823,-0.0032780885696411135,0
1595800972.8848915,67.8104796409607,-0.0032780885696411135,0
1595800972.8948894,69.61009168624878,-0.0032780885696411135,0
1595800972.9048915,71.41047620773315,-0.0032780885696411135,0
1595800972.9148989,73.21180486679077,-0.0032780885696411135,0
1595800972.9249034,75.01261854171753,-0.0032780885696411135,0
1595800972.9349031,76.81257390975952,-0.0032780885696411135,0
1595800972.9448953,78.61115598678589,-0.0032780885696411135,0
1595800972.9548883,80.40990972518921,-0.0032780885696411135,0
1595800972.9648924,82.21063756942749,-0.0032780885696411135,0
1595800972.9749017,84.01230955123901,-0.0032780885696411135,0
1595800972.9849064,85.81316614151001,-0.0032780885696411135,0
1595800972.9948938,87.61088991165161,-0.0032780885696411135,0
1595800973.0048902,89.41024446487427,-0.0032780885696411135,0
1595800973.014897,91.21148729324342,-0.0032780885696411135,0
1595800973.0249035,93.01264429092409,-0.0032780885696411135,0
1595800973.034902,94.81238508224489,-0.0032780885696411135,0
1595800973.044904,96.61272668838502,-0.0032780885696411135,0
1595800973.0549002,98.41203832626344,-0.0032780885696411135,0
1595800973.064892,100.21057748794557,-0.0032780885696411135,0
1595800973.0749037,102.01267862319948,-0.0032780885696411135,0
1595800973.0848904,103.81027364730836,-0.0032780885696411135,0
1595800973.0949004,105.6120743751526,-0.0032780885696411135,0
1595800973.1048896,107.41014146804811,-0.0032780885696411135,0
1595800973.1148984,109.21172761917116,-0.0032780885696411135,0
1595800973.1249046,111.01284170150758,-0.0032780885696411135,0
1595800973.134902,112.81236791610719,-0.0032780885696411135,0
1595800973.1448894,114.6100916862488,-0.0032780885696411135,0
1595800973.1548984,116.41172075271608,-0.0032780885696411135,0
1595800973.1648998,118.21197652816774,-0.0032780885696411135,0
1595800973.1749024,120.01244688034059,-0.0032780885696411135,0
1595800973.184895,121.81111478805543,-0.0032780885696411135,0
1595800973.1949034,123.61261510849,-0.0032780885696411135,0
1595800973.2048979,125.41162633895875,-0.0032780885696411135,0
1595800973.2148895,127.21012258529665,-0.0032780885696411135,0
1595800973.2249062,129.01312494277954,-0.0032780885696411135,0
1595800973.2348926,130.8106770515442,-0.0032780885696411135,0
1595800973.2448997,132.61196279525757,-0.0032780885696411135,0
1595800973.2549045,134.41281938552856,-0.0032780885696411135,0
1595800973.2648904,136.21028566360474,-0.0032780885696411135,0
1595800973.274906,138.01307344436646,-0.0032780885696411135,0
1595800973.2849011,139.81221342086792,-0.0032780885696411135,0
1595800973.2949054,141.61298418045044,-0.0032780885696411135,0
1595800973.304895,143.41109418869019,-0.0032780885696411135,0
1595800973.314888,145.2098479270935,-0.0032780885696411135,0
1595800973.3248994,147.01190614700317,-0.0032780885696411135,0
1595800973.3348942,148.81096029281616,-0.0032780885696411135,0
1595800973.3448992,150.6118597984314,-0.0032780885696411135,0
1595800973.3548973,152.41151475906372,-0.0032780885696411135,0
1595800973.3648992,154.21185636520386,-0.0032780885696411135,0
1595800973.374903,156.0125412940979,-0.0032780885696411135,0
1595800973.3848941,157.81095170974731,-0.0032780885696411135,0
1595800973.3948946,159.61103582382202,-0.0032780885696411135,0
1595800973.404892,161.41056203842163,-0.0032780885696411135,0
1595800973.4149024,163.21244859695435,-0.0032780885696411135,0
1595800973.4249027,165.01248979568481,-0.0032780885696411135,0
1595800973.4349043,166.8127884864807,-0.0032780885696411135,0
1595800973.4448998,168.61197137832642,-0.0032780885696411135,0
1595800973.4549038,170.4126992225647,-0.0032780885696411135,0
1595800973.4649045,172.21282625198364,-0.0032780885696411135,0
1595800973.4748926,174.01067876815796,-0.0032780885696411135,0
1595800973.4848878,175.80981874465942,-0.0032780885696411135,0
1595800973.4948888,177.6099886894226,-0.0032780885696411135,0
1595800973.5048888,179.40998697280884,-0.0032780885696411135,0
1595800973.5149026,181.2124743461609,-0.0032780885696411135,0
1595800973.5249028,183.01251554489136,-0.0032780885696411135,0
1595800973.5348892,184.810067653656,-0.0032780885696411135,0
1595800973.5448978,186.61161088943481,-0.0032780885696411135,0
1595800973.5548902,188.41023588180542,-0.0032780885696411135,0
1595800973.5649035,190.212637424469,-0.0032780885696411135,0
1595800973.5749052,192.0129361152649,-0.0032780885696411135,0
1595800973.5849009,193.81216192245483,-0.0032780885696411135,0
1595800973.594892,195.61057233810425,-0.0032780885696411135,0
1595800973.604898,197.41164350509644,-0.0032780885696411135,0
1595800973.6149023,199.21241426467896,-0.0032780885696411135,0
1595800973.624897,201.01146841049194,-0.0032780885696411135,0
1595800973.6348977,202.8115954399109,-0.0032780885696411135,0
1595800973.6449027,204.61249494552612,-0.0032780885696411135,0
1595800973.6549063,206.41313695907593,-0.0032780885696411135,0
1595800973.6649058,208.21304941177368,-0.0032780885696411135,0
1595800973.674902,210.0123610496521,-0.0032780885696411135,0
1595800973.6848881,211.8098702430725,-0.0032780885696411135,0
1595800973.6948996,213.61192846298218,-0.0032780885696411135,0
1595800973.7048972,215.41149759292603,-0.0032780885696411135,0
1595800973.7149036,217.2126545906067,-0.0032780885696411135,0
1595800973.7248895,219.01012086868286,-0.0032780885696411135,0
1595800973.734894,220.81093454360962,-0.0032780885696411135,0
1595800973.7449057,222.61303567886353,-0.0032780885696411135,0
1595800973.7548952,224.41114568710327,-0.0032780885696411135,0
1595800973.764898,226.21165895462036,-0.0032780885696411135,0
1595800973.7748966,228.01139974594116,-0.0032780885696411135,0
1595800973.7848938,229.81088304519653,-0.0032780885696411135,0
1595800973.7949,231.61199712753296,-0.0032780885696411135,0
1595800973.8048873,233.40972089767456,-0.0032780885696411135,0
1595800973.8149002,235.21203660964966,-0.0032780885696411135,0
1595800973.8248987,237.01177740097046,-0.0032780885696411135,0
1595800973.8348897,238.81014490127563,-0.0032780885696411135,0
1595800973.844905,240.61288976669312,-0.0032780885696411135,0
1595800973.8549008,242.4121584892273,-0.0032780885696411135,0
1595800973.8648884,244.20992517471313,-0.0032780885696411135,0
1595800973.8748994,246.01189756393433,-0.0032780885696411135,0
1595800973.8848996,247.8119387626648,-0.0032780885696411135,0
1595800973.8948908,249.6103491783142,-0.0032780885696411135,0
1595800973.9049037,251.4126648902893,-0.0032780885696411135,0
1595800973.9148881,253.20987367630005,-0.0032780885696411135,0
1595800973.9248888,255.010000705719,-0.0032780885696411135,0
1595800973.934893,256.8107285499573,-0.0032780885696411135,0
1595800973.944891,258.6103835105896,-0.0032780885696411135,0
1595800973.9548926,260.4106822013855,-0.0032780885696411135,0
1595800973.964899,262.21183919906616,-0.0032780885696411135,0
1595800973.9748998,264.0119662284851,-0.0032780885696411135,0
1595800973.9848902,265.8102478981018,-0.0032780885696411135,0
1595800973.9948943,267.6109757423401,-0.0032780885696411135,0
1595800974.0048907,269.41033029556274,-0.0032780885696411135,0
1595800974.0148902,271.2102427482605,-0.0032780885696411135,0
1595800974.024905,273.0129017829895,-0.0032780885696411135,0
1595800974.0349007,274.81212759017944,-0.0032780885696411135,0
1595800974.0448978,276.6116108894348,-0.0032780885696411135,0
1595800974.0548902,278.4102358818054,-0.0032780885696411135,0
1595800974.0649054,280.2129807472229,-0.0032780885696411135,0
1595800974.074895,282.01109075546265,-0.0032780885696411135,0
1595800974.0848925,283.8106598854065,-0.0032780885696411135,0
1595800974.0948997,285.6119456291199,-0.0032780885696411135,0
1595800974.10489,287.4102272987366,-0.0032780885696411135,0
1595800974.1149049,289.2128863334656,-0.0032780885696411135,0
1595800974.1248965,291.01138257980347,-0.0032780885696411135,0
1595800974.1348877,292.8097929954529,-0.0032780885696411135,0
1595800974.144887,294.6096625328064,-0.0032780885696411135,0
1595800974.154894,296.4109482765198,-0.0032780885696411135,0
1595800974.1649034,298.2126202583313,-0.0032780885696411135,0
1595800974.1748993,300.0118889808655,-0.0032780885696411135,0
1595800974.1848898,301.8101706504822,-0.0032780885696411135,0
1595800974.1948986,303.6117568016052,-0.0032780885696411135,0
1595800974.204897,305.4114546775818,-0.0032780885696411135,0
1595800974.2148914,307.21046590805054,-0.0032780885696411135,0
1595800974.2248995,309.01192331314087,-0.0032780885696411135,0
1595800974.2348912,310.81041955947876,-0.0032780885696411135,0
1595800974.2448905,312.6102890968323,-0.0032780885696411135,0
1595800974.2548988,314.41178941726685,-0.0032780885696411135,0
1595800974.2648976,316.2115731239319,-0.0032780885696411135,0
1595800974.2748928,318.01071310043335,-0.0032780885696411135,0
1595800974.284893,319.8107542991638,-0.0032780885696411135,0
1595800974.294887,321.6096796989441,-0.0032780885696411135,0
1595800974.304891,323.4104075431824,-0.0032780885696411135,0
1595800974.3148909,325.21036291122437,-0.0032780885696411135,0
1595800974.3248982,327.011691570282,-0.0032780885696411135,0
1595800974.3348963,328.8113465309143,-0.0032780885696411135,0
1595800974.3448942,330.6109585762024,-0.0032780885696411135,0
1595800974.3549008,332.4121584892273,-0.0032780885696411135,0
1595800974.3648908,334.2103543281555,-0.0032780885696411135,0
1595800974.3748922,336.0106101036072,-0.0032780885696411135,0
1595800974.3849,337.81202459335327,-0.0032780885696411135,0
1595800974.3949,339.6120228767395,-0.0032780885696411135,0
1595800974.4048896,341.41013288497925,-0.0032780885696411135,0
1595800974.4148943,343.21098947525024,-0.0032780885696411135,0
1595800974.4249003,345.01206064224243,-0.0032780885696411135,0
1595800974.4348905,346.8102993965149,-0.0032780885696411135,0
1595800974.4448924,348.61064100265503,-0.0032780885696411135,0
1595800974.4548974,350.41154050827026,-0.0032780885696411135,0
1595800974.4648979,352.21162462234497,-0.0032780885696411135,0
1595800974.4749002,354.0120520591736,-0.0032780885696411135,0
1595800974.4848928,355.8107199668884,-0.0032780885696411135,0
1595800974.4949007,357.6121344566345,-0.0032780885696411135,0
1595800974.5048914,359.41045904159546,-0.0032780885696411135,0
1595800974.5081747,360,-0.0032780885696411135,1
1595800974.5081747,0,0,0
1595800974.518192,1.803131103515625,0,0
1595800974.5186555,1.8865585327148438,0,0
1595800974.5186555,0.18865585327148438,-0.009432792663574219,0
1595800974.5281773,1.9025659561157227,-0.009432792663574219,0
1595800974.53819,3.704838752746582,-0.009432792663574219,0
1595800974.5481791,5.50290584564209,-0.009432792663574219,0
1595800974.5581858,7.304105758666992,-0.009432792663574219,0
1595800974.5681825,9.103503227233887,-0.009432792663574219,0
1595800974.5781817,10.903372764587402,-0.009432792663574219,0
1595800974.5881858,12.704100608825684,-0.009432792663574219,0
1595800974.598176,14.502339363098145,-0.009432792663574219,0
1595800974.6081827,16.303539276123047,-0.009432792663574219,0
1595800974.6181874,18.104395866394043,-0.009432792663574219,0
1595800974.6281834,19.903664588928223,-0.009432792663574219,0
1595800974.6381793,21.702933311462402,-0.009432792663574219,0
1595800974.6481767,23.50245952606201,-0.009432792663574219,0
1595800974.6581814,25.303316116333008,-0.009432792663574219,0
1595800974.6681864,27.104215621948242,-0.009432792663574219,0
1595800974.6781764,28.902411460876465,-0.009432792663574219,0
1595800974.6881795,30.702967643737793,-0.009432792663574219,0
1595800974.698175,32.502150535583496,-0.009432792663574219,0
1595800974.708183,34.30360794067383,-0.009432792663574219,0
1595800974.7181823,36.103477478027344,-0.009432792663574219,0
1595800974.7281864,37.904205322265625,-0.009432792663574219,0
1595800974.7381823,39.703474044799805,-0.009432792663574219,0
1595800974.7481916,41.50514602661133,-0.009432792663574219,0
1595800974.7581758,43.30231189727783,-0.009432792663574219,0
1595800974.7681851,45.103983879089355,-0.009432792663574219,0
1595800974.7781796,46.902995109558105,-0.009432792663574219,0
1595800974.7881918,48.70518207550049,-0.009432792663574219,0
1595800974.7981808,50.50320625305176,-0.009432792663574219,0
1595800974.808177,52.302517890930176,-0.009432792663574219,0
1595800974.8181791,54.10290241241455,-0.009432792663574219,0
1595800974.8281772,55.902557373046875,-0.009432792663574219,0
1595800974.8381846,57.70388603210449,-0.009432792663574219,0
1595800974.848191,59.505043029785156,-0.009432792663574219,0
1595800974.8581877,61.30444049835205,-0.009432792663574219,0
1595800974.86819,63.104867935180664,-0.009432792663574219,0
1595800974.8781745,64.9020767211914,-0.009432792663574219,0
1595800974.8881817,66.70336246490479,-0.009432792663574219,0
1595800974.898182,68.50340366363525,-0.009432792663574219,0
1595800974.908186,70.30413150787354,-0.009432792663574219,0
1595800974.9181879,72.10447311401367,-0.009432792663574219,0
1595800974.9281764,73.90241146087646,-0.009432792663574219,0
1595800974.9381838,75.70374011993408,-0.009432792663574219,0
1595800974.9481864,77.50421047210693,-0.009432792663574219,0
1595800974.9581892,79.30472373962402,-0.009432792663574219,0
1595800974.9681761,81.10236167907715,-0.009432792663574219,0
1595800974.9781818,82.9033899307251,-0.009432792663574219,0
1595800974.98818,84.70304489135742,-0.009432792663574219,0
1595800974.9981768,86.50248527526855,-0.009432792663574219,0
1595800975.0081894,88.30475807189941,-0.009432792663574219,0
1595800975.0181885,90.10458469390869,-0.009432792663574219,0
1595800975.0281894,91.90475463867188,-0.009432792663574219,0
1595800975.038186,93.70415210723877,-0.009432792663574219,0
1595800975.0481756,95.50226211547852,-0.009432792663574219,0
1595800975.0581815,97.3033332824707,-0.009432792663574219,0
1595800975.068188,99.10449028015137,-0.009432792663574219,0
1595800975.0781796,100.90298652648926,-0.009432792663574219,0
1595800975.0881915,102.7051305770874,-0.009432792663574219,0
1595800975.0981896,104.50478553771973,-0.009432792663574219,0
1595800975.108186,106.30414009094238,-0.009432792663574219,0
1595800975.1181874,108.10439586639404,-0.009432792663574219,0
1595800975.1281877,109.90443706512451,-0.009432792663574219,0
1595800975.1381927,111.70533657073975,-0.009432792663574219,0
1595800975.148176,113.5023307800293,-0.009432792663574219,0
1595800975.1581833,115.30365943908691,-0.009432792663574219,0
1595800975.1681783,117.10275650024414,-0.009432792663574219,0
1595800975.1781752,118.90219688415527,-0.009432792663574219,0
1595800975.1881804,120.70313930511475,-0.009432792663574219,0
1595800975.1981888,122.50463962554932,-0.009432792663574219,0
1595800975.208177,124.30253505706787,-0.009432792663574219,0
1595800975.2181919,126.10519409179688,-0.009432792663574219,0
1595800975.2281868,127.9042911529541,-0.009432792663574219,0
1595800975.2381885,129.70458984375,-0.009432792663574219,0
1595800975.2481909,131.5050172805786,-0.009432792663574219,0
1595800975.2581792,133.30291271209717,-0.009432792663574219,0
1595800975.2681754,135.1022243499756,-0.009432792663574219,0
1595800975.278181,136.90325260162354,-0.009432792663574219,0
1595800975.288181,138.70325088500977,-0.009432792663574219,0
1595800975.2981813,140.50329208374023,-0.009432792663574219,0
1595800975.3081746,142.3020887374878,-0.009432792663574219,0
1595800975.3181858,144.10410404205322,-0.009432792663574219,0
1595800975.3281884,145.90457439422607,-0.009432792663574219,0
1595800975.3381875,147.70440101623535,-0.009432792663574219,0
1595800975.3481772,149.50255393981934,-0.009432792663574219,0
1595800975.3581903,151.30491256713867,-0.009432792663574219,0
1595800975.3681762,153.10237884521484,-0.009432792663574219,0
1595800975.3781903,154.90490913391113,-0.009432792663574219,0
1595800975.3881826,156.70353412628174,-0.009432792663574219,0
1595800975.3981752,158.50220203399658,-0.009432792663574219,0
1595800975.4081805,160.30314445495605,-0.009432792663574219,0
1595800975.4181824,162.1034860610962,-0.009432792663574219,0
1595800975.4281824,163.90348434448242,-0.009432792663574219,0
1595800975.4381921,165.70524215698242,-0.009432792663574219,0
1595800975.4481738,167.5019359588623,-0.009432792663574219,0
1595800975.458179,169.30287837982178,-0.009432792663574219,0
1595800975.4681826,171.10352039337158,-0.009432792663574219,0
1595800975.478188,172.9045057296753,-0.009432792663574219,0
1595800975.4881797,174.70300197601318,-0.009432792663574219,0
1595800975.4981778,176.5026569366455,-0.009432792663574219,0
1595800975.5081742,178.30201148986816,-0.009432792663574219,0
1595800975.5181744,180.10205268859863,-0.009432792663574219,0
1595800975.5281892,181.90471172332764,-0.009432792663574219,0
