Type = DelayAdvance,Function = Wang Sync Simple,Refract = 0,Coupling Strength = 0.3,Start_phase = 80
Timestamp,Phase,Offset,Ping?
1595800839.0000317,80,0,0
1595800839.0100513,81.80240154266357,0.4444444444444444,0
1595800839.0200381,83.6000394821167,0.4444444444444444,0
1595800839.0300484,85.40188312530518,0.4444444444444444,0
1595800839.0400488,87.20196723937988,0.4444444444444444,0
1595800839.050056,89.00325298309326,0.4444444444444444,0
1595800839.060051,90.80235004425049,0.4444444444444444,0
1595800839.0700502,92.602219581604,0.4444444444444444,0
1595800839.0800538,94.40286159515381,0.4444444444444444,0
1595800839.09004,96.20037078857422,0.4444444444444444,0
1595800839.100055,98.00307273864746,0.4444444444444444,0
1595800839.1100426,99.8008394241333,0.4444444444444444,0
1595800839.1200395,101.60027980804443,0.4444444444444444,0
1595800839.1300418,103.40070724487305,0.4444444444444444,0
1595800839.1400397,105.20031929016113,0.4444444444444444,0
1595800839.1500406,107.00048923492432,0.4444444444444444,0
1595800839.160049,108.80198955535889,0.4444444444444444,0
1595800839.1700468,110.60160160064697,0.4444444444444444,0
1595800839.1800551,112.40310192108154,0.4444444444444444,0
1595800839.1900384,114.2000961303711,0.4444444444444444,0
1595800839.2000551,116.003098487854,0.4444444444444444,0
1595800839.2100415,117.80065059661865,0.4444444444444444,0
1595800839.220041,119.6005630493164,0.4444444444444444,0
1595800839.2300565,121.40335083007812,0.4444444444444444,0
1595800839.2400522,123.20257663726807,0.4444444444444444,0
1595800839.2500548,125.00304698944092,0.4444444444444444,0
1595800839.2600453,126.80132865905762,0.4444444444444444,0
1595800839.2700534,128.60278606414795,0.4444444444444444,0
1595800839.2800467,130.4015827178955,0.4444444444444444,0
1595800839.290044,132.20110893249512,0.4444444444444444,0
1595800839.3000505,134.00226593017578,0.4444444444444444,0
1595800839.310052,135.80252170562744,0.4444444444444444,0
1595800839.3200488,137.60196208953857,0.4444444444444444,0
1595800839.3300486,139.40191745758057,0.4444444444444444,0
1595800839.3400424,141.2007999420166,0.4444444444444444,0
1595800839.3500383,143.00006866455078,0.4444444444444444,0
1595800839.3600385,144.80010986328125,0.4444444444444444,0
1595800839.3700397,146.60032272338867,0.4444444444444444,0
1595800839.3800406,148.40049266815186,0.4444444444444444,0
1595800839.3900523,150.20259380340576,0.4444444444444444,0
1595800839.4000509,152.00233459472656,0.4444444444444444,0
1595800839.4100556,153.80319118499756,0.4444444444444444,0
1595800839.4200506,155.60228824615479,0.4444444444444444,0
1595800839.4300535,157.40280151367188,0.4444444444444444,0
1595800839.4400413,159.20061111450195,0.4444444444444444,0
1595800839.4500468,161.00159645080566,0.4444444444444444,0
1595800839.4600441,162.80112266540527,0.4444444444444444,0
1595800839.4700394,164.60026264190674,0.4444444444444444,0
1595800839.4800525,166.40262126922607,0.4444444444444444,0
1595800839.4900556,168.2031774520874,0.4444444444444444,0
1595800839.5000556,170.00317573547363,0.4444444444444444,0
1595800839.5100443,171.80115699768066,0.4444444444444444,0
1595800839.5200377,173.59995365142822,0.4444444444444444,0
1595800839.5300565,175.40334224700928,0.4444444444444444,0
1595800839.540052,177.20252513885498,0.4444444444444444,0
1595800839.5500393,179.00024890899658,0.4444444444444444,0
1595800839.5600488,180.80196380615234,0.4444444444444444,0
1595800839.57005,182.60217666625977,0.4444444444444444,0
1595800839.580045,184.401273727417,0.4444444444444444,0
1595800839.5900536,186.2028169631958,0.4444444444444444,0
1595800839.600051,188.0023431777954,0.4444444444444444,0
1595800839.6100528,189.80268478393555,0.4444444444444444,0
1595800839.620038,191.600022315979,0.4444444444444444,0
1595800839.6300495,193.40208053588867,0.4444444444444444,0
1595800839.640039,195.20019054412842,0.4444444444444444,0
1595800839.6500428,197.00087547302246,0.4444444444444444,0
1595800839.660051,198.80237579345703,0.4444444444444444,0
1595800839.6700432,200.6009578704834,0.4444444444444444,0
1595800839.6800451,202.40129947662354,0.4444444444444444,0
1595800839.6900413,204.20061111450195,0.4444444444444444,0
1595800839.700043,206.00090980529785,0.4444444444444444,0
1595800839.7100425,207.8008222579956,0.4444444444444444,0
1595800839.7200544,209.60296630859375,0.4444444444444444,0
1595800839.7300556,211.40317916870117,0.4444444444444444,0
1595800839.7400556,213.2031774520874,0.4444444444444444,0
1595800839.7500396,215.00030040740967,0.4444444444444444,0
1595800839.7600498,216.80214405059814,0.4444444444444444,0
1595800839.770052,218.60252857208252,0.4444444444444444,0
1595800839.7800446,220.40119647979736,0.4444444444444444,0
1595800839.790039,222.2002077102661,0.4444444444444444,0
1595800839.8000512,224.0023946762085,0.4444444444444444,0
1595800839.8100417,225.8006763458252,0.4444444444444444,0
1595800839.8200507,227.60230541229248,0.4444444444444444,0
1595800839.8300483,229.40187454223633,0.4444444444444444,0
1595800839.8400548,231.203031539917,0.4444444444444444,0
1595800839.8500428,233.0008840560913,0.4444444444444444,0
1595800839.8600533,234.80277061462402,0.4444444444444444,0
1595800839.8700495,236.60208225250244,0.4444444444444444,0
1595800839.8800502,238.4022092819214,0.4444444444444444,0
1595800839.8900552,240.20310878753662,0.4444444444444444,0
1595800839.900051,242.0023775100708,0.4444444444444444,0
1595800839.9100552,243.80310535430908,0.4444444444444444,0
1595800839.9200406,245.60048580169678,0.4444444444444444,0
1595800839.9300475,247.40172863006592,0.4444444444444444,0
1595800839.9400558,249.2032289505005,0.4444444444444444,0
1595800839.9500506,251.00228309631348,0.4444444444444444,0
1595800839.9600391,252.80022144317627,0.4444444444444444,0
1595800839.970041,254.6005630493164,0.4444444444444444,0
1595800839.9800508,256.4023208618164,0.4444444444444444,0
1595800839.9900534,258.20279121398926,0.4444444444444444,0
1595800840.0000377,259.99995708465576,0.4444444444444444,0
1595800840.010054,261.80291652679443,0.4444444444444444,0
1595800840.02004,263.6003828048706,0.4444444444444444,0
1595800840.0300436,265.4010248184204,0.4444444444444444,0
1595800840.0400546,267.2029972076416,0.4444444444444444,0
1595800840.0500517,269.002480506897,0.4444444444444444,0
1595800840.0600417,270.8006763458252,0.4444444444444444,0
1595800840.0700552,272.603120803833,0.4444444444444444,0
1595800840.0800378,274.39998626708984,0.4444444444444444,0
1595800840.0900462,276.2014865875244,0.4444444444444444,0
1595800840.100051,278.0023431777954,0.4444444444444444,0
1595800840.110049,279.80199813842773,0.4444444444444444,0
1595800840.1200457,281.60139560699463,0.4444444444444444,0
1595800840.1300533,283.4027671813965,0.4444444444444444,0
1595800840.1400542,285.20293712615967,0.4444444444444444,0
1595800840.1500368,286.9998025894165,0.4444444444444444,0
1595800840.160047,288.801646232605,0.4444444444444444,0
1595800840.170051,290.60237407684326,0.4444444444444444,0
1595800840.1800466,292.40155696868896,0.4444444444444444,0
1595800840.1900392,294.2002248764038,0.4444444444444444,0
1595800840.2000384,296.0000944137573,0.4444444444444444,0
1595800840.2100546,297.80301094055176,0.4444444444444444,0
1595800840.2200425,299.60082054138184,0.4444444444444444,0
1595800840.2300403,301.4004325866699,0.4444444444444444,0
1595800840.2400527,303.20266246795654,0.4444444444444444,0
1595800840.2500534,305.0027894973755,0.4444444444444444,0
1595800840.2600417,306.80068492889404,0.4444444444444444,0
1595800840.2700388,308.6001682281494,0.4444444444444444,0
1595800840.2800546,310.40299892425537,0.4444444444444444,0
1595800840.2900474,312.20170974731445,0.4444444444444444,0
1595800840.3000367,313.99977684020996,0.4444444444444444,0
1595800840.3100402,315.80041885375977,0.4444444444444444,0
1595800840.3200378,317.5999879837036,0.4444444444444444,0
1595800840.330048,319.4018316268921,0.4444444444444444,0
1595800840.34004,321.2003707885742,0.4444444444444444,0
1595800840.3500412,323.00058364868164,0.4444444444444444,0
1595800840.360037,324.7998523712158,0.4444444444444444,0
1595800840.3700454,326.6013526916504,0.4444444444444444,0
1595800840.3800478,328.401780128479,0.4444444444444444,0
1595800840.3900423,330.20079135894775,0.4444444444444444,0
1595800840.4000514,332.00242042541504,0.4444444444444444,0
1595800840.4100542,333.80293369293213,0.4444444444444444,0
1595800840.4200485,335.60190200805664,0.4444444444444444,0
1595800840.4300423,337.4007844924927,0.4444444444444444,0
1595800840.4400501,339.20219898223877,0.4444444444444444,0
1595800840.450043,341.00090980529785,0.4444444444444444,0
1595800840.456949,342.2439956665039,0.4444444444444444,0
1595800840.456949,347.57079696655273,0.4740377850002713,0
1595800840.4600494,348.12886810302734,0.4740377850002713,0
1595800840.4700549,349.92985343933105,0.4740377850002713,0
1595800840.4800415,351.72744846343994,0.4740377850002713,0
1595800840.4900408,353.52731800079346,0.4740377850002713,0
1595800840.5000474,355.32851791381836,0.4740377850002713,0
1595800840.51005,357.1289882659912,0.4740377850002713,0
1595800840.5200384,358.92688369750977,0.4740377850002713,0
1595800840.5260124,360,0.4740377850002713,1
1595800840.5260124,0,0,0
1595800840.536022,1.8017148971557617,0,0
1595800840.5460272,3.6026573181152344,0,0
1595800840.5560288,5.402956008911133,0,0
1595800840.5660312,7.203383445739746,0,0
1595800840.5760293,9.00303840637207,0,0
1595800840.5860164,10.800719261169434,0,0
1595800840.5960193,12.601232528686523,0,0
1595800840.6060162,14.400672912597656,0,0
1595800840.6160235,16.202001571655273,0,0
1595800840.6260166,18.000755310058594,0,0
1595800840.6360247,19.802212715148926,0,0
1595800840.646022,21.601738929748535,0,0
1595800840.65602,23.40135097503662,0,0
1595800840.6660135,25.200190544128418,0,0
1595800840.6760197,27.001304626464844,0,0
1595800840.6860232,28.80194664001465,0,0
1595800840.6960208,30.601515769958496,0,0
1595800840.7060144,32.40035533905029,0,0
1595800840.7160122,34.19996738433838,0,0
1595800840.726018,36.00099563598633,0,0
1595800840.7360215,37.80163764953613,0,0
1595800840.7460132,39.60013389587402,0,0
1595800840.7560253,41.402320861816406,0,0
1595800840.766027,43.202619552612305,0,0
1595800840.7760189,45.001158714294434,0,0
1595800840.786013,46.80008411407471,0,0
1595800840.7960236,48.60201358795166,0,0
1595800840.806017,50.40081024169922,0,0
1595800840.816013,52.20012187957764,0,0
1595800840.8260264,54.00252342224121,0,0
1595800840.8360121,55.799946784973145,0,0
1595800840.8460138,57.60024547576904,0,0
1595800840.8560266,59.40256118774414,0,0
1595800840.8660195,61.20127201080322,0,0
1595800840.8760204,63.001441955566406,0,0
1595800840.8860164,64.80071067810059,0,0
1595800840.8960154,66.60053730010986,0,0
1595800840.906022,68.40173721313477,0,0
1595800840.9160144,70.20036220550537,0,0
1595800840.9260287,72.0029354095459,0,0
1595800840.9360127,73.80005836486816,0,0
1595800840.9460166,75.6007432937622,0,0
1595800840.956022,77.40172863006592,0,0
1595800840.9660196,79.20129776000977,0,0
1595800840.9760258,81.00241184234619,0,0
1595800840.9860146,82.80039310455322,0,0
1595800840.9960191,84.60120677947998,0,0
1595800841.00603,86.40317916870117,0,0
1595800841.016029,88.20296287536621,0,0
1595800841.0260239,90.00205993652344,0,0
1595800841.036029,91.80300235748291,0,0
1595800841.0460186,93.60111236572266,0,0
1595800841.0560215,95.40162563323975,0,0
1595800841.0660186,97.20110893249512,0,0
1595800841.0760174,99.00089263916016,0,0
1595800841.0860271,100.80265045166016,0,0
1595800841.096016,102.60063171386719,0,0
1595800841.106021,104.40153121948242,0,0
1595800841.1160164,106.20071411132812,0,0
1595800841.1260219,108.00169944763184,0,0
1595800841.1360152,109.8004961013794,0,0
1595800841.1460176,111.60092353820801,0,0
1595800841.1560223,113.401780128479,0,0
1595800841.1660163,115.20070552825928,0,0
1595800841.1760147,117.00040340423584,0,0
1595800841.1860242,118.8021183013916,0,0
1595800841.1960187,120.60112953186035,0,0
1595800841.2060122,122.39996910095215,0,0
1595800841.2160268,124.20258522033691,0,0
1595800841.22603,126.00318431854248,0,0
1595800841.2360146,127.80039310455322,0,0
1595800841.246022,129.60172176361084,0,0
1595800841.256018,131.40099048614502,0,0
1595800841.2660127,133.200044631958,0,0
1595800841.2760236,135.0020170211792,0,0
1595800841.2860198,136.80132865905762,0,0
1595800841.2960286,138.60291481018066,0,0
1595800841.3060117,140.39986610412598,0,0
1595800841.3160288,142.20295429229736,0,0
1595800841.3260279,144.00278091430664,0,0
1595800841.3360202,145.80140590667725,0,0
1595800841.3460138,147.60024547576904,0,0
1595800841.3560202,149.4014024734497,0,0
1595800841.3660247,151.20221614837646,0,0
1595800841.376016,153.00062656402588,0,0
1595800841.386025,154.80225563049316,0,0
1595800841.3960204,156.60143852233887,0,0
1595800841.4060304,158.4032392501831,0,0
1595800841.4160266,160.20255088806152,0,0
1595800841.4260144,162.0003604888916,0,0
1595800841.4360151,163.80048751831055,0,0
1595800841.4460278,165.6027603149414,0,0
1595800841.4560173,167.40087032318115,0,0
1595800841.4660165,169.20073986053467,0,0
1595800841.4760268,171.00258350372314,0,0
1595800841.4860175,172.80090808868408,0,0
1595800841.4960213,174.60159301757812,0,0
1595800841.5060182,176.40103340148926,0,0
1595800841.516021,178.20154666900635,0,0
1595800841.5260267,180.0025749206543,0,0
1595800841.5360143,181.80034160614014,0,0
1595800841.546018,183.60098361968994,0,0
1595800841.5560284,185.40287017822266,0,0
1595800841.5660167,187.2007656097412,0,0
1595800841.576028,189.00282382965088,0,0
1595800841.5860262,190.8024787902832,0,0
1595800841.5960245,192.60217666625977,0,0
1595800841.6060212,194.40157413482666,0,0
1595800841.6160274,196.2026882171631,0,0
1595800841.6260254,198.0023431777954,0,0
1595800841.6360254,199.80234146118164,0,0
1595800841.64602,201.6013526916504,0,0
1595800841.6560266,203.4025526046753,0,0
1595800841.666015,205.20044803619385,0,0
1595800841.6760213,207.0016050338745,0,0
1595800841.6860254,208.8023328781128,0,0
1595800841.6960192,210.60121536254883,0,0
1595800841.7060134,212.40018367767334,0,0
1595800841.7160122,214.19996738433838,0,0
1595800841.7260225,216.00181102752686,0,0
1595800841.7360265,217.80253887176514,0,0
1595800841.7460117,219.5998764038086,0,0
1595800841.7560291,221.40300750732422,0,0
1595800841.7660239,223.2020616531372,0,0
1595800841.7760203,225.00141620635986,0,0
1595800841.786012,226.79991245269775,0,0
1595800841.7960134,228.6001682281494,0,0
1595800841.8060122,230.39995193481445,0,0
1595800841.8160172,232.2008514404297,0,0
1595800841.826012,233.99990558624268,0,0
1595800841.8360238,235.80204963684082,0,0
1595800841.8460164,237.60071754455566,0,0
1595800841.8560264,239.4025182723999,0,0
1595800841.8660142,241.20032787322998,0,0
1595800841.8760138,243.00024032592773,0,0
1595800841.886017,244.8008394241333,0,0
1595800841.896019,246.60118103027344,0,0
1595800841.9060283,248.40285301208496,0,0
1595800841.9160166,250.20074844360352,0,0
1595800841.9260173,252.00087547302246,0,0
1595800841.9360185,253.80108833312988,0,0
1595800841.9460137,255.60022830963135,0,0
1595800841.9560173,257.40087032318115,0,0
1595800841.9660256,259.2023706436157,0,0
1595800841.9760284,261.0028839111328,0,0
1595800841.9860172,262.80086517333984,0,0
1595800841.9960263,264.60249423980713,0,0
1595800842.0060232,266.40193462371826,0,0
1595800842.0160222,268.20176124572754,0,0
1595800842.026024,270.0021028518677,0,0
1595800842.036014,271.8002986907959,0,0
1595800842.046017,273.600811958313,0,0
1595800842.056028,275.4027843475342,0,0
1595800842.066026,277.2024393081665,0,0
1595800842.0760262,279.002480506897,0,0
1595800842.0860155,280.8005475997925,0,0
1595800842.0960212,282.60157585144043,0,0
1595800842.1060274,284.40268993377686,0,0
1595800842.1160135,286.20019912719727,0,0
1595800842.1260123,287.9999828338623,0,0
1595800842.1360254,289.80234146118164,0,0
1595800842.146022,291.60173892974854,0,0
1595800842.1560187,293.40113639831543,0,0
1595800842.1660187,295.20113468170166,0,0
1595800842.176012,296.9999313354492,0,0
1595800842.186028,298.8028049468994,0,0
1595800842.196015,300.60044288635254,0,0
1595800842.206018,302.40099906921387,0,0
1595800842.2160294,304.20305728912354,0,0
1595800842.2260187,306.00112438201904,0,0
1595800842.2360275,307.8027105331421,0,0
1595800842.2460208,309.60150718688965,0,0
1595800842.2560108,311.39970302581787,0,0
1595800842.2660258,313.2024049758911,0,0
1595800842.2760148,315.0004291534424,0,0
1595800842.286029,316.8030023574829,0,0
1595800842.2960165,318.6007261276245,0,0
1595800842.3060184,320.40106773376465,0,0
1595800842.3160186,322.2011089324951,0,0
1595800842.3260179,324.00097846984863,0,0
1595800842.3360217,325.8016633987427,0,0
1595800842.3460145,327.60037422180176,0,0
1595800842.3560236,329.40200328826904,0,0
1595800842.366019,331.20118618011475,0,0
1595800842.3760266,333.0025577545166,0,0
1595800842.386015,334.80045318603516,0,0
1595800842.3960106,336.5996789932251,0,0
1595800842.4060287,338.40293884277344,0,0
1595800842.4160185,340.2010917663574,0,0
1595800842.4260175,342.0009183883667,0,0
1595800842.436022,343.80173206329346,0,0
1595800842.446013,345.60009956359863,0,0
1595800842.4560199,347.4013423919678,0,0
1595800842.4660225,349.2018127441406,0,0
1595800842.476021,351.0015535354614,0,0
1595800842.4820542,352.08752632141113,0,0
1595800842.4820542,354.4612684249878,0.013187456130981445,0
1595800842.4860132,355.17387771606445,0.013187456130981445,0
1595800842.4960153,356.9742622375488,0.013187456130981445,0
1595800842.5060189,358.77490425109863,0.013187456130981445,0
1595800842.5128345,360,0.013187456130981445,1
1595800842.5128345,0,0,0
1595800842.5228403,1.8010282516479492,0,0
1595800842.532838,3.600640296936035,0,0
1595800842.5428405,5.401067733764648,0,0
1595800842.552848,7.202439308166504,0,0
1595800842.56285,9.00278091430664,0,0
1595800842.5728369,10.800418853759766,0,0
1595800842.5828347,12.600030899047852,0,0
1595800842.5928514,14.403033256530762,0,0
1595800842.6028502,16.2028169631958,0,0
1595800842.6128354,18.000154495239258,0,0
1595800842.6228518,19.80311393737793,0,0
1595800842.632844,21.601696014404297,0,0
1595800842.6428347,23.400020599365234,0,0
1595800842.652851,25.202980041503906,0,0
1595800842.6628513,27.003021240234375,0,0
1595800842.6728451,28.80190372467041,0,0
1595800842.68284,30.601000785827637,0,0
1595800842.6928492,32.40262985229492,0,0
1595800842.7028475,34.202327728271484,0,0
1595800842.712843,36.00151062011719,0,0
1595800842.722852,37.80313968658447,0,0
1595800842.7328503,39.602837562561035,0,0
1595800842.7428455,41.4019775390625,0,0
1595800842.752838,43.200602531433105,0,0
1595800842.7628353,45.000128746032715,0,0
1595800842.7728405,46.80107116699219,0,0
1595800842.7828403,48.60102653503418,0,0
1595800842.792844,50.40171146392822,0,0
1595800842.802842,52.20132350921631,0,0
1595800842.8128467,54.002180099487305,0,0
1595800842.822849,55.80260753631592,0,0
1595800842.8328478,57.60239124298096,0,0
1595800842.8428352,59.40011501312256,0,0
1595800842.852852,61.20316028594971,0,0
1595800842.8628345,62.999982833862305,0,0
1595800842.8728404,64.80105400085449,0,0
1595800842.88284,66.60096645355225,0,0
1595800842.8928506,68.4028959274292,0,0
1595800842.9028528,70.20328044891357,0,0
1595800842.9128487,72.00254917144775,0,0
1595800842.9228394,73.80087375640869,0,0
1595800842.9328387,75.6007432937622,0,0
1595800842.9428523,77.40318775177002,0,0
1595800842.9528365,79.20035362243652,0,0
1595800842.9628413,81.00121021270752,0,0
1595800842.9728446,82.80180931091309,0,0
1595800842.9828508,84.60292339324951,0,0
1595800842.992845,86.40189170837402,0,0
1595800843.0028389,88.20077419281006,0,0
1595800843.0128517,90.00308990478516,0,0
1595800843.022852,91.80313110351562,0,0
1595800843.032849,93.602614402771,0,0
1595800843.0428505,95.40287017822266,0,0
1595800843.0528517,97.20308303833008,0,0
1595800843.0628517,99.00308132171631,0,0
1595800843.0728502,100.80282211303711,0,0
1595800843.0828485,102.60251998901367,0,0
1595800843.0928452,104.40191745758057,0,0
1595800843.1028457,106.20200157165527,0,0
1595800843.1128433,108.00157070159912,0,0
1595800843.1228366,109.80036735534668,0,0
1595800843.132841,111.60118103027344,0,0
1595800843.1428423,113.40139389038086,0,0
1595800843.1528366,115.20036220550537,0,0
1595800843.1628492,117.00263500213623,0,0
1595800843.172848,118.80241870880127,0,0
1595800843.182846,120.6020736694336,0,0
1595800843.1928463,122.40211486816406,0,0
1595800843.2028394,124.20086860656738,0,0
1595800843.2128372,126.00048065185547,0,0
1595800843.222851,127.80296802520752,0,0
1595800843.2328448,129.60185050964355,0,0
1595800843.2428467,131.4021921157837,0,0
1595800843.2528453,133.2019329071045,0,0
1595800843.2628458,135.0020170211792,0,0
1595800843.2728436,136.80162906646729,0,0
1595800843.2828438,138.60167026519775,0,0
1595800843.29285,140.40278434753418,0,0
1595800843.3028398,142.20093727111816,0,0
1595800843.3128507,144.00290966033936,0,0
1595800843.3228354,145.80016136169434,0,0
1595800843.3328454,147.60196208953857,0,0
1595800843.34284,149.40097332000732,0,0
1595800843.352838,151.20062828063965,0,0
1595800843.362852,153.00315856933594,0,0
1595800843.3728411,154.8011827468872,0,0
1595800843.3828456,156.60199642181396,0,0
1595800843.3928525,158.4032392501831,0,0
1595800843.4028363,160.20031929016113,0,0
1595800843.4128363,162.00031757354736,0,0
1595800843.422834,163.7998867034912,0,0
1595800843.4328458,165.60203075408936,0,0
1595800843.4428506,167.40288734436035,0,0
1595800843.4528456,169.20198440551758,0,0
1595800843.4628382,171.00065231323242,0,0
1595800843.4728467,172.80219554901123,0,0
1595800843.4828436,174.60163593292236,0,0
1595800843.4928432,176.40154838562012,0,0
1595800843.5028512,178.20300579071045,0,0
1595800843.5128393,180.00085830688477,0,0
1595800843.5228348,181.80004119873047,0,0
1595800843.5328522,183.6031723022461,0,0
1595800843.542846,185.40205478668213,0,0
1595800843.5528448,187.20183849334717,0,0
1595800843.5628426,189.00145053863525,0,0
1595800843.572834,190.7999038696289,0,0
1595800843.5828362,192.60028839111328,0,0
1595800843.5928335,194.3998146057129,0,0
1595800843.6028411,196.20118618011475,0,0
1595800843.6128497,198.00272941589355,0,0
1595800843.6228347,199.80002403259277,0,0
1595800843.6328378,201.6005802154541,0,0
1595800843.642839,203.40079307556152,0,0
1595800843.6528423,205.2013921737671,0,0
1595800843.662836,207.00027465820312,0,0
1595800843.672844,208.80168914794922,0,0
1595800843.6828454,210.60194492340088,0,0
1595800843.6928515,212.4030590057373,0,0
1595800843.7028477,214.20237064361572,0,0
1595800843.712842,216.00133895874023,0,0
1595800843.7228425,217.80142307281494,0,0
1595800843.7328389,219.6007776260376,0,0
1595800843.7428339,221.39987468719482,0,0
1595800843.752849,223.2026195526123,0,0
1595800843.7628336,224.99982833862305,0,0
1595800843.77284,226.8009853363037,0,0
1595800843.7828362,228.60029697418213,0,0
1595800843.7928467,230.40218353271484,0,0
1595800843.8028445,232.20179557800293,0,0
1595800843.8128471,234.00226593017578,0,0
1595800843.8228357,235.80020427703857,0,0
1595800843.832851,237.60294914245605,0,0
1595800843.8428383,239.40067291259766,0,0
1595800843.85285,241.20277404785156,0,0
1595800843.86285,243.0027723312378,0,0
1595800843.8728502,244.80281352996826,0,0
1595800843.8828373,246.60049438476562,0,0
1595800843.8928466,248.40216636657715,0,0
1595800843.9028482,250.20246505737305,0,0
1595800843.9128487,252.00254917144775,0,0
1595800843.9228427,253.80147457122803,0,0
1595800843.9328473,255.60228824615479,0,0
1595800843.9428391,257.4008274078369,0,0
1595800843.9528408,259.2011260986328,0,0
1595800843.9628396,261.00090980529785,0,0
1595800843.9728508,262.8029251098633,0,0
1595800843.9828432,264.6015501022339,0,0
1595800843.9928439,266.40167713165283,0,0
1595800844.0028496,268.2027053833008,0,0
1595800844.012834,269.9999141693115,0,0
1595800844.0228355,271.8001699447632,0,0
1595800844.0328472,273.6022710800171,0,0
1595800844.0428355,275.40016651153564,0,0
1595800844.052848,277.2024393081665,0,0
1595800844.0628383,279.00067806243896,0,0
1595800844.0728335,280.79981803894043,0,0
1595800844.0828357,282.6002025604248,0,0
1595800844.0928495,284.40268993377686,0,0
1595800844.1028502,286.2028169631958,0,0
1595800844.112847,288.00225734710693,0,0
1595800844.1228454,289.8019552230835,0,0
1595800844.1328335,291.5998077392578,0,0
1595800844.1428492,293.40263843536377,0,0
1595800844.152839,295.20079135894775,0,0
1595800844.16284,297.00096130371094,0,0
1595800844.1728473,298.80228996276855,0,0
1595800844.1828446,300.60181617736816,0,0
1595800844.192838,302.4006128311157,0,0
1595800844.20284,304.2009973526001,0,0
1595800844.2128465,306.00215435028076,0,0
1595800844.2228518,307.80309677124023,0,0
1595800844.232849,309.6025800704956,0,0
1595800844.2428353,311.40013217926025,0,0
1595800844.252838,313.2006025314331,0,0
1595800844.262846,315.00205993652344,0,0
1595800844.2728512,316.8030023574829,0,0
1595800844.2828407,318.60111236572266,0,0
1595800844.2928512,320.40299892425537,0,0
1595800844.3028514,322.20304012298584,0,0
1595800844.3128333,323.99977684020996,0,0
1595800844.3228364,325.8003330230713,0,0
1595800844.3328512,327.6029920578003,0,0
1595800844.34284,329.4009733200073,0,0
1595800844.352841,331.2011432647705,0,0
1595800844.3628488,333.0025577545166,0,0
1595800844.3728461,334.8020839691162,0,0
1595800844.3828444,336.6017818450928,0,0
1595800844.3928394,338.40087890625,0,0
1595800844.4028363,340.20031929016113,0,0
1595800844.4128456,342.00199127197266,0,0
1595800844.42285,343.8027620315552,0,0
1595800844.4328465,345.60215950012207,0,0
1595800844.4428334,347.3997974395752,0,0
1595800844.4528515,349.20305728912354,0,0
1595800844.4628353,351.00013732910156,0,0
1595800844.4728475,352.80232429504395,0,0
1595800844.482836,354.60026264190674,0,0
1595800844.492838,356.4006042480469,0,0
1595800844.4946852,356.7331123352051,0,0
1595800844.4946852,357.71317863464355,0.005444812774658203,0
1595800844.5028512,359.1830720901489,0.005444812774658203,0
1595800844.5074065,360,0.005444812774658203,1
1595800844.5074065,0,0,0
1595800844.517409,1.8004703521728516,0,0
1595800844.527423,3.6029577255249023,0,0
1595800844.537407,5.400080680847168,0,0
1595800844.5474117,7.200937271118164,0,0
1595800844.5574212,9.002652168273926,0,0
1595800844.5674086,10.800375938415527,0,0
1595800844.5774245,12.603249549865723,0,0
1595800844.5874128,14.401144981384277,0,0
1595800844.597413,16.201186180114746,0,0
1595800844.6074195,18.00234317779541,0,0
1595800844.6174088,19.800410270690918,0,0
1595800844.6274068,21.600065231323242,0,0
1595800844.6374154,23.40160846710205,0,0
1595800844.6474164,25.201778411865234,0,0
1595800844.657411,27.000832557678223,0,0
1595800844.6674159,28.80168914794922,0,0
1595800844.677407,30.600099563598633,0,0
1595800844.6874099,32.40061283111572,0,0
1595800844.6974237,34.20310020446777,0,0
1595800844.7074132,36.00121021270752,0,0
1595800844.7174132,37.80120849609375,0,0
1595800844.727423,39.60296630859375,0,0
1595800844.7374127,41.401119232177734,0,0
1595800844.7474186,43.20219039916992,0,0
1595800844.757424,45.00317573547363,0,0
1595800844.7674148,46.80150032043457,0,0
1595800844.7774105,48.60072612762451,0,0
1595800844.7874253,50.403385162353516,0,0
1595800844.7974198,52.202396392822266,0,0
1595800844.8074095,54.00054931640625,0,0
1595800844.81741,55.80063343048096,0,0
1595800844.8274062,57.599945068359375,0,0
1595800844.8374171,59.401917457580566,0,0
1595800844.8474245,61.203246116638184,0,0
1595800844.8574135,63.00127029418945,0,0
1595800844.8674064,64.79998111724854,0,0
1595800844.8774118,66.60096645355225,0,0
1595800844.8874207,68.4025526046753,0,0
1595800844.8974066,70.20001888275146,0,0
1595800844.9074123,72.00104713439941,0,0
1595800844.9174163,73.8017749786377,0,0
1595800844.927414,75.60134410858154,0,0
1595800844.9374194,77.40232944488525,0,0
1595800844.9474192,79.20228481292725,0,0
1595800844.9574218,81.0027551651001,0,0
1595800844.9674103,82.80069351196289,0,0
1595800844.9774072,84.60013389587402,0,0
1595800844.98741,86.40064716339111,0,0
1595800844.9974117,88.20094585418701,0,0
1595800845.0074217,90.00274658203125,0,0
1595800845.0174217,91.80274486541748,0,0
1595800845.0274103,93.60068321228027,0,0
1595800845.03742,95.40244102478027,0,0
1595800845.047421,97.20261096954346,0,0
1595800845.057408,99.00029182434082,0,0
1595800845.0674167,100.80183506011963,0,0
1595800845.0774088,102.600417137146,0,0
1595800845.0874066,104.40002918243408,0,0
1595800845.097413,106.20118618011475,0,0
1595800845.107423,108.00298690795898,0,0
1595800845.117411,109.80079650878906,0,0
1595800845.127422,111.60281181335449,0,0
1595800845.137409,113.40044975280762,0,0
1595800845.1474245,115.20323753356934,0,0
1595800845.1574142,117.00139045715332,0,0
1595800845.1674087,118.80040168762207,0,0
1595800845.1774147,120.60147285461426,0,0
1595800845.1874177,122.40202903747559,0,0
1595800845.1974137,124.20129776000977,0,0
1595800845.2074149,126.00151062011719,0,0
1595800845.217417,127.80189514160156,0,0
1595800845.2274156,129.60163593292236,0,0
1595800845.2374146,131.40146255493164,0,0
1595800845.2474213,133.20266246795654,0,0
1595800845.2574162,135.00175952911377,0,0
1595800845.2674086,136.80038452148438,0,0
1595800845.277412,138.60098361968994,0,0
1595800845.2874112,140.40085315704346,0,0
1595800845.2974138,142.2013235092163,0,0
1595800845.3074222,144.00282382965088,0,0
1595800845.3174238,145.80312252044678,0,0
1595800845.3274236,147.60307788848877,0,0
1595800845.3374095,149.40054416656494,0,0
1595800845.347414,151.2013578414917,0,0
1595800845.357416,153.00169944763184,0,0
1595800845.3674176,154.80199813842773,0,0
1595800845.3774188,156.60221099853516,0,0
1595800845.3874195,158.4023380279541,0,0
1595800845.3974192,160.2022933959961,0,0
1595800845.4074135,162.0012617111206,0,0
1595800845.4174197,163.80237579345703,0,0
1595800845.427421,165.6026315689087,0,0
1595800845.4374177,167.4020290374756,0,0
1595800845.4474156,169.20164108276367,0,0
1595800845.4574213,171.00266933441162,0,0
1595800845.4674094,172.80052185058594,0,0
1595800845.477422,174.6027946472168,0,0
1595800845.4874125,176.4010763168335,0,0
1595800845.4974098,178.2006025314331,0,0
1595800845.5074098,180.00060081481934,0,0
1595800845.5174067,181.80004119873047,0,0
1595800845.5274158,183.60167026519775,0,0
1595800845.5374095,185.4005527496338,0,0
1595800845.547408,187.2002935409546,0,0
1595800845.5574124,189.0010643005371,0,0
1595800845.5674174,190.80196380615234,0,0
1595800845.577418,192.6020908355713,0,0
1595800845.5874166,194.4018316268921,0,0
1595800845.5974128,196.2011432647705,0,0
1595800845.6074169,198.0018711090088,0,0
1595800845.6174116,199.80092525482178,0,0
1595800845.6274202,201.6024684906006,0,0
1595800845.6374137,203.40130805969238,0,0
1595800845.647416,205.201735496521,0,0
1595800845.6574104,207.0007038116455,0,0
1595800845.66741,208.80061626434326,0,0
1595800845.6774118,210.6009578704834,0,0
1595800845.6874177,212.4020290374756,0,0
1595800845.6974163,214.2017698287964,0,0
1595800845.707422,216.00279808044434,0,0
1595800845.7174063,217.79996395111084,0,0
1595800845.7274098,219.60060596466064,0,0
1595800845.737415,221.40154838562012,0,0
1595800845.747415,223.20154666900635,0,0
1595800845.757415,225.00154495239258,0,0
1595800845.767419,226.80227279663086,0,0
1595800845.7774231,228.60300064086914,0,0
1595800845.7874217,230.40274143218994,0,0
1595800845.7974062,232.19995021820068,0,0
1595800845.8074212,234.00265216827393,0,0
1595800845.8174071,235.8001184463501,0,0
1595800845.8274052,237.59977340698242,0,0
1595800845.837421,239.40260410308838,0,0
1595800845.847424,241.2031602859497,0,0
1595800845.8574095,243.0005407333374,0,0
1595800845.8674157,244.80165481567383,0,0
1595800845.8774223,246.60285472869873,0,0
1595800845.8874147,248.40147972106934,0,0
1595800845.897422,250.20280838012695,0,0
1595800845.9074132,252.00121879577637,0,0
1595800845.917417,253.8019037246704,0,0
1595800845.92742,255.6024169921875,0,0
1595800845.9374106,257.40074157714844,0,0
1595800845.947413,259.20116901397705,0,0
1595800845.9574184,261.00215435028076,0,0
1595800845.967411,262.8008222579956,0,0
1595800845.977412,264.6009922027588,0,0
1595800845.9874194,266.4023208618164,0,0
1595800845.9974113,268.20086002349854,0,0
1595800846.0074112,270.00085830688477,0,0
1595800846.017411,271.80081367492676,0,0
1595800846.027406,273.599910736084,0,0
1595800846.0374231,275.40299892425537,0,0
1595800846.0474055,277.19982147216797,0,0
1595800846.0574164,279.00179386138916,0,0
1595800846.0674157,280.8016633987427,0,0
1595800846.077407,282.6000738143921,0,0
1595800846.0874224,284.4028615951538,0,0
1595800846.097416,286.2017011642456,0,0
1595800846.1074111,288.00084114074707,0,0
1595800846.117414,289.80135440826416,0,0
1595800846.1274152,291.6015672683716,0,0
1595800846.1374202,293.4024667739868,0,0
1595800846.1474211,295.20263671875,0,0
1595800846.15742,297.00242042541504,0,0
1595800846.16742,298.80241870880127,0,0
1595800846.1774185,300.60215950012207,0,0
1595800846.1874146,302.4014711380005,0,0
1595800846.1974163,304.2017698287964,0,0
1595800846.2074199,306.0024118423462,0,0
1595800846.2174098,307.8006076812744,0,0
1595800846.227409,309.6004343032837,0,0
1595800846.237409,311.40047550201416,0,0
1595800846.2474196,313.2023620605469,0,0
1595800846.2574155,315.00163078308105,0,0
1595800846.2674196,316.80235862731934,0,0
1595800846.2774153,318.6015844345093,0,0
1595800846.2874231,320.40299892425537,0,0
1595800846.2974124,322.2010660171509,0,0
1595800846.3074117,324.0009355545044,0,0
1595800846.3174114,325.8008909225464,0,0
1595800846.3274164,327.6017904281616,0,0
1595800846.337413,329.4011878967285,0,0
1595800846.3474076,331.20019912719727,0,0
1595800846.357406,332.9998970031738,0,0
1595800846.3674145,334.80144023895264,0,0
1595800846.37742,336.60242557525635,0,0
1595800846.38742,338.4024238586426,0,0
1595800846.3974118,340.2009630203247,0,0
1595800846.4074223,342.0028495788574,0,0
1595800846.4174237,343.8031053543091,0,0
1595800846.427417,345.60190200805664,0,0
1595800846.4374175,347.40198612213135,0,0
1595800846.4474142,349.20138359069824,0,0
1595800846.4574099,351.0006093978882,0,0
1595800846.4674091,352.8004789352417,0,0
1595800846.4774055,354.59983348846436,0,0
1595800846.4874167,356.4018487930298,0,0
1595800846.4974117,358.200945854187,0,0
1595800846.5047998,359.53080654144287,0,0
1595800846.5047998,359.67156457901,0.0007819890975952149,0
1595800846.5066338,360,0.0007819890975952149,1
1595800846.5066338,0,0,0
1595800846.516643,1.8016719818115234,0,0
1595800846.5266383,3.6008119583129883,0,0
1595800846.53665,5.4029130935668945,0,0
1595800846.5466456,7.202138900756836,0,0
1595800846.556638,9.000763893127441,0,0
1595800846.5666435,10.801749229431152,0,0
1595800846.576652,12.603292465209961,0,0
1595800846.5866401,14.401144981384277,0,0
1595800846.5966341,16.20007038116455,0,0
1595800846.60665,18.002943992614746,0,0
1595800846.616646,19.802212715148926,0,0
1595800846.6266444,21.60191059112549,0,0
1595800846.6366415,23.40139389038086,0,0
1595800846.6466336,25.199975967407227,0,0
1595800846.6566358,27.0003604888916,0,0
1595800846.6666403,28.80117416381836,0,0
1595800846.676634,30.600056648254395,0,0
1595800846.6866448,32.40198612213135,0,0
1595800846.6966512,34.20314311981201,0,0
1595800846.7066345,36.00013732910156,0,0
1595800846.7166386,37.800865173339844,0,0
1595800846.726643,39.6016788482666,0,0
1595800846.7366517,41.40322208404541,0,0
1595800846.7466488,43.20270538330078,0,0
1595800846.7566392,45.00098705291748,0,0
1595800846.7666483,46.802616119384766,0,0
1595800846.7766423,48.60154151916504,0,0
1595800846.786638,50.40076732635498,0,0
1595800846.7966442,52.201881408691406,0,0
1595800846.8066506,54.00303840637207,0,0
1595800846.8166444,55.801920890808105,0,0
1595800846.8266413,57.60136127471924,0,0
1595800846.8366413,59.40135955810547,0,0
1595800846.8466496,61.20285987854004,0,0
1595800846.85664,63.00114154815674,0,0
1595800846.8666415,64.8013973236084,0,0
1595800846.8766334,66.59993648529053,0,0
1595800846.8866441,68.40186595916748,0,0
1595800846.8966486,70.20267963409424,0,0
1595800846.9066494,72.00280666351318,0,0
1595800846.9166412,73.80134582519531,0,0
1595800846.9266431,75.60168743133545,0,0
1595800846.9366467,77.40232944488525,0,0
1595800846.94665,79.20292854309082,0,0
1595800846.9566493,81.00279808044434,0,0
1595800846.9666333,82.7999210357666,0,0
1595800846.976634,84.60004806518555,0,0
1595800846.9866402,86.40116214752197,0,0
1595800846.9966505,88.20300579071045,0,0
1595800847.0066414,90.00137329101562,0,0
1595800847.016648,91.80257320404053,0,0
1595800847.0266507,93.60304355621338,0,0
1595800847.036651,95.40308475494385,0,0
1595800847.0466435,97.20175266265869,0,0
1595800847.0566409,99.0012788772583,0,0
1595800847.066638,100.80076217651367,0,0
1595800847.0766518,102.60324954986572,0,0
1595800847.0866463,104.40226078033447,0,0
1595800847.0966475,106.2024736404419,0,0
1595800847.1066482,108.00260066986084,0,0
1595800847.1166518,109.80324268341064,0,0
1595800847.1266398,111.60109519958496,0,0
1595800847.1366465,113.40229511260986,0,0
1595800847.1466382,115.20079135894775,0,0
1595800847.156634,117.00006008148193,0,0
1595800847.1666408,118.80125999450684,0,0
1595800847.1766372,120.60061454772949,0,0
1595800847.1866498,122.40288734436035,0,0
1595800847.1966462,124.20224189758301,0,0
1595800847.2066476,126.00249767303467,0,0
1595800847.2166448,127.80198097229004,0,0
1595800847.226649,129.60275173187256,0,0
1595800847.2366383,131.40081882476807,0,0
1595800847.2466335,133.19995880126953,0,0
1595800847.2566497,135.00287532806396,0,0
1595800847.26664,136.80111408233643,0,0
1595800847.2766404,138.60119819641113,0,0
1595800847.2866359,140.40038108825684,0,0
1595800847.296633,142.1998643875122,0,0
1595800847.3066404,144.00119304656982,0,0
1595800847.3166351,145.8002471923828,0,0
1595800847.3266494,147.60282039642334,0,0
1595800847.3366368,149.40054416656494,0,0
1595800847.3466487,151.2026882171631,0,0
1595800847.3566465,153.00230026245117,0,0
1595800847.3666477,154.8025131225586,0,0
1595800847.3766344,156.60010814666748,0,0
1595800847.386646,158.4022092819214,0,0
1595800847.396636,160.2004051208496,0,0
1595800847.4066494,162.00280666351318,0,0
1595800847.4166467,163.8023328781128,0,0
1595800847.4266472,165.6024169921875,0,0
1595800847.436651,167.40310192108154,0,0
1595800847.44664,169.2011260986328,0,0
1595800847.45665,171.00292682647705,0,0
1595800847.4666376,172.8006935119629,0,0
1595800847.47665,174.6029233932495,0,0
1595800847.4866428,176.4016342163086,0,0
1595800847.496641,178.20128917694092,0,0
1595800847.5066333,179.99991416931152,0,0
1595800847.5166464,181.80227279663086,0,0
1595800847.5266438,183.60179901123047,0,0
1595800847.536644,185.40184020996094,0,0
1595800847.5466483,187.20261096954346,0,0
1595800847.556641,189.00132179260254,0,0
1595800847.5666409,190.80127716064453,0,0
1595800847.5766394,192.60101795196533,0,0
1595800847.58664,194.40110206604004,0,0
1595800847.596644,196.20182991027832,0,0
1595800847.606647,198.00238609313965,0,0
1595800847.6166518,199.80324268341064,0,0
1595800847.6266422,201.60152435302734,0,0
1595800847.6366503,203.40298175811768,0,0
1595800847.6466372,205.2006196975708,0,0
1595800847.656635,207.0002317428589,0,0
1595800847.6666493,208.8028049468994,0,0
1595800847.6766427,210.60160160064697,0,0
1595800847.6866343,212.40009784698486,0,0
1595800847.6966486,214.2026710510254,0,0
1595800847.7066376,216.00069522857666,0,0
1595800847.716642,217.80146598815918,0,0
1595800847.7266352,219.60026264190674,0,0
1595800847.7366421,221.40150547027588,0,0
1595800847.7466478,223.20253372192383,0,0
1595800847.7566504,225.00300407409668,0,0
1595800847.766651,226.8030881881714,0,0
1595800847.7766356,228.60033988952637,0,0
1595800847.7866514,230.40317058563232,0,0
1595800847.7966404,232.2011947631836,0,0
1595800847.806647,234.0023946762085,0,0
1595800847.8166487,235.8026933670044,0,0
1595800847.8266468,237.60234832763672,0,0
1595800847.836635,239.40024375915527,0,0
1595800847.846637,241.2005853652954,0,0
1595800847.8566384,243.00084114074707,0,0
1595800847.866637,244.80058193206787,0,0
1595800847.8766494,246.6028118133545,0,0
1595800847.8866441,248.40186595916748,0,0
1595800847.8966482,250.20259380340576,0,0
1595800847.9066427,252.0016050338745,0,0
1595800847.916643,253.80164623260498,0,0
1595800847.92665,255.60293197631836,0,0
1595800847.9366403,257.4011707305908,0,0
1595800847.946649,259.20275688171387,0,0
1595800847.9566398,261.0010814666748,0,0
1595800847.966644,262.8018522262573,0,0
1595800847.9766326,264.5997905731201,0,0
1595800847.9866414,266.40137672424316,0,0
1595800847.996641,268.2012891769409,0,0
1595800848.0066402,270.00115871429443,0,0
1595800848.0166373,271.8006420135498,0,0
1595800848.0266402,273.6011552810669,0,0
1595800848.0366447,275.40196895599365,0,0
1595800848.0466397,277.2010660171509,0,0
1595800848.0566342,279.00007724761963,0,0
1595800848.0666456,280.8021354675293,0,0
1595800848.0766358,282.60037422180176,0,0
1595800848.0866406,284.40123081207275,0,0
1595800848.0966368,286.2005424499512,0,0
1595800848.1066508,288.00307273864746,0,0
1595800848.1166425,289.80156898498535,0,0
1595800848.1266472,291.60242557525635,0,0
1595800848.136639,293.4009647369385,0,0
1595800848.1466365,295.2004909515381,0,0
1595800848.1566463,297.0022487640381,0,0
1595800848.166641,298.8013029098511,0,0
1595800848.1766462,300.60224533081055,0,0
1595800848.1866455,302.40211486816406,0,0
1595800848.1966376,304.20069694519043,0,0
1595800848.2066352,306.0002660751343,0,0
1595800848.2166421,307.8015089035034,0,0
1595800848.2266438,309.6018075942993,0,0
1595800848.236642,311.40146255493164,0,0
1595800848.2466347,313.2001733779907,0,0
1595800848.25665,315.0029182434082,0,0
1595800848.2666385,316.800856590271,0,0
1595800848.2766395,318.6010265350342,0,0
1595800848.2866466,320.40231227874756,0,0
1595800848.296647,322.20239639282227,0,0
1595800848.3066356,324.00033473968506,0,0
1595800848.316647,325.8023929595947,0,0
1595800848.32664,327.6011037826538,0,0
1595800848.3366432,329.4017028808594,0,0
1595800848.3466442,331.20187282562256,0,0
1595800848.3566425,333.0015707015991,0,0
1595800848.3666496,334.8028564453125,0,0
1595800848.376633,336.59985065460205,0,0
1595800848.386646,338.4022092819214,0,0
1595800848.3966324,340.19976139068604,0,0
1595800848.4066472,342.00242042541504,0,0
1595800848.4166481,343.8025903701782,0,0
1595800848.4266343,345.60009956359863,0,0
1595800848.4366398,347.40108489990234,0,0
1595800848.4466355,349.2003107070923,0,0
1595800848.4566412,351.00133895874023,0,0
1595800848.4666479,352.80253887176514,0,0
1595800848.4766319,354.5996618270874,0,0
1595800848.486644,356.4018487930298,0,0
1595800848.4966507,358.2030487060547,0,0
1595800848.5066423,360,0,1
1595800848.5066423,0,0,0
1595800848.5086625,0.36362171173095703,0,0
1595800848.5086625,0.2545351982116699,-0.0006060361862182617,0
1595800848.516661,1.6942591667175293,-0.0006060361862182617,0
1595800848.5266545,3.4930987358093266,-0.0006060361862182617,0
1595800848.5366569,5.2935261726379395,-0.0006060361862182617,0
1595800848.5466473,7.091807842254639,-0.0006060361862182617,0
1595800848.5566454,8.891462802886963,-0.0006060361862182617,0
1595800848.5666487,10.69206190109253,-0.0006060361862182617,0
1595800848.5766466,12.491673946380613,-0.0006060361862182617,0
1595800848.5866585,14.293817996978758,-0.0006060361862182617,0
1595800848.5966423,16.090898036956787,-0.0006060361862182617,0
1595800848.6066592,17.893943309783936,-0.0006060361862182617,0
1595800848.6166575,19.693641185760498,-0.0006060361862182617,0
1595800848.6266546,21.49312448501587,-0.0006060361862182617,0
1595800848.6366446,23.291320323944092,-0.0006060361862182617,0
1595800848.6466463,25.09161901473999,-0.0006060361862182617,0
1595800848.6566474,26.891831874847412,-0.0006060361862182617,0
1595800848.6666572,28.693589687347412,-0.0006060361862182617,0
1595800848.676661,30.494274616241455,-0.0006060361862182617,0
1595800848.6866448,32.29135465621948,-0.0006060361862182617,0
1595800848.6966507,34.09242582321167,-0.0006060361862182617,0
1595800848.7066572,35.893582820892334,-0.0006060361862182617,0
1595800848.7166536,37.69293737411499,-0.0006060361862182617,0
1595800848.7266529,39.492806911468506,-0.0006060361862182617,0
1595800848.7366498,41.29224729537964,-0.0006060361862182617,0
1595800848.7466435,43.091129779815674,-0.0006060361862182617,0
1595800848.756646,44.89155721664429,-0.0006060361862182617,0
1595800848.7666442,46.69125509262086,-0.0006060361862182617,0
1595800848.7766461,48.49159669876099,-0.0006060361862182617,0
1595800848.786658,50.29374074935914,-0.0006060361862182617,0
1595800848.7966557,52.093309879302986,-0.0006060361862182617,0
1595800848.806645,53.89137697219849,-0.0006060361862182617,0
1595800848.8166578,55.69369268417359,-0.0006060361862182617,0
1595800848.8266542,57.49304723739625,-0.0006060361862182617,0
1595800848.8366606,59.29420423507691,-0.0006060361862182617,0
1595800848.846643,61.09102678298951,-0.0006060361862182617,0
1595800848.856644,62.89119672775269,-0.0006060361862182617,0
1595800848.8666563,64.6934266090393,-0.0006060361862182617,0
1595800848.8766575,66.49363946914673,-0.0006060361862182617,0
1595800848.8866544,68.29307985305786,-0.0006060361862182617,0
1595800848.8966491,70.09213399887085,-0.0006060361862182617,0
1595800848.9066446,71.89131689071655,-0.0006060361862182617,0
1595800848.916657,73.69354677200317,-0.0006060361862182617,0
1595800848.9266515,75.49255800247192,-0.0006060361862182617,0
1595800848.9366453,77.29144048690796,-0.0006060361862182617,0
1595800848.9466503,79.0923399925232,-0.0006060361862182617,0
1595800848.9566462,80.89160871505737,-0.0006060361862182617,0
1595800848.966653,82.69285154342651,-0.0006060361862182617,0
1595800848.976651,84.4924635887146,-0.0006060361862182617,0
1595800848.9866552,86.29323434829712,-0.0006060361862182617,0
1595800848.9966457,88.09151601791382,-0.0006060361862182617,0
1595800849.006648,89.89194345474243,-0.0006060361862182617,0
1595800849.016645,91.69138383865356,-0.0006060361862182617,0
1595800849.0266478,93.49189710617065,-0.0006060361862182617,0
1595800849.036657,95.29356908798218,-0.0006060361862182617,0
1595800849.0466568,97.09352445602417,-0.0006060361862182617,0
1595800849.05666,98.8940806388855,-0.0006060361862182617,0
1595800849.0666459,100.69154691696167,-0.0006060361862182617,0
1595800849.076644,102.491201877594,-0.0006060361862182617,0
1595800849.086642,104.29085683822632,-0.0006060361862182617,0
1595800849.0966587,106.09385919570923,-0.0006060361862182617,0
1595800849.1066525,107.89274168014526,-0.0006060361862182617,0
1595800849.1166523,109.69269704818726,-0.0006060361862182617,0
1595800849.1266494,111.49218034744263,-0.0006060361862182617,0
1595800849.136656,113.29338026046753,-0.0006060361862182617,0
1595800849.1466506,115.09239149093628,-0.0006060361862182617,0
1595800849.15666,116.89410638809204,-0.0006060361862182617,0
1595800849.1666467,118.69170141220093,-0.0006060361862182617,0
1595800849.176651,120.49247217178345,-0.0006060361862182617,0
1595800849.186642,122.29083967208862,-0.0006060361862182617,0
1595800849.1966424,124.09092378616333,-0.0006060361862182617,0
1595800849.2066603,125.89414072036743,-0.0006060361862182617,0
1595800849.2166479,127.69190740585327,-0.0006060361862182617,0
1595800849.226647,129.49173402786255,-0.0006060361862182617,0
1595800849.2366462,131.29160356521606,-0.0006060361862182617,0
1595800849.2466574,133.0936188697815,-0.0006060361862182617,0
1595800849.256651,134.8924584388733,-0.0006060361862182617,0
1595800849.266655,136.69318628311157,-0.0006060361862182617,0
1595800849.2766526,138.49275541305542,-0.0006060361862182617,0
1595800849.2866476,140.29185247421265,-0.0006060361862182617,0
1595800849.2966583,142.0937819480896,-0.0006060361862182617,0
1595800849.306643,143.89103364944458,-0.0006060361862182617,0
1595800849.3166564,145.69343519210815,-0.0006060361862182617,0
1595800849.3266535,147.49291849136353,-0.0006060361862182617,0
1595800849.3366432,149.2910714149475,-0.0006060361862182617,0
1595800849.3466494,151.09218549728394,-0.0006060361862182617,0
1595800849.3566604,152.89415788650513,-0.0006060361862182617,0
1595800849.3666437,154.69115209579468,-0.0006060361862182617,0
1595800849.3766422,156.49089288711548,-0.0006060361862182617,0
1595800849.3866441,158.29123449325562,-0.0006060361862182617,0
1595800849.3966582,160.0937647819519,-0.0006060361862182617,0
1595800849.4066596,161.89402055740356,-0.0006060361862182617,0
1595800849.416651,163.69247388839722,-0.0006060361862182617,0
1595800849.4266498,165.49225759506226,-0.0006060361862182617,0
1595800849.436658,167.2937150001526,-0.0006060361862182617,0
1595800849.44665,169.09229707717896,-0.0006060361862182617,0
1595800849.4566424,170.89092206954956,-0.0006060361862182617,0
1595800849.4666553,172.69323778152466,-0.0006060361862182617,0
1595800849.4766438,174.49117612838745,-0.0006060361862182617,0
1595800849.4866424,176.29091691970825,-0.0006060361862182617,0
1595800849.4966536,178.09293222427368,-0.0006060361862182617,0
1595800849.506658,179.89374589920044,-0.0006060361862182617,0
1595800849.51665,181.69228506088254,-0.0006060361862182617,0
1595800849.5266507,183.49241209030149,-0.0006060361862182617,0
1595800849.53665,185.292281627655,-0.0006060361862182617,0
1595800849.5466442,187.0912499427795,-0.0006060361862182617,0
1595800849.5566475,188.89184904098508,-0.0006060361862182617,0
1595800849.5666497,190.69223356246945,-0.0006060361862182617,0
1595800849.5766442,192.4912447929382,-0.0006060361862182617,0
1595800849.5866582,194.2937750816345,-0.0006060361862182617,0
1595800849.596644,196.09119844436643,-0.0006060361862182617,0
1595800849.6066434,197.89111089706418,-0.0006060361862182617,0
1595800849.6166499,199.69226789474484,-0.0006060361862182617,0
1595800849.626652,201.49265241622922,-0.0006060361862182617,0
1595800849.636646,203.2915778160095,-0.0006060361862182617,0
1595800849.6466494,205.09217691421506,-0.0006060361862182617,0
1595800849.656642,206.8908448219299,-0.0006060361862182617,0
1595800849.666654,208.6930317878723,-0.0006060361862182617,0
1595800849.6766522,210.4926867485046,-0.0006060361862182617,0
1595800849.6866496,212.29221296310422,-0.0006060361862182617,0
1595800849.696654,214.09302663803098,-0.0006060361862182617,0
1595800849.7066443,215.89126539230344,-0.0006060361862182617,0
1595800849.71666,217.6940960884094,-0.0006060361862182617,0
1595800849.7266445,219.49130487442014,-0.0006060361862182617,0
1595800849.7366545,221.29310560226438,-0.0006060361862182617,0
1595800849.7466586,223.09383344650266,-0.0006060361862182617,0
1595800849.7566469,224.8917288780212,-0.0006060361862182617,0
1595800849.7666502,226.69232797622678,-0.0006060361862182617,0
1595800849.7766564,228.4934420585632,-0.0006060361862182617,0
1595800849.786657,230.29356908798215,-0.0006060361862182617,0
1595800849.7966568,232.09352445602414,-0.0006060361862182617,0
1595800849.8066432,233.8910765647888,-0.0006060361862182617,0
1595800849.8166568,235.6935210227966,-0.0006060361862182617,0
1595800849.8266435,237.4911160469055,-0.0006060361862182617,0
1595800849.836656,239.29338884353635,-0.0006060361862182617,0
1595800849.846653,241.09282922744748,-0.0006060361862182617,0
1595800849.8566456,242.89149713516233,-0.0006060361862182617,0
1595800849.8666506,244.69239664077756,-0.0006060361862182617,0
1595800849.8766549,246.49316740036008,-0.0006060361862182617,0
1595800849.8866546,248.29312276840207,-0.0006060361862182617,0
1595800849.8966548,250.09316396713254,-0.0006060361862182617,0
1595800849.9066432,251.8910593986511,-0.0006060361862182617,0
1595800849.9166534,253.69290304183957,-0.0006060361862182617,0
1595800849.9266577,255.4936738014221,-0.0006060361862182617,0
1595800849.936652,257.29264211654663,-0.0006060361862182617,0
1595800849.9466596,259.0940136909485,-0.0006060361862182617,0
1595800849.9566436,260.89113664627075,-0.0006060361862182617,0
1595800849.966641,262.69066286087036,-0.0006060361862182617,0
1595800849.9766452,264.4914336204529,-0.0006060361862182617,0
1595800849.986652,266.2926335334778,-0.0006060361862182617,0
1595800849.9966547,268.0931468009949,-0.0006060361862182617,0
1595800850.006642,269.8908705711365,-0.0006060361862182617,0
1595800850.0166593,271.69395875930786,-0.0006060361862182617,0
1595800850.02665,273.4922833442688,-0.0006060361862182617,0
1595800850.0366411,275.2906937599182,-0.0006060361862182617,0
1595800850.046643,277.09103536605835,-0.0006060361862182617,0
1595800850.0566494,278.892192363739,-0.0006060361862182617,0
1595800850.0666556,280.69330644607544,-0.0006060361862182617,0
1595800850.0766513,282.4925322532654,-0.0006060361862182617,0
1595800850.0866563,284.2934317588806,-0.0006060361862182617,0
1595800850.0966423,286.0908980369568,-0.0006060361862182617,0
1595800850.1066432,287.89106798171997,-0.0006060361862182617,0
1595800850.1166415,289.69076585769653,-0.0006060361862182617,0
1595800850.1266484,291.4920086860657,-0.0006060361862182617,0
1595800850.1366537,293.29295110702515,-0.0006060361862182617,0
1595800850.1466553,295.09324979782104,-0.0006060361862182617,0
1595800850.1566427,296.89097356796265,-0.0006060361862182617,0
1595800850.166656,298.6933751106262,-0.0006060361862182617,0
1595800850.1766517,300.49260091781616,-0.0006060361862182617,0
1595800850.1866534,302.29289960861206,-0.0006060361862182617,0
1595800850.196655,304.09319829940796,-0.0006060361862182617,0
1595800850.2066555,305.89328241348267,-0.0006060361862182617,0
1595800850.2166467,307.6916928291321,-0.0006060361862182617,0
1595800850.2266552,309.4932360649109,-0.0006060361862182617,0
1595800850.2366512,311.29250478744507,-0.0006060361862182617,0
1595800850.246652,313.092631816864,-0.0006060361862182617,0
1595800850.2566543,314.8930592536926,-0.0006060361862182617,0
1595800850.2666433,316.6910834312439,-0.0006060361862182617,0
1595800850.2766445,318.4912962913513,-0.0006060361862182617,0
1595800850.2866473,320.2918095588684,-0.0006060361862182617,0
1595800850.2966483,322.0919795036316,-0.0006060361862182617,0
1595800850.3066518,323.8926215171814,-0.0006060361862182617,0
1595800850.3166554,325.6932635307312,-0.0006060361862182617,0
1595800850.3266501,327.4923176765442,-0.0006060361862182617,0
1595800850.3366432,329.2910714149475,-0.0006060361862182617,0
1595800850.346658,331.0937304496765,-0.0006060361862182617,0
1595800850.3566444,332.89128255844116,-0.0006060361862182617,0
1595800850.3666582,334.6937699317932,-0.0006060361862182617,0
1595800850.3766541,336.4930386543274,-0.0006060361862182617,0
1595800850.3866563,338.29342317581177,-0.0006060361862182617,0
1595800850.3966508,340.0924344062805,-0.0006060361862182617,0
1595800850.4066489,341.89208936691284,-0.0006060361862182617,0
1595800850.4166555,343.69328927993774,-0.0006060361862182617,0
1595800850.426647,345.4917426109314,-0.0006060361862182617,0
1595800850.4366486,347.2920413017273,-0.0006060361862182617,0
1595800850.446646,349.0915675163269,-0.0006060361862182617,0
1595800850.456646,350.89156579971313,-0.0006060361862182617,0
1595800850.4666495,352.69220781326294,-0.0006060361862182617,0
1595800850.476641,354.4906611442566,-0.0006060361862182617,0
1595800850.4866593,356.29396390914917,-0.0006060361862182617,0
1595800850.4966493,358.0921597480774,-0.0006060361862182617,0
1595800850.5066478,359.8919005393982,-0.0006060361862182617,0
1595800850.507256,360,-0.0006060361862182617,1
1595800850.507256,0,0,0
1595800850.5125186,0.947270393371582,0,0
1595800850.5125186,0.6630892753601074,-0.0015787839889526366,0
1595800850.517274,1.519035816192627,-0.0015787839889526366,0
1595800850.5272682,3.318004131317139,-0.0015787839889526366,0
1595800850.537268,5.117959499359131,-0.0015787839889526366,0
1595800850.5472605,6.916627407073975,-0.0015787839889526366,0
1595800850.5572717,8.718642711639404,-0.0015787839889526366,0
1595800850.5672705,10.518426418304443,-0.0015787839889526366,0
1595800850.5772693,12.31821012496948,-0.0015787839889526366,0
1595800850.5872724,14.118766307830809,-0.0015787839889526366,0
1595800850.5972743,15.919107913970945,-0.0015787839889526366,0
1595800850.6072686,17.71807622909546,-0.0015787839889526366,0
1595800850.6172695,19.518246173858643,-0.0015787839889526366,0
1595800850.6272748,21.319188594818115,-0.0015787839889526366,0
1595800850.63726,23.116526126861572,-0.0015787839889526366,0
1595800850.6472604,24.91661024093628,-0.0015787839889526366,0
1595800850.6572678,26.717938899993896,-0.0015787839889526366,0
1595800850.6672583,28.516220569610596,-0.0015787839889526366,0
1595800850.6772711,30.318536281585693,-0.0015787839889526366,0
1595800850.687264,32.117247104644775,-0.0015787839889526366,0
1595800850.6972687,33.91810369491577,-0.0015787839889526366,0
1595800850.7072563,35.71587038040161,-0.0015787839889526366,0
1595800850.717262,37.51689863204956,-0.0015787839889526366,0
1595800850.7272623,39.31693983078003,-0.0015787839889526366,0
1595800850.7372622,41.11693811416626,-0.0015787839889526366,0
1595800850.747271,42.91852426528931,-0.0015787839889526366,0
1595800850.7572615,44.716805934906006,-0.0015787839889526366,0
1595800850.7672565,46.51590299606324,-0.0015787839889526366,0
1595800850.777261,48.31671667099,-0.0015787839889526366,0
1595800850.7872608,50.11667203903199,-0.0015787839889526366,0
1595800850.79726,51.916541576385505,-0.0015787839889526366,0
1595800850.8072681,53.71799898147584,-0.0015787839889526366,0
1595800850.8172688,55.51812601089478,-0.0015787839889526366,0
1595800850.8272579,57.31615018844605,-0.0015787839889526366,0
1595800850.8372562,59.115848064422615,-0.0015787839889526366,0
1595800850.847273,60.91889333724976,-0.0015787839889526366,0
1595800850.857272,62.7186770439148,-0.0015787839889526366,0
1595800850.867263,64.51708745956421,-0.0015787839889526366,0
1595800850.877268,66.31798696517944,-0.0015787839889526366,0
1595800850.887264,68.11725568771362,-0.0015787839889526366,0
1595800850.8972611,69.916738986969,-0.0015787839889526366,0
1595800850.9072719,71.71866846084595,-0.0015787839889526366,0
1595800850.9172628,73.51703596115112,-0.0015787839889526366,0
1595800850.9272592,75.31639051437378,-0.0015787839889526366,0
1595800850.9372656,77.11754751205444,-0.0015787839889526366,0
1595800850.9472697,78.91827535629272,-0.0015787839889526366,0
1595800850.9572713,80.71857404708862,-0.0015787839889526366,0
1595800850.967268,82.51797151565552,-0.0015787839889526366,0
1595800850.9772708,84.31848478317261,-0.0015787839889526366,0
1595800850.9872591,86.11638021469116,-0.0015787839889526366,0
1595800850.9972672,87.9178376197815,-0.0015787839889526366,0
1595800851.007257,89.71599054336548,-0.0015787839889526366,0
1595800851.0172672,91.51783418655396,-0.0015787839889526366,0
1595800851.027266,93.317617893219,-0.0015787839889526366,0
1595800851.0372672,95.11783075332642,-0.0015787839889526366,0
1595800851.0472555,96.91572618484497,-0.0015787839889526366,0
1595800851.057273,98.7188572883606,-0.0015787839889526366,0
1595800851.0672612,100.51675271987915,-0.0015787839889526366,0
1595800851.077264,102.31726598739624,-0.0015787839889526366,0
1595800851.0872717,104.1186375617981,-0.0015787839889526366,0
1595800851.0972657,105.91756296157837,-0.0015787839889526366,0
1595800851.107271,107.71850538253784,-0.0015787839889526366,0
1595800851.1172638,109.51721620559692,-0.0015787839889526366,0
1595800851.1272707,111.31845903396606,-0.0015787839889526366,0
1595800851.1372576,113.11609697341919,-0.0015787839889526366,0
1595800851.1472619,114.91686773300171,-0.0015787839889526366,0
1595800851.157265,116.71742391586304,-0.0015787839889526366,0
1595800851.1672602,118.5165638923645,-0.0015787839889526366,0
1595800851.1772683,120.31802129745483,-0.0015787839889526366,0
1595800851.1872685,122.1180624961853,-0.0015787839889526366,0
1595800851.197261,123.91673040390015,-0.0015787839889526366,0
1595800851.2072635,125.71715784072876,-0.0015787839889526366,0
1595800851.2172618,127.51685571670532,-0.0015787839889526366,0
1595800851.227261,129.31672525405884,-0.0015787839889526366,0
1595800851.2372704,131.11839723587036,-0.0015787839889526366,0
1595800851.247264,132.91723680496216,-0.0015787839889526366,0
1595800851.257272,134.7186942100525,-0.0015787839889526366,0
1595800851.267258,136.51616048812866,-0.0015787839889526366,0
1595800851.2772653,138.31748914718628,-0.0015787839889526366,0
1595800851.2872567,140.11594247817993,-0.0015787839889526366,0
1595800851.2972686,141.91808652877808,-0.0015787839889526366,0
1595800851.307264,143.71726942062378,-0.0015787839889526366,0
1595800851.3172598,145.51649522781372,-0.0015787839889526366,0
1595800851.3272712,147.3185534477234,-0.0015787839889526366,0
1595800851.337273,149.1188521385193,-0.0015787839889526366,0
1595800851.3472726,150.91880750656128,-0.0015787839889526366,0
1595800851.3572598,152.71648836135864,-0.0015787839889526366,0
1595800851.367258,154.5161862373352,-0.0015787839889526366,0
1595800851.3772674,156.31785821914673,-0.0015787839889526366,0
1595800851.387258,158.11618280410767,-0.0015787839889526366,0
1595800851.3972735,159.91897058486938,-0.0015787839889526366,0
1595800851.4072633,161.71712350845337,-0.0015787839889526366,0
1595800851.4172714,163.5185809135437,-0.0015787839889526366,0
1595800851.4272692,165.3181929588318,-0.0015787839889526366,0
1595800851.4372675,167.11789083480835,-0.0015787839889526366,0
1595800851.447266,168.91763162612915,-0.0015787839889526366,0
1595800851.4572704,170.71840238571167,-0.0015787839889526366,0
1595800851.4672582,172.51621198654175,-0.0015787839889526366,0
1595800851.4772658,174.3175835609436,-0.0015787839889526366,0
1595800851.4872694,176.1182255744934,-0.0015787839889526366,0
1595800851.4972675,177.91788053512573,-0.0015787839889526366,0
1595800851.5072653,179.71749258041382,-0.0015787839889526366,0
1595800851.5172706,181.51843500137326,-0.0015787839889526366,0
1595800851.527272,183.31869077682492,-0.0015787839889526366,0
1595800851.5372581,185.11619997024533,-0.0015787839889526366,0
1595800851.5472667,186.91774320602414,-0.0015787839889526366,0
1595800851.5572603,188.71658277511594,-0.0015787839889526366,0
1595800851.5672598,190.5164952278137,-0.0015787839889526366,0
1595800851.577263,192.31709432601926,-0.0015787839889526366,0
1595800851.5872555,194.11571931838986,-0.0015787839889526366,0
1595800851.5972672,195.91782045364377,-0.0015787839889526366,0
1595800851.6072652,197.7174754142761,-0.0015787839889526366,0
1595800851.6172721,199.51871824264524,-0.0015787839889526366,0
1595800851.627262,201.31691408157346,-0.0015787839889526366,0
1595800851.6372654,203.11751317977902,-0.0015787839889526366,0
1595800851.6472714,204.9185843467712,-0.0015787839889526366,0
1595800851.6572592,206.7163939476013,-0.0015787839889526366,0
1595800851.6672616,208.5168213844299,-0.0015787839889526366,0
1595800851.6772554,210.31570386886594,-0.0015787839889526366,0
1595800851.6872642,212.11729001998899,-0.0015787839889526366,0
1595800851.697264,213.91724538803098,-0.0015787839889526366,0
1595800851.7072618,215.71685743331906,-0.0015787839889526366,0
1595800851.717267,217.51779985427854,-0.0015787839889526366,0
1595800851.7272666,219.3177123069763,-0.0015787839889526366,0
1595800851.7372563,221.11586523056027,-0.0015787839889526366,0
1595800851.747263,222.91706514358518,-0.0015787839889526366,0
1595800851.757268,224.7179646492004,-0.0015787839889526366,0
1595800851.767255,226.51564550399777,-0.0015787839889526366,0
1595800851.7772696,228.31826162338254,-0.0015787839889526366,0
1595800851.7872548,230.115599155426,-0.0015787839889526366,0
1595800851.7972558,231.91576910018918,-0.0015787839889526366,0
1595800851.807263,233.71705484390256,-0.0015787839889526366,0
1595800851.8172667,235.5177397727966,-0.0015787839889526366,0
1595800851.8272607,237.31666517257688,-0.0015787839889526366,0
1595800851.8372705,239.11842298507688,-0.0015787839889526366,0
1595800851.8472655,240.9175200462341,-0.0015787839889526366,0
1595800851.8572638,242.71721792221066,-0.0015787839889526366,0
1595800851.8672726,244.5188040733337,-0.0015787839889526366,0
1595800851.8772554,246.3157124519348,-0.0015787839889526366,0
1595800851.8872595,248.11644029617307,-0.0015787839889526366,0
1595800851.8972561,249.91583776473996,-0.0015787839889526366,0
1595800851.9072697,251.71828222274777,-0.0015787839889526366,0
1595800851.9172602,253.51656389236447,-0.0015787839889526366,0
1595800851.9272704,255.31840753555295,-0.0015787839889526366,0
1595800851.9372585,257.1162600517273,-0.0015787839889526366,0
1595800851.9472673,258.91784620285034,-0.0015787839889526366,0
1595800851.9572566,260.71591329574585,-0.0015787839889526366,0
1595800851.9672582,262.51621198654175,-0.0015787839889526366,0
1595800851.9772584,264.3162531852722,-0.0015787839889526366,0
1595800851.987264,266.1172385215759,-0.0015787839889526366,0
1595800851.9972675,267.91788053512573,-0.0015787839889526366,0
1595800852.007263,269.71706342697144,-0.0015787839889526366,0
1595800852.0172653,271.51749086380005,-0.0015787839889526366,0
1595800852.0272563,273.3158583641052,-0.0015787839889526366,0
1595800852.0372627,275.1170153617859,-0.0015787839889526366,0
1595800852.0472665,276.91770029067993,-0.0015787839889526366,0
1595800852.0572617,278.7168402671814,-0.0015787839889526366,0
1595800852.0672705,280.51842641830444,-0.0015787839889526366,0
1595800852.0772576,282.3161072731018,-0.0015787839889526366,0
1595800852.0872552,284.11567640304565,-0.0015787839889526366,0
1595800852.097256,285.9158034324646,-0.0015787839889526366,0
1595800852.1072671,287.71781873703003,-0.0015787839889526366,0
1595800852.1172664,289.51768827438354,-0.0015787839889526366,0
1595800852.1272628,291.3170428276062,-0.0015787839889526366,0
1595800852.137259,293.1163544654846,-0.0015787839889526366,0
1595800852.1472614,294.91678190231323,-0.0015787839889526366,0
1595800852.1572728,296.7188401222229,-0.0015787839889526366,0
1595800852.1672578,298.5161347389221,-0.0015787839889526366,0
1595800852.1772559,300.31578969955444,-0.0015787839889526366,0
1595800852.1872685,302.1180624961853,-0.0015787839889526366,0
1595800852.1972606,303.91664457321167,-0.0015787839889526366,0
1595800852.2072597,305.71647119522095,-0.0015787839889526366,0
1595800852.217269,307.51814317703247,-0.0015787839889526366,0
1595800852.227264,309.3172402381897,-0.0015787839889526366,0
1595800852.2372642,311.11728143692017,-0.0015787839889526366,0
1595800852.2472649,312.9174084663391,-0.0015787839889526366,0
1595800852.2572699,314.71830797195435,-0.0015787839889526366,0
1595800852.267265,316.5174479484558,-0.0015787839889526366,0
1595800852.2772715,318.3186049461365,-0.0015787839889526366,0
1595800852.2872646,320.1173586845398,-0.0015787839889526366,0
1595800852.2972705,321.918429851532,-0.0015787839889526366,0
1595800852.3072631,323.7170977592468,-0.0015787839889526366,0
1595800852.3172638,325.51722478866577,-0.0015787839889526366,0
1595800852.3272681,327.3179955482483,-0.0015787839889526366,0
1595800852.337259,329.11636304855347,-0.0015787839889526366,0
1595800852.347262,330.91687631607056,-0.0015787839889526366,0
1595800852.3572662,332.7176470756531,-0.0015787839889526366,0
1595800852.3672655,334.5175166130066,-0.0015787839889526366,0
1595800852.3772616,336.316828250885,-0.0015787839889526366,0
1595800852.3872619,338.1168694496155,-0.0015787839889526366,0
1595800852.3972642,339.9172968864441,-0.0015787839889526366,0
1595800852.40726,341.71652269363403,-0.0015787839889526366,0
1595800852.4172564,343.5158772468567,-0.0015787839889526366,0
1595800852.4272623,345.3169484138489,-0.0015787839889526366,0
1595800852.4372578,347.1161313056946,-0.0015787839889526366,0
1595800852.4472587,348.91630125045776,-0.0015787839889526366,0
1595800852.457256,350.7158274650574,-0.0015787839889526366,0
1595800852.4672546,352.5155682563782,-0.0015787839889526366,0
1595800852.4772637,354.31719732284546,-0.0015787839889526366,0
1595800852.4872706,356.1184401512146,-0.0015787839889526366,0
1595800852.4972665,357.9177088737488,-0.0015787839889526366,0
1595800852.5072615,359.716805934906,-0.0015787839889526366,0
1595800852.50885,360,-0.0015787839889526366,1
1595800852.50885,0,0,0
1595800852.5176353,1.5813446044921875,0,0
1595800852.5176353,1.1069412231445312,-0.0026355743408203124,0
1595800852.5188546,1.3264102935791016,-0.0026355743408203124,0
1595800852.5288627,3.127867698669434,-0.0026355743408203124,0
1595800852.5388677,4.928767204284668,-0.0026355743408203124,0
1595800852.5488634,6.727993011474609,-0.0026355743408203124,0
1595800852.5588627,8.527862548828125,-0.0026355743408203124,0
1595800852.568853,10.326101303100586,-0.0026355743408203124,0
1595800852.5788662,12.128502845764158,-0.0026355743408203124,0
1595800852.5888572,13.926870346069334,-0.0026355743408203124,0
1595800852.5988674,15.72871398925781,-0.0026355743408203124,0
1595800852.6088526,17.52605152130127,-0.0026355743408203124,0
1595800852.61885,19.32557773590088,-0.0026355743408203124,0
1595800852.6288545,21.126391410827637,-0.0026355743408203124,0
1595800852.638854,22.92630386352539,-0.0026355743408203124,0
1595800852.648861,24.72754669189453,-0.0026355743408203124,0
1595800852.6588614,26.52763080596924,-0.0026355743408203124,0
1595800852.6688662,28.328487396240234,-0.0026355743408203124,0
1595800852.6788511,30.125782012939453,-0.0026355743408203124,0
1595800852.68885,31.925565719604492,-0.0026355743408203124,0
1595800852.6988518,33.72590732574463,-0.0026355743408203124,0
1595800852.708853,35.52612018585205,-0.0026355743408203124,0
1595800852.7188568,37.326805114746094,-0.0026355743408203124,0
1595800852.7288663,39.128520011901855,-0.0026355743408203124,0
1595800852.7388513,40.925814628601074,-0.0026355743408203124,0
1595800852.7488558,42.72662830352783,-0.0026355743408203124,0
1595800852.7588618,44.52769947052002,-0.0026355743408203124,0
1595800852.768856,46.32666778564454,-0.0026355743408203124,0
1595800852.7788517,48.12589359283448,-0.0026355743408203124,0
1595800852.7888587,49.92713642120362,-0.0026355743408203124,0
1595800852.7988572,51.72687721252442,-0.0026355743408203124,0
1595800852.8088634,53.52799129486085,-0.0026355743408203124,0
1595800852.8188596,55.327302932739265,-0.0026355743408203124,0
1595800852.8288517,57.12588500976563,-0.0026355743408203124,0
1595800852.8388526,58.926054954528816,-0.0026355743408203124,0
1595800852.848865,60.72828483581544,-0.0026355743408203124,0
1595800852.8588552,62.5265235900879,-0.0026355743408203124,0
1595800852.8688672,64.32866764068604,-0.0026355743408203124,0
1595800852.8788526,66.12604808807373,-0.0026355743408203124,0
1595800852.8888566,67.92677593231201,-0.0026355743408203124,0
1595800852.8988605,69.72746086120605,-0.0026355743408203124,0
1595800852.908863,71.5279312133789,-0.0026355743408203124,0
1595800852.918851,73.32574081420898,-0.0026355743408203124,0
1595800852.9288552,75.1265115737915,-0.0026355743408203124,0
1595800852.9388583,76.92706775665283,-0.0026355743408203124,0
1595800852.9488633,78.72796726226807,-0.0026355743408203124,0
1595800852.9588642,80.52813720703125,-0.0026355743408203124,0
1595800852.968851,82.32577514648438,-0.0026355743408203124,0
1595800852.9788606,84.12749004364014,-0.0026355743408203124,0
1595800852.9888546,85.92641544342041,-0.0026355743408203124,0
1595800852.9988592,87.72722911834717,-0.0026355743408203124,0
1595800853.008867,89.52864360809326,-0.0026355743408203124,0
1595800853.0188618,91.32769775390625,-0.0026355743408203124,0
1595800853.0288665,93.12855434417725,-0.0026355743408203124,0
1595800853.0388532,94.92614936828613,-0.0026355743408203124,0
1595800853.048868,96.72880840301514,-0.0026355743408203124,0
1595800853.058863,98.52790546417236,-0.0026355743408203124,0
1595800853.0688655,100.32837581634521,-0.0026355743408203124,0
1595800853.0788603,102.1274299621582,-0.0026355743408203124,0
1595800853.0888548,103.92644119262695,-0.0026355743408203124,0
1595800853.0988674,105.72871398925781,-0.0026355743408203124,0
1595800853.1088533,107.52618026733398,-0.0026355743408203124,0
1595800853.1188595,109.32729434967041,-0.0026355743408203124,0
1595800853.1288633,111.12797927856445,-0.0026355743408203124,0
1595800853.138861,112.9275484085083,-0.0026355743408203124,0
1595800853.148859,114.72720336914062,-0.0026355743408203124,0
1595800853.1588628,116.52788829803467,-0.0026355743408203124,0
1595800853.1688654,118.32835865020752,-0.0026355743408203124,0
1595800853.1788647,120.12822818756104,-0.0026355743408203124,0
1595800853.1888547,121.92642402648926,-0.0026355743408203124,0
1595800853.1988635,123.7280101776123,-0.0026355743408203124,0
1595800853.2088597,125.52732181549072,-0.0026355743408203124,0
1595800853.2188506,127.3256893157959,-0.0026355743408203124,0
1595800853.2288587,129.12714672088623,-0.0026355743408203124,0
1595800853.2388568,130.92680168151855,-0.0026355743408203124,0
1595800853.2488546,132.72641372680664,-0.0026355743408203124,0
1595800853.2588592,134.5272274017334,-0.0026355743408203124,0
1595800853.2688582,136.32705402374268,-0.0026355743408203124,0
1595800853.2788656,138.1283826828003,-0.0026355743408203124,0
1595800853.2888584,139.92709350585938,-0.0026355743408203124,0
1595800853.2988641,141.72812175750732,-0.0026355743408203124,0
1595800853.308856,143.52666091918945,-0.0026355743408203124,0
1595800853.3188562,145.32670211791992,-0.0026355743408203124,0
1595800853.3288558,147.12661457061768,-0.0026355743408203124,0
1595800853.3388648,148.92824363708496,-0.0026355743408203124,0
1595800853.3488517,150.7258815765381,-0.0026355743408203124,0
1595800853.358856,152.5266523361206,-0.0026355743408203124,0
1595800853.3688662,154.32849597930908,-0.0026355743408203124,0
1595800853.3788607,156.12750720977783,-0.0026355743408203124,0
1595800853.388855,157.92647552490234,-0.0026355743408203124,0
1595800853.3988633,159.7279758453369,-0.0026355743408203124,0
1595800853.4088492,161.5254421234131,-0.0026355743408203124,0
1595800853.4188576,163.32694244384766,-0.0026355743408203124,0
1595800853.4288561,165.12668323516846,-0.0026355743408203124,0
1595800853.4388525,166.9260377883911,-0.0026355743408203124,0
1595800853.4488544,168.72637939453125,-0.0026355743408203124,0
1595800853.4588597,170.52732181549072,-0.0026355743408203124,0
1595800853.4688675,172.32873630523682,-0.0026355743408203124,0
1595800853.4788513,174.12581634521484,-0.0026355743408203124,0
1595800853.4888656,175.92838954925537,-0.0026355743408203124,0
1595800853.4988542,177.72632789611816,-0.0026355743408203124,0
1595800853.508861,179.5275707244873,-0.0026355743408203124,0
1595800853.5188506,181.32568073272702,-0.0026355743408203124,0
1595800853.528852,183.12593650817868,-0.0026355743408203124,0
1595800853.5388577,184.92696475982663,-0.0026355743408203124,0
1595800853.5488648,186.72825050354,-0.0026355743408203124,0
1595800853.5588613,188.52760505676267,-0.0026355743408203124,0
1595800853.56886,190.3273887634277,-0.0026355743408203124,0
1595800853.5788662,192.12850284576413,-0.0026355743408203124,0
1595800853.588852,193.92592620849607,-0.0026355743408203124,0
1595800853.5988665,195.72854232788083,-0.0026355743408203124,0
1595800853.6088526,197.52605152130124,-0.0026355743408203124,0
1595800853.618849,199.3254060745239,-0.0026355743408203124,0
1595800853.6288524,201.12600517272946,-0.0026355743408203124,0
1595800853.6388621,202.92776298522946,-0.0026355743408203124,0
1595800853.6488504,204.72565841674802,-0.0026355743408203124,0
1595800853.658866,206.52844619750974,-0.0026355743408203124,0
1595800853.6688602,208.32741451263425,-0.0026355743408203124,0
1595800853.6788661,210.12848567962644,-0.0026355743408203124,0
1595800853.6888514,211.9258232116699,-0.0026355743408203124,0
1595800853.6988614,213.72762393951413,-0.0026355743408203124,0
1595800853.7088592,215.52723598480222,-0.0026355743408203124,0
1595800853.7188652,217.3283071517944,-0.0026355743408203124,0
1595800853.7288606,219.1274900436401,-0.0026355743408203124,0
1595800853.7388659,220.92843246459958,-0.0026355743408203124,0
1595800853.7488625,222.72782993316648,-0.0026355743408203124,0
1595800853.7588658,224.52842903137204,-0.0026355743408203124,0
1595800853.7688596,226.32731151580808,-0.0026355743408203124,0
1595800853.778857,228.1268377304077,-0.0026355743408203124,0
1595800853.7888603,229.92743682861325,-0.0026355743408203124,0
1595800853.7988644,231.72816467285153,-0.0026355743408203124,0
1595800853.8088658,233.5284204483032,-0.0026355743408203124,0
1595800853.8188503,235.32562923431394,-0.0026355743408203124,0
1595800853.8288608,237.12751579284665,-0.0026355743408203124,0
1595800853.838867,238.92862987518308,-0.0026355743408203124,0
1595800853.8488638,240.7280702590942,-0.0026355743408203124,0
1595800853.8588521,242.52596569061276,-0.0026355743408203124,0
1595800853.8688564,244.32673645019528,-0.0026355743408203124,0
1595800853.8788502,246.12561893463132,-0.0026355743408203124,0
1595800853.888862,247.92772006988523,-0.0026355743408203124,0
1595800853.8988497,249.7255296707153,-0.0026355743408203124,0
1595800853.9088647,251.52823162078855,-0.0026355743408203124,0
1595800853.9188497,253.32552623748776,-0.0026355743408203124,0
1595800853.9288516,255.1258678436279,-0.0026355743408203124,0
1595800853.938851,256.9257802963257,-0.0026355743408203124,0
1595800853.948867,258.7286539077759,-0.0026355743408203124,0
1595800853.9588675,260.5287380218506,-0.0026355743408203124,0
1595800853.9688516,262.32586097717285,-0.0026355743408203124,0
1595800853.9788625,264.12783336639404,-0.0026355743408203124,0
1595800853.9888504,265.9256429672241,-0.0026355743408203124,0
1595800853.9988513,267.7258129119873,-0.0026355743408203124,0
1595800854.0088549,269.5264549255371,-0.0026355743408203124,0
1595800854.018853,271.32610988616943,-0.0026355743408203124,0
1595800854.0288613,273.127610206604,-0.0026355743408203124,0
1595800854.038862,274.92773723602295,-0.0026355743408203124,0
1595800854.0488613,276.72760677337646,-0.0026355743408203124,0
1595800854.0588598,278.52734756469727,-0.0026355743408203124,0
1595800854.0688634,280.32798957824707,-0.0026355743408203124,0
1595800854.078852,282.12592792510986,-0.0026355743408203124,0
1595800854.088864,283.92811489105225,-0.0026355743408203124,0
1595800854.0988557,285.72661113739014,-0.0026355743408203124,0
1595800854.1088672,287.5286693572998,-0.0026355743408203124,0
1595800854.1188493,289.32544898986816,-0.0026355743408203124,0
1595800854.128852,291.125919342041,-0.0026355743408203124,0
1595800854.1388607,292.92750549316406,-0.0026355743408203124,0
1595800854.148861,294.72754669189453,-0.0026355743408203124,0
1595800854.1588612,296.527587890625,-0.0026355743408203124,0
1595800854.1688628,298.3278865814209,-0.0026355743408203124,0
1595800854.1788542,300.12633991241455,-0.0026355743408203124,0
1595800854.188853,301.9261236190796,-0.0026355743408203124,0
1595800854.1988642,303.728138923645,-0.0026355743408203124,0
1595800854.2088492,305.52543354034424,-0.0026355743408203124,0
1595800854.2188673,307.3286933898926,-0.0026355743408203124,0
1595800854.2288585,309.127103805542,-0.0026355743408203124,0
1595800854.2388625,310.9278316497803,-0.0026355743408203124,0
1595800854.248867,312.72864532470703,-0.0026355743408203124,0
1595800854.2588527,314.52606868743896,-0.0026355743408203124,0
1595800854.2688599,316.32735443115234,-0.0026355743408203124,0
1595800854.278857,318.1268377304077,-0.0026355743408203124,0
1595800854.2888584,319.9270935058594,-0.0026355743408203124,0
1595800854.29886,321.7273921966553,-0.0026355743408203124,0
1595800854.3088584,323.52709007263184,-0.0026355743408203124,0
1595800854.3188498,325.3255434036255,-0.0026355743408203124,0
1595800854.3288667,327.12858867645264,-0.0026355743408203124,0
1595800854.338851,328.92575454711914,-0.0026355743408203124,0
1595800854.3488567,330.7267827987671,-0.0026355743408203124,0
1595800854.3588505,332.5256652832031,-0.0026355743408203124,0
1595800854.3688545,334.3263931274414,-0.0026355743408203124,0
1595800854.378852,336.125919342041,-0.0026355743408203124,0
1595800854.388867,337.92862129211426,-0.0026355743408203124,0
1595800854.3988485,339.72531509399414,-0.0026355743408203124,0
1595800854.4088588,341.5271587371826,-0.0026355743408203124,0
1595800854.4188647,343.3282299041748,-0.0026355743408203124,0
1595800854.428854,345.1262969970703,-0.0026355743408203124,0
1595800854.438861,346.92753982543945,-0.0026355743408203124,0
1595800854.4488628,348.7278814315796,-0.0026355743408203124,0
1595800854.4588647,350.5282230377197,-0.0026355743408203124,0
1595800854.468861,352.3275775909424,-0.0026355743408203124,0
1595800854.478858,354.1270179748535,-0.0026355743408203124,0
1595800854.4888606,355.92748832702637,-0.0026355743408203124,0
1595800854.4988503,357.72564125061035,-0.0026355743408203124,0
1595800854.5088654,359.5283432006836,-0.0026355743408203124,0
1595800854.5114958,360,-0.0026355743408203124,1
1595800854.5114958,0,0,0
1595800854.5177538,1.1264419555664062,0,0
1595800854.5177538,0.7885093688964843,-0.0018774032592773437,0
1595800854.52151,1.4645977020263672,-0.0018774032592773437,0
1595800854.5315073,3.264123916625977,-0.0018774032592773437,0
1595800854.5415084,5.064336776733398,-0.0018774032592773437,0
1595800854.5515096,6.86454963684082,-0.0018774032592773437,0
1595800854.5615048,8.663689613342285,-0.0018774032592773437,0
1595800854.5715034,10.463430404663086,-0.0018774032592773437,0
1595800854.581498,12.262441635131834,-0.0018774032592773437,0
1595800854.5915093,14.064499855041502,-0.0018774032592773437,0
1595800854.6014957,15.86205196380615,-0.0018774032592773437,0
1595800854.6115072,17.66411018371582,-0.0018774032592773437,0
1595800854.6215026,19.463293075561523,-0.0018774032592773437,0
1595800854.6314998,21.262776374816895,-0.0018774032592773437,0
1595800854.6415055,23.063804626464844,-0.0018774032592773437,0
1595800854.651501,24.862987518310547,-0.0018774032592773437,0
1595800854.661511,26.664788246154785,-0.0018774032592773437,0
1595800854.6715028,28.463327407836914,-0.0018774032592773437,0
1595800854.6815083,30.264312744140625,-0.0018774032592773437,0
1595800854.69151,32.06461143493652,-0.0018774032592773437,0
1595800854.7015064,33.86396598815918,-0.0018774032592773437,0
1595800854.7114973,35.662333488464355,-0.0018774032592773437,0
1595800854.7215056,37.463833808898926,-0.0018774032592773437,0
1595800854.7315037,39.26348876953125,-0.0018774032592773437,0
1595800854.7415142,41.065375328063965,-0.0018774032592773437,0
1595800854.7515013,42.86305618286133,-0.0018774032592773437,0
1595800854.7615066,44.6639986038208,-0.0018774032592773437,0
1595800854.7715135,46.46524143218995,-0.0018774032592773437,0
1595800854.7815113,48.264853477478034,-0.0018774032592773437,0
1595800854.7915125,50.065066337585456,-0.0018774032592773437,0
1595800854.8015134,51.86523628234864,-0.0018774032592773437,0
1595800854.811505,53.66373252868653,-0.0018774032592773437,0
1595800854.821513,55.465147018432624,-0.0018774032592773437,0
1595800854.831499,57.262656211853034,-0.0018774032592773437,0
1595800854.841512,59.06497192382813,-0.0018774032592773437,0
1595800854.8515108,60.86475563049317,-0.0018774032592773437,0
1595800854.8614993,62.662693977355964,-0.0018774032592773437,0
1595800854.8715096,64.46453762054443,-0.0018774032592773437,0
1595800854.8814971,66.26230430603027,-0.0018774032592773437,0
1595800854.8914988,68.06260299682617,-0.0018774032592773437,0
1595800854.901503,69.86337375640869,-0.0018774032592773437,0
1595800854.9115033,71.66341495513916,-0.0018774032592773437,0
1595800854.9215,73.46281242370605,-0.0018774032592773437,0
1595800854.9315012,75.26302528381348,-0.0018774032592773437,0
1595800854.9415104,77.064697265625,-0.0018774032592773437,0
1595800854.9514956,78.86203479766846,-0.0018774032592773437,0
1595800854.9614964,80.6621618270874,-0.0018774032592773437,0
1595800854.9715018,82.46314716339111,-0.0018774032592773437,0
1595800854.9815102,84.26464748382568,-0.0018774032592773437,0
1595800854.9915082,86.06430244445801,-0.0018774032592773437,0
1595800855.001504,87.86352825164795,-0.0018774032592773437,0
1595800855.0115128,89.665114402771,-0.0018774032592773437,0
1595800855.021496,91.46210861206055,-0.0018774032592773437,0
1595800855.031507,93.26408100128174,-0.0018774032592773437,0
1595800855.0415094,95.06450843811035,-0.0018774032592773437,0
1595800855.0515049,96.86369132995605,-0.0018774032592773437,0
1595800855.0615125,98.66506290435791,-0.0018774032592773437,0
1595800855.071496,100.4621000289917,-0.0018774032592773437,0
1595800855.081514,102.2653169631958,-0.0018774032592773437,0
1595800855.0915022,104.06321239471436,-0.0018774032592773437,0
1595800855.1015127,105.86509895324707,-0.0018774032592773437,0
1595800855.1115084,107.66432476043701,-0.0018774032592773437,0
1595800855.1214983,109.46252059936523,-0.0018774032592773437,0
1595800855.1314955,111.2620038986206,-0.0018774032592773437,0
1595800855.1415062,113.06393337249756,-0.0018774032592773437,0
1595800855.1515107,114.86474704742432,-0.0018774032592773437,0
1595800855.1615121,116.66500282287598,-0.0018774032592773437,0
1595800855.1715016,118.46311283111572,-0.0018774032592773437,0
1595800855.1815066,120.26401233673096,-0.0018774032592773437,0
1595800855.1914997,122.06276607513428,-0.0018774032592773437,0
1595800855.2014956,123.86203479766846,-0.0018774032592773437,0
1595800855.211513,125.66516590118408,-0.0018774032592773437,0
1595800855.2215059,127.46387672424316,-0.0018774032592773437,0
1595800855.2315114,129.26486206054688,-0.0018774032592773437,0
1595800855.241509,131.06443119049072,-0.0018774032592773437,0
1595800855.2515125,132.86507320404053,-0.0018774032592773437,0
1595800855.2615032,134.66339778900146,-0.0018774032592773437,0
1595800855.2715006,136.46292400360107,-0.0018774032592773437,0
1595800855.2815108,138.26476764678955,-0.0018774032592773437,0
1595800855.2915008,140.06296348571777,-0.0018774032592773437,0
1595800855.3015025,141.86326217651367,-0.0018774032592773437,0
1595800855.3114972,143.66231632232666,-0.0018774032592773437,0
1595800855.321507,145.46407413482666,-0.0018774032592773437,0
1595800855.3314989,147.2626132965088,-0.0018774032592773437,0
1595800855.3415124,149.0650577545166,-0.0018774032592773437,0
1595800855.351495,150.86192321777344,-0.0018774032592773437,0
1595800855.3614993,152.66269397735596,-0.0018774032592773437,0
1595800855.3715065,154.46397972106934,-0.0018774032592773437,0
1595800855.3814957,156.26204681396484,-0.0018774032592773437,0
1595800855.3915107,158.0647487640381,-0.0018774032592773437,0
1595800855.40151,159.8646183013916,-0.0018774032592773437,0
1595800855.411497,161.66229915618896,-0.0018774032592773437,0
1595800855.4215124,163.46504402160645,-0.0018774032592773437,0
1595800855.4315114,165.26487064361572,-0.0018774032592773437,0
1595800855.4415066,167.0640106201172,-0.0018774032592773437,0
1595800855.451509,168.8644380569458,-0.0018774032592773437,0
1595800855.4614978,170.66241931915283,-0.0018774032592773437,0
1595800855.4715128,172.46512126922607,-0.0018774032592773437,0
1595800855.4815068,174.26404666900635,-0.0018774032592773437,0
1595800855.4915082,176.064302444458,-0.0018774032592773437,0
1595800855.5014963,177.86215496063232,-0.0018774032592773437,0
1595800855.5115116,179.6648998260498,-0.0018774032592773437,0
1595800855.5215101,181.46464061737058,-0.0018774032592773437,0
1595800855.5315092,183.26446723937985,-0.0018774032592773437,0
1595800855.5415018,185.0631351470947,-0.0018774032592773437,0
1595800855.551499,186.86261844635007,-0.0018774032592773437,0
1595800855.5615048,188.66368961334226,-0.0018774032592773437,0
1595800855.5715032,190.46338748931882,-0.0018774032592773437,0
1595800855.5814996,192.26274204254148,-0.0018774032592773437,0
1595800855.5915031,194.06338405609128,-0.0018774032592773437,0
1595800855.6015043,195.8635969161987,-0.0018774032592773437,0
1595800855.6115103,197.6646680831909,-0.0018774032592773437,0
1595800855.621506,199.46389389038083,-0.0018774032592773437,0
1595800855.6315002,201.26286220550534,-0.0018774032592773437,0
1595800855.641507,203.06406211853025,-0.0018774032592773437,0
1595800855.6514966,204.86221504211423,-0.0018774032592773437,0
1595800855.6615114,206.66487407684323,-0.0018774032592773437,0
1595800855.6714952,208.46195411682126,-0.0018774032592773437,0
1595800855.681497,210.2622957229614,-0.0018774032592773437,0
1595800855.691502,212.06319522857663,-0.0018774032592773437,0
1595800855.701507,213.86409473419187,-0.0018774032592773437,0
1595800855.7114995,215.66271972656247,-0.0018774032592773437,0
1595800855.7215035,217.46344757080075,-0.0018774032592773437,0
1595800855.7314997,219.26275920867917,-0.0018774032592773437,0
1595800855.7415001,221.06284332275388,-0.0018774032592773437,0
1595800855.751497,222.862283706665,-0.0018774032592773437,0
1595800855.7615056,224.66382694244382,-0.0018774032592773437,0
1595800855.771497,226.46228027343747,-0.0018774032592773437,0
1595800855.7815025,228.26326560974118,-0.0018774032592773437,0
1595800855.79151,230.06463718414304,-0.0018774032592773437,0
1595800855.8014998,231.86279010772702,-0.0018774032592773437,0
1595800855.8115056,233.66381835937497,-0.0018774032592773437,0
1595800855.8214953,235.46197128295896,-0.0018774032592773437,0
1595800855.831497,237.26226997375485,-0.0018774032592773437,0
1595800855.8415034,239.06342697143552,-0.0018774032592773437,0
1595800855.851505,240.86372566223142,-0.0018774032592773437,0
1595800855.8615043,242.66359519958493,-0.0018774032592773437,0
1595800855.8714967,244.46222019195554,-0.0018774032592773437,0
1595800855.8815079,246.26423549652097,-0.0018774032592773437,0
1595800855.891498,248.06247425079343,-0.0018774032592773437,0
1595800855.9015126,249.8650903701782,-0.0018774032592773437,0
1595800855.9114962,251.66212749481198,-0.0018774032592773437,0
1595800855.9214966,253.4622116088867,-0.0018774032592773437,0
1595800855.931508,255.26426982879636,-0.0018774032592773437,0
1595800855.941496,257.06207942962646,-0.0018774032592773437,0
1595800855.951501,258.8629789352417,-0.0018774032592773437,0
1595800855.9614964,260.6621618270874,-0.0018774032592773437,0
1595800855.971501,262.4630184173584,-0.0018774032592773437,0
1595800855.9815092,264.26447582244873,-0.0018774032592773437,0
1595800855.991498,266.06245708465576,-0.0018774032592773437,0
1595800856.0015123,267.8650302886963,-0.0018774032592773437,0
1595800856.0115101,269.6646423339844,-0.0018774032592773437,0
1595800856.0215106,271.4647264480591,-0.0018774032592773437,0
1595800856.0314949,273.2618923187256,-0.0018774032592773437,0
1595800856.0415018,275.0631351470947,-0.0018774032592773437,0
1595800856.0515006,276.86291885375977,-0.0018774032592773437,0
1595800856.0614994,278.6627025604248,-0.0018774032592773437,0
1595800856.0715013,280.46304416656494,-0.0018774032592773437,0
1595800856.0814974,282.26235580444336,-0.0018774032592773437,0
1595800856.0914958,284.0620536804199,-0.0018774032592773437,0
1595800856.101496,285.8620948791504,-0.0018774032592773437,0
1595800856.111509,287.6644535064697,-0.0018774032592773437,0
1595800856.1215053,289.46376514434814,-0.0018774032592773437,0
1595800856.1315038,291.26350593566895,-0.0018774032592773437,0
1595800856.141504,293.0635471343994,-0.0018774032592773437,0
1595800856.1515048,294.86367416381836,-0.0018774032592773437,0
1595800856.161507,296.66405868530273,-0.0018774032592773437,0
1595800856.1715047,298.4636707305908,-0.0018774032592773437,0
1595800856.1814997,300.26276779174805,-0.0018774032592773437,0
1595800856.191509,302.06443977355957,-0.0018774032592773437,0
1595800856.2015083,303.8643093109131,-0.0018774032592773437,0
1595800856.2115,305.662805557251,-0.0018774032592773437,0
1595800856.2215068,307.4640483856201,-0.0018774032592773437,0
1595800856.2315094,309.26451873779297,-0.0018774032592773437,0
1595800856.2415073,311.06413078308105,-0.0018774032592773437,0
1595800856.2515016,312.86309909820557,-0.0018774032592773437,0
1595800856.2614963,314.66215324401855,-0.0018774032592773437,0
1595800856.2714953,316.46197986602783,-0.0018774032592773437,0
1595800856.2815003,318.26287937164307,-0.0018774032592773437,0
1595800856.2915056,320.06382179260254,-0.0018774032592773437,0
1595800856.3014996,321.8627471923828,-0.0018774032592773437,0
1595800856.3115075,323.6641616821289,-0.0018774032592773437,0
1595800856.3215,325.46282958984375,-0.0018774032592773437,0
1595800856.3315003,327.2628707885742,-0.0018774032592773437,0
1595800856.3415034,329.06342697143555,-0.0018774032592773437,0
1595800856.351511,330.8647985458374,-0.0018774032592773437,0
1595800856.3615086,332.66436767578125,-0.0018774032592773437,0
1595800856.3715,334.4628210067749,-0.0018774032592773437,0
1595800856.3815055,336.2638063430786,-0.0018774032592773437,0
1595800856.391509,338.0644483566284,-0.0018774032592773437,0
1595800856.4015071,339.86410331726074,-0.0018774032592773437,0
1595800856.4114985,341.6625566482544,-0.0018774032592773437,0
1595800856.4214945,343.4618253707886,-0.0018774032592773437,0
1595800856.4315124,345.2650423049927,-0.0018774032592773437,0
1595800856.4415104,347.064697265625,-0.0018774032592773437,0
1595800856.4515104,348.86469554901123,-0.0018774032592773437,0
1595800856.4615023,350.66323471069336,-0.0018774032592773437,0
1595800856.4715028,352.46331882476807,-0.0018774032592773437,0
1595800856.4815128,354.2651195526123,-0.0018774032592773437,0
1595800856.4915092,356.06447410583496,-0.0018774032592773437,0
1595800856.5015018,357.8631420135498,-0.0018774032592773437,0
1595800856.5115082,359.66429901123047,-0.0018774032592773437,0
1595800856.5133886,360,-0.0018774032592773437,1
1595800856.5133886,0,0,0
1595800856.5203512,1.2532567977905273,0,0
1595800856.5203512,0.877279758453369,-0.002088761329650879,0
1595800856.5233965,1.4254374504089355,-0.002088761329650879,0
1595800856.5333886,3.224019527435303,-0.002088761329650879,0
1595800856.543394,5.025004863739014,-0.002088761329650879,0
1595800856.553396,6.82534646987915,-0.002088761329650879,0
1595800856.5633912,8.624486446380615,-0.002088761329650879,0
1595800856.5734034,10.426673412322998,-0.002088761329650879,0
1595800856.583402,12.226414203643797,-0.002088761329650879,0
1595800856.593395,14.025167942047117,-0.002088761329650879,0
1595800856.6033924,15.824694156646727,-0.002088761329650879,0
1595800856.6133945,17.625078678131104,-0.002088761329650879,0
1595800856.6234004,19.42614984512329,-0.002088761329650879,0
1595800856.6333947,21.225118160247803,-0.002088761329650879,0
1595800856.6433885,23.024000644683838,-0.002088761329650879,0
1595800856.6534061,24.8271746635437,-0.002088761329650879,0
1595800856.6633956,26.625284671783447,-0.002088761329650879,0
1595800856.6733909,28.424424648284912,-0.002088761329650879,0
1595800856.6833928,30.22476625442505,-0.002088761329650879,0
1595800856.6933901,32.02429246902466,-0.002088761329650879,0
1595800856.7034018,33.826393604278564,-0.002088761329650879,0
1595800856.7134051,35.62699270248413,-0.002088761329650879,0
1595800856.7234042,37.42681932449341,-0.002088761329650879,0
1595800856.7333918,39.22458600997925,-0.002088761329650879,0
1595800856.7433956,41.02527093887329,-0.002088761329650879,0
1595800856.7533963,42.825397968292236,-0.002088761329650879,0
1595800856.763407,44.62732744216919,-0.002088761329650879,0
1595800856.7733943,46.4250512123108,-0.002088761329650879,0
1595800856.7833958,48.22530698776246,-0.002088761329650879,0
1595800856.7933972,50.02556276321412,-0.002088761329650879,0
1595800856.803398,51.825689792633064,-0.002088761329650879,0
1595800856.813392,53.62461519241334,-0.002088761329650879,0
1595800856.8233888,55.42405557632447,-0.002088761329650879,0
1595800856.8333905,57.22435426712037,-0.002088761329650879,0
1595800856.8434052,59.02701330184937,-0.002088761329650879,0
1595800856.8534036,60.826711177825935,-0.002088761329650879,0
1595800856.863394,62.624992847442634,-0.002088761329650879,0
1595800856.8733907,64.42439031600952,-0.002088761329650879,0
1595800856.883395,66.22516107559204,-0.002088761329650879,0
1595800856.8934,68.02606058120728,-0.002088761329650879,0
1595800856.9034007,69.82618761062622,-0.002088761329650879,0
1595800856.9134002,71.62610006332397,-0.002088761329650879,0
1595800856.9234002,73.4260983467102,-0.002088761329650879,0
1595800856.9334035,75.22669744491577,-0.002088761329650879,0
1595800856.9433916,77.02454996109009,-0.002088761329650879,0
1595800856.9533942,78.82502031326294,-0.002088761329650879,0
1595800856.9634006,80.6261773109436,-0.002088761329650879,0
1595800856.9733953,82.42523145675659,-0.002088761329650879,0
1595800856.9833982,84.22574472427368,-0.002088761329650879,0
1595800856.9933944,86.0250563621521,-0.002088761329650879,0
1595800857.0034046,87.82690000534058,-0.002088761329650879,0
1595800857.013389,89.62410879135132,-0.002088761329650879,0
1595800857.023394,91.42500829696655,-0.002088761329650879,0
1595800857.0334022,93.22646570205688,-0.002088761329650879,0
1595800857.0433924,95.02470445632935,-0.002088761329650879,0
1595800857.053405,96.8269772529602,-0.002088761329650879,0
1595800857.063395,98.62517309188843,-0.002088761329650879,0
1595800857.0733914,100.42452764511108,-0.002088761329650879,0
1595800857.0833955,102.22525548934937,-0.002088761329650879,0
1595800857.0933926,104.02473878860474,-0.002088761329650879,0
1595800857.1034029,105.82658243179321,-0.002088761329650879,0
1595800857.1133914,107.624520778656,-0.002088761329650879,0
1595800857.1233993,109.4259352684021,-0.002088761329650879,0
1595800857.133399,111.22589063644409,-0.002088761329650879,0
1595800857.1433938,113.02494478225708,-0.002088761329650879,0
1595800857.1533923,114.82468557357788,-0.002088761329650879,0
1595800857.1633987,116.62584257125854,-0.002088761329650879,0
1595800857.1733932,118.4248538017273,-0.002088761329650879,0
1595800857.1833985,120.22579622268677,-0.002088761329650879,0
1595800857.193394,122.02497911453247,-0.002088761329650879,0
1595800857.2034054,123.82703733444214,-0.002088761329650879,0
1595800857.21339,125.62428903579712,-0.002088761329650879,0
1595800857.2234058,127.42711973190308,-0.002088761329650879,0
1595800857.2334068,129.22728967666626,-0.002088761329650879,0
1595800857.2433908,131.02441263198853,-0.002088761329650879,0
1595800857.2533941,132.8250117301941,-0.002088761329650879,0
1595800857.2633953,134.6252245903015,-0.002088761329650879,0
1595800857.273394,136.42500829696655,-0.002088761329650879,0
1595800857.283406,138.2271523475647,-0.002088761329650879,0
1595800857.2933984,140.0257773399353,-0.002088761329650879,0
1595800857.3034,141.8260760307312,-0.002088761329650879,0
1595800857.3133998,143.6260313987732,-0.002088761329650879,0
1595800857.3234031,145.42663049697876,-0.002088761329650879,0
