Type = DelayAdvance,Function = Wang Sync Simple,Refract = 0,Coupling Strength = 0.5,Start_phase = 80
Timestamp,Phase,Offset,Ping?
1595800879.0000212,80,0,0
1595800879.0100348,81.8014144897461,0.4444444444444444,0
1595800879.02004,83.60235691070557,0.4444444444444444,0
1595800879.03003,85.40055274963379,0.4444444444444444,0
1595800879.0400283,87.20025062561035,0.4444444444444444,0
1595800879.0500436,89.00299549102783,0.4444444444444444,0
1595800879.0600278,90.80016136169434,0.4444444444444444,0
1595800879.070037,92.60179042816162,0.4444444444444444,0
1595800879.0800407,94.40247535705566,0.4444444444444444,0
1595800879.0900452,96.20328903198242,0.4444444444444444,0
1595800879.1000292,98.00041198730469,0.4444444444444444,0
1595800879.110044,99.80307102203369,0.4444444444444444,0
1595800879.1200423,101.60276889801025,0.4444444444444444,0
1595800879.1300354,103.40152263641357,0.4444444444444444,0
1595800879.1400287,105.20031929016113,0.4444444444444444,0
1595800879.150032,107.0009183883667,0.4444444444444444,0
1595800879.1600337,108.8012170791626,0.4444444444444444,0
1595800879.170045,110.60323238372803,0.4444444444444444,0
1595800879.180036,112.40164279937744,0.4444444444444444,0
1595800879.1900358,114.20159816741943,0.4444444444444444,0
1595800879.2000358,116.00159645080566,0.4444444444444444,0
1595800879.2100322,117.80095100402832,0.4444444444444444,0
1595800879.2200384,119.60206508636475,0.4444444444444444,0
1595800879.2300456,121.40335083007812,0.4444444444444444,0
1595800879.2400384,123.2020616531372,0.4444444444444444,0
1595800879.250036,125.00163078308105,0.4444444444444444,0
1595800879.260038,126.80197238922119,0.4444444444444444,0
1595800879.2700353,128.6014986038208,0.4444444444444444,0
1595800879.280039,130.40218353271484,0.4444444444444444,0
1595800879.2900298,132.20050811767578,0.4444444444444444,0
1595800879.3000336,134.00119304656982,0.4444444444444444,0
1595800879.3100426,135.8028221130371,0.4444444444444444,0
1595800879.3200374,137.6018762588501,0.4444444444444444,0
1595800879.3300433,139.40294742584229,0.4444444444444444,0
1595800879.340038,141.20200157165527,0.4444444444444444,0
1595800879.3500378,143.00195693969727,0.4444444444444444,0
1595800879.3600428,144.8028564453125,0.4444444444444444,0
1595800879.3700383,146.6020393371582,0.4444444444444444,0
1595800879.3800385,148.40208053588867,0.4444444444444444,0
1595800879.39004,150.20233631134033,0.4444444444444444,0
1595800879.4000304,152.00061798095703,0.4444444444444444,0
1595800879.4100273,153.80005836486816,0.4444444444444444,0
1595800879.420044,155.60306072235107,0.4444444444444444,0
1595800879.4300315,157.4008274078369,0.4444444444444444,0
1595800879.4400392,159.20219898223877,0.4444444444444444,0
1595800879.450028,161.0001802444458,0.4444444444444444,0
1595800879.4600298,162.80052185058594,0.4444444444444444,0
1595800879.4700382,164.6020221710205,0.4444444444444444,0
1595800879.480038,166.4019775390625,0.4444444444444444,0
1595800879.490045,168.20326328277588,0.4444444444444444,0
1595800879.5000346,170.00137329101562,0.4444444444444444,0
1595800879.510036,171.80162906646729,0.4444444444444444,0
1595800879.5200415,173.602614402771,0.4444444444444444,0
1595800879.530028,175.40020942687988,0.4444444444444444,0
1595800879.540045,177.20325469970703,0.4444444444444444,0
1595800879.5500276,179.00012016296387,0.4444444444444444,0
1595800879.5600274,180.80007553100586,0.4444444444444444,0
1595800879.5700362,182.6016616821289,0.4444444444444444,0
1595800879.5800285,184.4002866744995,0.4444444444444444,0
1595800879.5900402,186.20238780975342,0.4444444444444444,0
1595800879.6000278,188.00015449523926,0.4444444444444444,0
1595800879.6100388,189.80212688446045,0.4444444444444444,0
1595800879.620041,191.60251140594482,0.4444444444444444,0
1595800879.6300335,193.40117931365967,0.4444444444444444,0
1595800879.64004,195.20233631134033,0.4444444444444444,0
1595800879.6500301,197.0005750656128,0.4444444444444444,0
1595800879.660033,198.80108833312988,0.4444444444444444,0
1595800879.6700315,200.60082912445068,0.4444444444444444,0
1595800879.6800373,202.40185737609863,0.4444444444444444,0
1595800879.6900377,204.20194149017334,0.4444444444444444,0
1595800879.7000291,206.000394821167,0.4444444444444444,0
1595800879.7100308,207.8006935119629,0.4444444444444444,0
1595800879.7200289,209.60034847259521,0.4444444444444444,0
1595800879.7300322,211.40094757080078,0.4444444444444444,0
1595800879.7400372,213.20184707641602,0.4444444444444444,0
1595800879.7500286,215.00030040740967,0.4444444444444444,0
1595800879.7600324,216.8009853363037,0.4444444444444444,0
1595800879.7700372,218.6018419265747,0.4444444444444444,0
1595800879.7800384,220.40205478668213,0.4444444444444444,0
1595800879.7900279,222.20016479492188,0.4444444444444444,0
1595800879.8000443,224.00312423706055,0.4444444444444444,0
1595800879.810031,225.80071926116943,0.4444444444444444,0
1595800879.8200357,227.60157585144043,0.4444444444444444,0
1595800879.8300428,229.4028615951538,0.4444444444444444,0
1595800879.8400376,231.2019157409668,0.4444444444444444,0
1595800879.8500414,233.00260066986084,0.4444444444444444,0
1595800879.8600433,234.80294227600098,0.4444444444444444,0
1595800879.870027,236.600022315979,0.4444444444444444,0
1595800879.8800297,238.40049266815186,0.4444444444444444,0
1595800879.8900416,240.20263671875,0.4444444444444444,0
1595800879.9000416,242.00263500213623,0.4444444444444444,0
1595800879.9100409,243.80250453948975,0.4444444444444444,0
1595800879.9200304,245.6006145477295,0.4444444444444444,0
1595800879.9300435,247.40297317504883,0.4444444444444444,0
1595800879.9400356,249.2015552520752,0.4444444444444444,0
1595800879.950037,251.00181102752686,0.4444444444444444,0
1595800879.9600348,252.80142307281494,0.4444444444444444,0
1595800879.9700427,254.60283756256104,0.4444444444444444,0
1595800879.9800293,256.4004325866699,0.4444444444444444,0
1595800879.990043,258.20287704467773,0.4444444444444444,0
1595800880.000027,260.0,0.4444444444444444,0
1595800880.0100374,261.8018865585327,0.4444444444444444,0
1595800880.0200305,263.60064029693604,0.4444444444444444,0
1595800880.030037,265.4017972946167,0.4444444444444444,0
1595800880.0400414,267.20261096954346,0.4444444444444444,0
1595800880.0500388,269.00213718414307,0.4444444444444444,0
1595800880.0600338,270.8012342453003,0.4444444444444444,0
1595800880.0700364,272.60170459747314,0.4444444444444444,0
1595800880.08003,274.40054416656494,0.4444444444444444,0
1595800880.0900319,276.2008857727051,0.4444444444444444,0
1595800880.1000288,278.0003261566162,0.4444444444444444,0
1595800880.110036,279.8016119003296,0.4444444444444444,0
1595800880.120044,281.6030693054199,0.4444444444444444,0
1595800880.1300397,283.40229511260986,0.4444444444444444,0
1595800880.14003,285.2005338668823,0.4444444444444444,0
1595800880.1500435,287.00297832489014,0.4444444444444444,0
1595800880.160026,288.799843788147,0.4444444444444444,0
1595800880.1700437,290.60301780700684,0.4444444444444444,0
1595800880.1800277,292.4001407623291,0.4444444444444444,0
1595800880.19004,294.2023706436157,0.4444444444444444,0
1595800880.20004,296.00236892700195,0.4444444444444444,0
1595800880.2100332,297.8011226654053,0.4444444444444444,0
1595800880.2200327,299.601035118103,0.4444444444444444,0
1595800880.2300286,301.4003038406372,0.4444444444444444,0
1595800880.2400439,303.2030487060547,0.4444444444444444,0
1595800880.250027,305.0,0.4444444444444444,0
1595800880.2600367,306.8017578125,0.4444444444444444,0
1595800880.2700417,308.60265731811523,0.4444444444444444,0
1595800880.2800384,310.40205478668213,0.4444444444444444,0
1595800880.2900438,312.20304012298584,0.4444444444444444,0
1595800880.300041,314.0025234222412,0.4444444444444444,0
1595800880.3100352,315.8014917373657,0.4444444444444444,0
1595800880.3200312,317.6007604598999,0.4444444444444444,0
1595800880.3300278,319.4001579284668,0.4444444444444444,0
1595800880.3400302,321.2005853652954,0.4444444444444444,0
1595800880.350026,322.99981117248535,0.4444444444444444,0
1595800880.3600338,324.80122566223145,0.4444444444444444,0
1595800880.3700347,326.60139560699463,0.4444444444444444,0
1595800880.3800406,328.4024667739868,0.4444444444444444,0
1595800880.3900387,330.20212173461914,0.4444444444444444,0
1595800880.4000318,332.00087547302246,0.4444444444444444,0
1595800880.4100423,333.8027620315552,0.4444444444444444,0
1595800880.4200416,335.6026315689087,0.4444444444444444,0
1595800880.4300401,337.4023723602295,0.4444444444444444,0
1595800880.4400342,339.20129776000977,0.4444444444444444,0
1595800880.4500337,341.0012102127075,0.4444444444444444,0
1595800880.4572358,342.2975969314575,0.4444444444444444,0
1595800880.4572358,351.14879846572876,0.4936177863015069,0
1595800880.4600267,351.6511654853821,0.4936177863015069,0
1595800880.4700415,353.4538245201111,0.4936177863015069,0
1595800880.4800415,355.2538228034973,0.4936177863015069,0
1595800880.4900274,357.0512890815735,0.4936177863015069,0
1595800880.5000372,358.8530468940735,0.4936177863015069,0
1595800880.5064247,360,0.4936177863015069,1
1595800880.5064247,0,0,0
1595800880.5164366,1.8021440505981445,0,0
1595800880.5264366,3.602142333984375,0,0
1595800880.5364413,5.402998924255371,0,0
1595800880.5464258,7.200207710266113,0,0
1595800880.5564322,9.001364707946777,0,0
1595800880.566428,10.800590515136719,0,0
1595800880.576434,12.601661682128906,0,0
1595800880.5864272,14.400458335876465,0,0
1595800880.5964327,16.201443672180176,0,0
1595800880.6064272,18.000454902648926,0,0
1595800880.6164367,19.802169799804688,0,0
1595800880.6264412,21.602983474731445,0,0
1595800880.6364396,23.402681350708008,0,0
1595800880.64644,25.202765464782715,0,0
1595800880.6564384,27.002463340759277,0,0
1595800880.666425,28.800058364868164,0,0
1595800880.6764355,30.60194492340088,0,0
1595800880.6864254,32.4001407623291,0,0
1595800880.6964417,34.203057289123535,0,0
1595800880.7064273,36.00048065185547,0,0
1595800880.7164428,37.80326843261719,0,0
1595800880.7264311,39.60116386413574,0,0
1595800880.7364419,41.403093338012695,0,0
1595800880.7464433,43.203349113464355,0,0
1595800880.75643,45.00094413757324,0,0
1595800880.7664282,46.800642013549805,0,0
1595800880.7764285,48.60068321228027,0,0
1595800880.7864308,50.40111064910889,0,0
1595800880.7964394,52.202653884887695,0,0
1595800880.8064291,54.00080680847168,0,0
1595800880.8164408,55.802907943725586,0,0
1595800880.8264344,57.60174751281738,0,0
1595800880.836442,59.40311908721924,0,0
1595800880.8464425,61.203203201293945,0,0
1595800880.8564372,63.002257347106934,0,0
1595800880.8664312,64.8011827468872,0,0
1595800880.8764393,66.60264015197754,0,0
1595800880.8864348,68.40182304382324,0,0
1595800880.8964262,70.2002763748169,0,0
1595800880.906442,72.00310707092285,0,0
1595800880.9164414,73.8030195236206,0,0
1595800880.9264388,75.60254573822021,0,0
1595800880.9364262,77.40026950836182,0,0
1595800880.9464295,79.20086860656738,0,0
1595800880.956441,81.00292682647705,0,0
1595800880.9664435,82.8033971786499,0,0
1595800880.976425,84.60004806518555,0,0
1595800880.986439,86.40257835388184,0,0
1595800880.9964342,88.2017183303833,0,0
1595800881.0064342,90.00171661376953,0,0
1595800881.01644,91.80274486541748,0,0
1595800881.02644,93.60274314880371,0,0
1595800881.0364318,95.40128231048584,0,0
1595800881.0464344,97.20175266265869,0,0
1595800881.0564244,98.99994850158691,0,0
1595800881.0664263,100.80029010772705,0,0
1595800881.076432,102.601318359375,0,0
1595800881.086441,104.40294742584229,0,0
1595800881.0964346,106.20178699493408,0,0
1595800881.1064403,108.00281524658203,0,0
1595800881.116426,109.80023860931396,0,0
1595800881.1264298,111.60092353820801,0,0
1595800881.1364377,113.4023380279541,0,0
1595800881.14644,115.20276546478271,0,0
1595800881.1564367,117.00216293334961,0,0
1595800881.1664286,118.80070209503174,0,0
1595800881.1764288,120.6007432937622,0,0
1595800881.1864429,122.4032735824585,0,0
1595800881.196438,124.20241355895996,0,0
1595800881.2064288,126.0007381439209,0,0
1595800881.216442,127.80313968658447,0,0
1595800881.226426,129.6002197265625,0,0
1595800881.2364354,131.40193462371826,0,0
1595800881.246437,133.20223331451416,0,0
1595800881.2564418,135.00308990478516,0,0
1595800881.2664375,136.8023157119751,0,0
1595800881.2764387,138.60252857208252,0,0
1595800881.2864392,140.40261268615723,0,0
1595800881.2964265,142.20033645629883,0,0
1595800881.3064387,144.0025234222412,0,0
1595800881.316429,145.80076217651367,0,0
1595800881.3264308,147.6011037826538,0,0
1595800881.3364327,149.40144538879395,0,0
1595800881.346437,151.20221614837646,0,0
1595800881.356438,153.00238609313965,0,0
1595800881.3664412,154.80298519134521,0,0
1595800881.3764253,156.60010814666748,0,0
1595800881.3864307,158.4010934829712,0,0
1595800881.3964405,160.2028512954712,0,0
1595800881.4064374,162.00229167938232,0,0
1595800881.4164414,163.8030195236206,0,0
1595800881.4264338,165.6016445159912,0,0
1595800881.4364305,167.4010419845581,0,0
1595800881.4464426,169.2032289505005,0,0
1595800881.4564269,171.000394821167,0,0
1595800881.4664295,172.80086517333984,0,0
1595800881.4764292,174.60082054138184,0,0
1595800881.4864283,176.4006471633911,0,0
1595800881.4964404,178.2028341293335,0,0
1595800881.506424,179.99987125396729,0,0
1595800881.5164244,181.799955368042,0,0
1595800881.5264416,183.60304355621338,0,0
1595800881.5364306,185.40106773376465,0,0
1595800881.54644,187.20273971557617,0,0
1595800881.5564249,189.0000343322754,0,0
1595800881.5664294,190.80084800720215,0,0
1595800881.5764341,192.60170459747314,0,0
1595800881.5864425,194.40320491790771,0,0
1595800881.596429,196.2007999420166,0,0
1595800881.6064413,198.00298690795898,0,0
1595800881.6164398,199.80272769927979,0,0
1595800881.6264305,201.60105228424072,0,0
1595800881.636429,203.40079307556152,0,0
1595800881.6464403,205.20280838012695,0,0
1595800881.656439,207.002592086792,0,0
1595800881.666432,208.80130290985107,0,0
1595800881.6764278,210.60057163238525,0,0
1595800881.68643,212.40095615386963,0,0
1595800881.6964345,214.2017698287964,0,0
1595800881.706438,216.0024118423462,0,0
1595800881.7164423,217.8031826019287,0,0
1595800881.7264256,219.60017681121826,0,0
1595800881.7364411,221.40296459197998,0,0
1595800881.7464385,223.2024908065796,0,0
1595800881.7564383,225.00244617462158,0,0
1595800881.7664325,226.8014144897461,0,0
1595800881.7764266,228.60033988952637,0,0
1595800881.78644,230.40274143218994,0,0
1595800881.7964363,232.2020959854126,0,0
1595800881.8064418,234.0030813217163,0,0
1595800881.8164315,235.8012342453003,0,0
1595800881.8264382,237.6024341583252,0,0
1595800881.8364272,239.40045833587646,0,0
1595800881.8464386,241.20251655578613,0,0
1595800881.8564425,243.00320148468018,0,0
1595800881.8664405,244.8028564453125,0,0
1595800881.8764262,246.60027980804443,0,0
1595800881.886435,248.40186595916748,0,0
1595800881.896433,250.2015209197998,0,0
1595800881.906428,252.00061798095703,0,0
1595800881.9164279,253.80057334899902,0,0
1595800881.9264393,255.6026315689087,0,0
1595800881.9364245,257.39996910095215,0,0
1595800881.9464276,259.2005252838135,0,0
1595800881.9564295,261.0008668899536,0,0
1595800881.9664285,262.8006935119629,0,0
1595800881.976438,264.60240840911865,0,0
1595800881.9864416,266.40305042266846,0,0
1595800881.9964235,268.1997871398926,0,0
1595800882.0064304,270.0010299682617,0,0
1595800882.016439,271.8025732040405,0,0
1595800882.0264404,273.6028289794922,0,0
1595800882.0364377,275.4023551940918,0,0
1595800882.0464346,277.20179557800293,0,0
1595800882.0564365,279.00213718414307,0,0
1595800882.0664382,280.80243587493896,0,0
1595800882.076442,282.603120803833,0,0
1595800882.0864322,284.40135955810547,0,0
1595800882.0964398,286.2027311325073,0,0
1595800882.1064234,287.9997682571411,0,0
1595800882.1164403,289.80281352996826,0,0
1595800882.1264415,291.6030263900757,0,0
1595800882.1364405,293.40285301208496,0,0
1595800882.1464307,295.2010917663574,0,0
1595800882.1564345,297.00177669525146,0,0
1595800882.166431,298.8011312484741,0,0
1595800882.1764383,300.60245990753174,0,0
1595800882.1864405,302.4028444290161,0,0
1595800882.196439,304.2025852203369,0,0
1595800882.2064312,306.0011672973633,0,0
1595800882.2164314,307.80120849609375,0,0
1595800882.2264335,309.6015930175781,0,0
1595800882.2364364,311.4021062850952,0,0
1595800882.2464411,313.2029628753662,0,0
1595800882.256431,315.00115871429443,0,0
1595800882.2664394,316.802659034729,0,0
1595800882.2764251,318.60008239746094,0,0
1595800882.2864282,320.40063858032227,0,0
1595800882.2964349,322.20183849334717,0,0
1595800882.3064272,324.0004634857178,0,0
1595800882.3164365,325.8021354675293,0,0
1595800882.3264287,327.60071754455566,0,0
1595800882.3364284,329.40067291259766,0,0
1595800882.3464308,331.20110034942627,0,0
1595800882.356442,333.0031156539917,0,0
1595800882.3664324,334.8013973236084,0,0
1595800882.3764284,336.6006660461426,0,0
1595800882.386433,338.40147972106934,0,0
1595800882.3964255,340.2001476287842,0,0
1595800882.406441,342.0029354095459,0,0
1595800882.4164255,343.80014419555664,0,0
1595800882.426427,345.6003999710083,0,0
1595800882.4364347,347.4018144607544,0,0
1595800882.4464245,349.1999673843384,0,0
1595800882.4564288,351.0007381439209,0,0
1595800882.4664402,352.80279636383057,0,0
1595800882.4764383,354.6024513244629,0,0
1595800882.4864256,356.4001750946045,0,0
1595800882.4885924,356.790189743042,0,0
1595800882.4885924,358.395094871521,0.008916139602661133,0
1595800882.4964292,359.8057222366333,0.008916139602661133,0
1595800882.4975128,360,0.008916139602661133,1
1595800882.4975128,0,0,0
1595800882.5075233,1.8018865585327148,0,0
1595800882.5175207,3.601412773132324,0,0
1595800882.5275261,5.402398109436035,0,0
1595800882.5375168,7.200722694396973,0,0
1595800882.547521,9.001493453979492,0,0
1595800882.5575235,10.801920890808105,0,0
1595800882.5675247,12.602133750915527,0,0
1595800882.5775132,14.40007209777832,0,0
1595800882.587524,16.202001571655273,0,0
1595800882.5975225,18.001742362976074,0,0
1595800882.6075256,19.802298545837402,0,0
1595800882.6175194,21.601181030273438,0,0
1595800882.627518,23.40092182159424,0,0
1595800882.637524,25.201992988586426,0,0
1595800882.6475253,27.002248764038086,0,0
1595800882.6575177,28.80087375640869,0,0
1595800882.667519,30.60112953186035,0,0
1595800882.677521,32.40147113800049,0,0
1595800882.6875148,34.20035362243652,0,0
1595800882.6975179,36.00090980529785,0,0
1595800882.7075202,37.801337242126465,0,0
1595800882.7175128,39.60000514984131,0,0
1595800882.7275212,41.40150547027588,0,0
1595800882.7375195,43.20120334625244,0,0
1595800882.7475288,45.002875328063965,0,0
1595800882.7575157,46.80051326751709,0,0
1595800882.76753,48.60308647155762,0,0
1595800882.7775223,50.40171146392822,0,0
1595800882.7875197,52.20123767852783,0,0
1595800882.7975285,54.00282382965088,0,0
1595800882.8075252,55.80222129821777,0,0
1595800882.8175168,57.600717544555664,0,0
1595800882.8275204,59.40135955810547,0,0
1595800882.8375194,61.201186180114746,0,0
1595800882.8475146,63.00032615661621,0,0
1595800882.8575165,64.80066776275635,0,0
1595800882.8675156,66.60049438476562,0,0
1595800882.8775198,68.40126514434814,0,0
1595800882.887531,70.20328044891357,0,0
1595800882.8975246,72.00212001800537,0,0
1595800882.9075265,73.80246162414551,0,0
1595800882.9175265,75.60245990753174,0,0
1595800882.9275186,77.4010419845581,0,0
1595800882.9375222,79.20168399810791,0,0
1595800882.9475281,81.0027551651001,0,0
1595800882.9575188,82.80107975006104,0,0
1595800882.967521,84.60146427154541,0,0
1595800882.9775305,86.40317916870117,0,0
1595800882.9875154,88.20047378540039,0,0
1595800882.9975176,90.00085830688477,0,0
1595800883.007525,91.80218696594238,0,0
1595800883.0175312,93.60330104827881,0,0
1595800883.027522,95.40166854858398,0,0
1595800883.0375147,97.20033645629883,0,0
1595800883.0475135,99.00012016296387,0,0
1595800883.0575202,100.80132007598877,0,0
1595800883.067525,102.60217666625977,0,0
1595800883.0775175,104.40084457397461,0,0
1595800883.087515,106.20041370391846,0,0
1595800883.097524,108.0019998550415,0,0
1595800883.1075125,109.7999382019043,0,0
1595800883.1175182,111.60096645355225,0,0
1595800883.1275284,113.40281009674072,0,0
1595800883.1375258,115.20233631134033,0,0
1595800883.147522,117.00164794921875,0,0
1595800883.1575198,118.80125999450684,0,0
1595800883.1675303,120.60314655303955,0,0
1595800883.1775186,122.4010419845581,0,0
1595800883.1875167,124.20069694519043,0,0
1595800883.197516,126.00056648254395,0,0
1595800883.2075217,127.8015947341919,0,0
1595800883.2175307,129.60322380065918,0,0
1595800883.2275202,131.40133380889893,0,0
1595800883.2375133,133.20008754730225,0,0
1595800883.247522,135.0016736984253,0,0
1595800883.2575252,136.80222988128662,0,0
1595800883.267517,138.60076904296875,0,0
1595800883.277513,140.40003776550293,0,0
1595800883.287518,142.20093727111816,0,0
1595800883.2975228,144.00179386138916,0,0
1595800883.3075297,145.8030366897583,0,0
1595800883.3175225,147.60174751281738,0,0
1595800883.3275166,149.40067291259766,0,0
1595800883.337528,151.20273113250732,0,0
1595800883.3475146,153.0003261566162,0,0
1595800883.3575282,154.80277061462402,0,0
1595800883.3675168,156.60070896148682,0,0
1595800883.3775163,158.40062141418457,0,0
1595800883.387516,160.20057678222656,0,0
1595800883.3975148,162.0003604888916,0,0
1595800883.4075189,163.80108833312988,0,0
1595800883.4175227,165.60177326202393,0,0
1595800883.4275122,167.39988327026367,0,0
1595800883.4375305,169.20318603515625,0,0
1595800883.4475133,171.00009441375732,0,0
1595800883.4575195,172.80120849609375,0,0
1595800883.467525,174.60219383239746,0,0
1595800883.477516,176.40056133270264,0,0
1595800883.4875295,178.20300579071045,0,0
1595800883.497528,180.00274658203125,0,0
1595800883.50752,181.80128574371338,0,0
1595800883.5175166,183.60068321228027,0,0
1595800883.5275197,185.4012393951416,0,0
1595800883.5375273,187.20261096954346,0,0
1595800883.54752,189.0012788772583,0,0
1595800883.5575175,190.80084800720215,0,0
1595800883.5675242,192.60204792022705,0,0
1595800883.577518,194.4009304046631,0,0
1595800883.5875149,196.20037078857422,0,0
1595800883.5975122,197.99989700317383,0,0
1595800883.6075282,199.80277061462402,0,0
1595800883.6175215,201.60156726837158,0,0
1595800883.6275294,203.40298175811768,0,0
1595800883.637527,205.20255088806152,0,0
1595800883.6475182,207.00096130371094,0,0
1595800883.6575134,208.8001012802124,0,0
1595800883.6675177,210.60087203979492,0,0
1595800883.677525,212.40220069885254,0,0
1595800883.687528,214.20271396636963,0,0
1595800883.6975193,216.00116729736328,0,0
1595800883.7075205,217.8013801574707,0,0
1595800883.7175243,219.60206508636475,0,0
1595800883.7275157,221.4005184173584,0,0
1595800883.737527,223.20253372192383,0,0
1595800883.7475305,225.00317573547363,0,0
1595800883.7575254,226.80227279663086,0,0
1595800883.7675145,228.60029697418213,0,0
1595800883.7775118,230.39982318878174,0,0
1595800883.787512,232.1998643875122,0,0
1595800883.7975254,234.00226593017578,0,0
1595800883.807516,235.80059051513672,0,0
1595800883.8175244,237.6020908355713,0,0
1595800883.8275163,239.40062999725342,0,0
1595800883.8375244,241.20208740234375,0,0
1595800883.8475142,243.00024032592773,0,0
1595800883.8575299,244.8030710220337,0,0
1595800883.8675122,246.5998935699463,0,0
1595800883.8775244,248.40208053588867,0,0
1595800883.8875256,250.2022933959961,0,0
1595800883.8975136,252.0001459121704,0,0
1595800883.9075139,253.80018711090088,0,0
1595800883.9175174,255.60082912445068,0,0
1595800883.9275277,257.40267276763916,0,0
1595800883.937527,259.2025423049927,0,0
1595800883.947518,261.0009527206421,0,0
1595800883.9575262,262.8024101257324,0,0
1595800883.9675152,264.6004343032837,0,0
1595800883.977515,266.4003896713257,0,0
1595800883.9875119,268.1998300552368,0,0
1595800883.9975197,270.0012445449829,0,0
1595800884.00752,271.8012857437134,0,0
1595800884.0175154,273.6004686355591,0,0
1595800884.0275273,275.4026126861572,0,0
1595800884.0375242,277.20205307006836,0,0
1595800884.0475123,278.9999055862427,0,0
1595800884.057524,280.8020067214966,0,0
1595800884.0675137,282.60015964508057,0,0
1595800884.0775216,284.40157413482666,0,0
1595800884.0875163,286.20062828063965,0,0
1595800884.0975173,288.00079822540283,0,0
1595800884.107514,289.8001956939697,0,0
1595800884.1175156,291.6004943847656,0,0
1595800884.1275115,293.3997631072998,0,0
1595800884.13753,295.2031087875366,0,0
1595800884.147526,297.0023775100708,0,0
1595800884.157514,298.8002300262451,0,0
1595800884.1675262,300.6024169921875,0,0
1595800884.1775255,302.402286529541,0,0
1595800884.1875277,304.2026710510254,0,0
1595800884.1975152,306.00043773651123,0,0
1595800884.2075126,307.79996395111084,0,0
1595800884.217512,309.59983348846436,0,0
1595800884.2275264,311.4024496078491,0,0
1595800884.2375147,313.2003450393677,0,0
1595800884.2475245,315.0021028518677,0,0
1595800884.2575133,316.8000841140747,0,0
1595800884.2675197,318.60124111175537,0,0
1595800884.2775247,320.4021406173706,0,0
1595800884.2875147,322.2003364562988,0,0
1595800884.29752,324.0012788772583,0,0
1595800884.3075142,325.8002471923828,0,0
1595800884.317511,327.59968757629395,0,0
1595800884.3275242,329.4020462036133,0,0
1595800884.3375118,331.1998128890991,0,0
1595800884.3475277,333.0026865005493,0,0
1595800884.357524,334.80199813842773,0,0
1595800884.367519,336.60109519958496,0,0
1595800884.3775237,338.40195178985596,0,0
1595800884.387526,340.20237922668457,0,0
1595800884.3975189,342.00109004974365,0,0
1595800884.4075298,343.80306243896484,0,0
1595800884.4175174,345.6008291244507,0,0
1595800884.427524,347.4020290374756,0,0
1595800884.4375296,349.2030143737793,0,0
1595800884.4475198,351.00125312805176,0,0
1595800884.4575143,352.8002643585205,0,0
1595800884.4675193,354.60116386413574,0,0
1595800884.4775157,356.4005184173584,0,0
1595800884.4875176,358.20086002349854,0,0
1595800884.4975283,360,0,1
1595800884.4975283,0,0,0
1595800884.499939,0.4339170455932617,0,0
1595800884.499939,0.21695852279663086,-0.0012053251266479492,0
1595800884.5075414,1.585400104522705,-0.0012053251266479492,0
1595800884.5175378,3.3847546577453613,-0.0012053251266479492,0
1595800884.5275345,5.184152126312256,-0.0012053251266479492,0
1595800884.5375342,6.984107494354248,-0.0012053251266479492,0
1595800884.547546,8.786208629608154,-0.0012053251266479492,0
1595800884.5575428,10.585649013519287,-0.0012053251266479492,0
1595800884.567542,12.385518550872803,-0.0012053251266479492,0
1595800884.577545,14.186031818389893,-0.0012053251266479492,0
1595800884.5875323,15.983755588531494,-0.0012053251266479492,0
1595800884.5975468,17.78637170791626,-0.0012053251266479492,0
1595800884.6075463,19.586284160614014,-0.0012053251266479492,0
1595800884.617537,21.38460874557495,-0.0012053251266479492,0
1595800884.6275308,23.183491230010986,-0.0012053251266479492,0
1595800884.6375341,24.984090328216553,-0.0012053251266479492,0
1595800884.6475391,26.784989833831787,-0.0012053251266479492,0
1595800884.6575394,28.585031032562256,-0.0012053251266479492,0
1595800884.6675339,30.384042263031006,-0.0012053251266479492,0
1595800884.6775436,32.185800075531006,-0.0012053251266479492,0
1595800884.6875398,33.985111713409424,-0.0012053251266479492,0
1595800884.6975365,35.78450918197632,-0.0012053251266479492,0
1595800884.7075338,37.58403539657593,-0.0012053251266479492,0
1595800884.717532,39.38369035720825,-0.0012053251266479492,0
1595800884.727533,41.183903217315674,-0.0012053251266479492,0
1595800884.73754,42.985146045684814,-0.0012053251266479492,0
1595800884.7475305,44.783427715301514,-0.0012053251266479492,0
1595800884.7575464,46.58630132675171,-0.0012053251266479492,0
1595800884.767536,48.384411334991455,-0.0012053251266479492,0
1595800884.7775333,50.183937549591064,-0.0012053251266479492,0
1595800884.787529,51.983163356781006,-0.0012053251266479492,0
1595800884.797536,53.78440618515015,-0.0012053251266479492,0
1595800884.807531,55.58354616165161,-0.0012053251266479492,0
1595800884.817536,57.384445667266846,-0.0012053251266479492,0
1595800884.827545,59.18603181838989,-0.0012053251266479492,0
1595800884.8375318,60.98366975784302,-0.0012053251266479492,0
1595800884.8475318,62.78366804122925,-0.0012053251266479492,0
1595800884.8575418,64.58546876907349,-0.0012053251266479492,0
1595800884.8675315,66.38362169265747,-0.0012053251266479492,0
1595800884.8775463,68.18628072738647,-0.0012053251266479492,0
1595800884.8875415,69.98542070388794,-0.0012053251266479492,0
1595800884.8975365,71.78451776504517,-0.0012053251266479492,0
1595800884.9075303,73.5834002494812,-0.0012053251266479492,0
1595800884.9175336,75.38399934768677,-0.0012053251266479492,0
1595800884.9275346,77.18416929244995,-0.0012053251266479492,0
1595800884.937534,78.9840817451477,-0.0012053251266479492,0
1595800884.9475331,80.78390836715698,-0.0012053251266479492,0
1595800884.957528,82.58300542831421,-0.0012053251266479492,0
1595800884.9675314,84.38360452651978,-0.0012053251266479492,0
1595800884.9775288,86.18313074111938,-0.0012053251266479492,0
1595800884.9875305,87.98342943191528,-0.0012053251266479492,0
1595800884.997542,89.78548765182495,-0.0012053251266479492,0
1595800885.0075426,91.5856146812439,-0.0012053251266479492,0
1595800885.0175314,93.38359594345093,-0.0012053251266479492,0
1595800885.0275438,95.18582582473755,-0.0012053251266479492,0
1595800885.037538,96.98479413986206,-0.0012053251266479492,0
1595800885.0475302,98.78337621688843,-0.0012053251266479492,0
1595800885.0575452,100.58607816696167,-0.0012053251266479492,0
1595800885.0675333,102.38393068313599,-0.0012053251266479492,0
1595800885.0775385,104.18487310409546,-0.0012053251266479492,0
1595800885.0875356,105.98435640335083,-0.0012053251266479492,0
1595800885.0975463,107.78628587722778,-0.0012053251266479492,0
1595800885.1075342,109.58409547805786,-0.0012053251266479492,0
1595800885.1175344,111.38413667678833,-0.0012053251266479492,0
1595800885.1275327,113.18383455276489,-0.0012053251266479492,0
1595800885.13753,114.9833607673645,-0.0012053251266479492,0
1595800885.1475298,116.7833161354065,-0.0012053251266479492,0
1595800885.157541,118.58533143997192,-0.0012053251266479492,0
1595800885.1675298,120.38331270217896,-0.0012053251266479492,0
1595800885.1775424,122.18558549880981,-0.0012053251266479492,0
1595800885.187532,123.98369550704956,-0.0012053251266479492,0
1595800885.1975415,125.78541040420532,-0.0012053251266479492,0
1595800885.2075465,127.58630990982056,-0.0012053251266479492,0
1595800885.2175415,129.38540697097778,-0.0012053251266479492,0
1595800885.2275453,131.18609189987183,-0.0012053251266479492,0
1595800885.2375422,132.98553228378296,-0.0012053251266479492,0
1595800885.2475314,134.78359937667847,-0.0012053251266479492,0
1595800885.2575305,136.58342599868774,-0.0012053251266479492,0
1595800885.2675319,138.3836817741394,-0.0012053251266479492,0
1595800885.2775302,140.18337965011597,-0.0012053251266479492,0
1595800885.2875462,141.98625326156616,-0.0012053251266479492,0
1595800885.2975297,143.78329038619995,-0.0012053251266479492,0
1595800885.3075285,145.583074092865,-0.0012053251266479492,0
1595800885.3175461,147.38624811172485,-0.0012053251266479492,0
1595800885.3275318,149.1836714744568,-0.0012053251266479492,0
1595800885.3375387,150.98491430282593,-0.0012053251266479492,0
1595800885.34753,152.78332471847534,-0.0012053251266479492,0
1595800885.3575387,154.5849108695984,-0.0012053251266479492,0
1595800885.3675318,156.3836646080017,-0.0012053251266479492,0
1595800885.3775308,158.183491230011,-0.0012053251266479492,0
1595800885.3875306,159.98344659805298,-0.0012053251266479492,0
1595800885.3975308,161.78348779678345,-0.0012053251266479492,0
1595800885.4075453,163.5861039161682,-0.0012053251266479492,0
1595800885.4175298,165.38331270217896,-0.0012053251266479492,0
1595800885.4275405,167.1852421760559,-0.0012053251266479492,0
1595800885.4375432,168.98571252822876,-0.0012053251266479492,0
1595800885.447546,170.78622579574585,-0.0012053251266479492,0
1595800885.4575403,172.58519411087036,-0.0012053251266479492,0
1595800885.4675298,174.3833041191101,-0.0012053251266479492,0
1595800885.477535,176.18424654006958,-0.0012053251266479492,0
1595800885.4875333,177.98394441604614,-0.0012053251266479492,0
1595800885.4975445,179.78595972061157,-0.0012053251266479492,0
1595800885.5075445,181.5859580039978,-0.0012053251266479492,0
1595800885.5175285,183.38308095932007,-0.0012053251266479492,0
1595800885.527528,185.18299341201782,-0.0012053251266479492,0
1595800885.537532,186.9837212562561,-0.0012053251266479492,0
1595800885.5475388,188.784921169281,-0.0012053251266479492,0
1595800885.55753,190.58333158493042,-0.0012053251266479492,0
1595800885.5675418,192.38547563552856,-0.0012053251266479492,0
1595800885.577535,194.18422937393188,-0.0012053251266479492,0
1595800885.5875363,195.98448514938354,-0.0012053251266479492,0
1595800885.5975358,197.7843976020813,-0.0012053251266479492,0
1595800885.6075296,199.58328008651733,-0.0012053251266479492,0
1595800885.617529,201.38314962387085,-0.0012053251266479492,0
1595800885.627542,203.18550825119019,-0.0012053251266479492,0
1595800885.6375387,204.98490571975708,-0.0012053251266479492,0
1595800885.647535,206.78426027297974,-0.0012053251266479492,0
1595800885.6575308,208.58348608016968,-0.0012053251266479492,0
1595800885.667539,210.38494348526,-0.0012053251266479492,0
1595800885.6775298,212.18331098556519,-0.0012053251266479492,0
1595800885.6875339,213.98403882980347,-0.0012053251266479492,0
1595800885.6975317,215.78365087509155,-0.0012053251266479492,0
1595800885.707544,217.58588075637817,-0.0012053251266479492,0
1595800885.7175422,219.3855357170105,-0.0012053251266479492,0
1595800885.7275438,221.1858344078064,-0.0012053251266479492,0
1595800885.7375417,222.98544645309448,-0.0012053251266479492,0
1595800885.747535,224.78424310684204,-0.0012053251266479492,0
1595800885.7575328,226.58385515213013,-0.0012053251266479492,0
1595800885.767541,228.38531255722046,-0.0012053251266479492,0
1595800885.7775414,230.18539667129517,-0.0012053251266479492,0
1595800885.7875402,231.9851803779602,-0.0012053251266479492,0
1595800885.7975316,233.78363370895386,-0.0012053251266479492,0
1595800885.8075292,235.5832028388977,-0.0012053251266479492,0
1595800885.8175352,237.3842740058899,-0.0012053251266479492,0
1595800885.8275313,239.1835856437683,-0.0012053251266479492,0
1595800885.8375378,240.98474264144897,-0.0012053251266479492,0
1595800885.8475282,242.78302431106567,-0.0012053251266479492,0
1595800885.8575282,244.5830225944519,-0.0012053251266479492,0
1595800885.8675387,246.38490915298462,-0.0012053251266479492,0
1595800885.8775454,248.18610906600952,-0.0012053251266479492,0
1595800885.8875284,249.98306035995483,-0.0012053251266479492,0
1595800885.8975403,251.78520441055298,-0.0012053251266479492,0
1595800885.9075274,253.58288526535034,-0.0012053251266479492,0
1595800885.9175441,255.38588762283325,-0.0012053251266479492,0
1595800885.9275444,257.1859288215637,-0.0012053251266479492,0
1595800885.937543,258.9856696128845,-0.0012053251266479492,0
1595800885.9475405,260.78523874282837,-0.0012053251266479492,0
1595800885.957531,262.58352041244507,-0.0012053251266479492,0
1595800885.967537,264.38459157943726,-0.0012053251266479492,0
1595800885.9775288,266.1831307411194,-0.0012053251266479492,0
1595800885.9875433,267.98574686050415,-0.0012053251266479492,0
1595800885.9975274,269.7828698158264,-0.0012053251266479492,0
1595800886.0075378,271.58475637435913,-0.0012053251266479492,0
1595800886.01754,273.3851408958435,-0.0012053251266479492,0
1595800886.027538,275.18479585647583,-0.0012053251266479492,0
1595800886.037542,276.9855237007141,-0.0012053251266479492,0
1595800886.0475452,278.78607988357544,-0.0012053251266479492,0
1595800886.0575376,280.58470487594604,-0.0012053251266479492,0
1595800886.0675366,282.3845314979553,-0.0012053251266479492,0
1595800886.0775409,284.18530225753784,-0.0012053251266479492,0
1595800886.0875313,285.98358392715454,-0.0012053251266479492,0
1595800886.0975292,287.7831959724426,-0.0012053251266479492,0
1595800886.1075308,289.5834946632385,-0.0012053251266479492,0
1595800886.1175303,291.3834071159363,-0.0012053251266479492,0
1595800886.1275313,293.18357706069946,-0.0012053251266479492,0
1595800886.1375408,294.9852919578552,-0.0012053251266479492,0
1595800886.147536,296.7844319343567,-0.0012053251266479492,0
1595800886.157529,298.58318567276,-0.0012053251266479492,0
1595800886.1675444,300.3859305381775,-0.0012053251266479492,0
1595800886.1775403,302.18519926071167,-0.0012053251266479492,0
1595800886.1875367,303.9845538139343,-0.0012053251266479492,0
1595800886.1975343,305.7841229438782,-0.0012053251266479492,0
1595800886.2075415,307.58540868759155,-0.0012053251266479492,0
1595800886.217534,309.3840765953064,-0.0012053251266479492,0
1595800886.227531,311.18351697921753,-0.0012053251266479492,0
1595800886.2375274,312.9828715324402,-0.0012053251266479492,0
1595800886.247544,314.7858738899231,-0.0012053251266479492,0
1595800886.2575445,316.5859580039978,-0.0012053251266479492,0
1595800886.2675374,318.3846688270569,-0.0012053251266479492,0
1595800886.2775362,320.1844525337219,-0.0012053251266479492,0
1595800886.2875268,321.98277711868286,-0.0012053251266479492,0
1595800886.2975407,323.7852644920349,-0.0012053251266479492,0
1595800886.3075423,325.5855631828308,-0.0012053251266479492,0
1595800886.3175437,327.38581895828247,-0.0012053251266479492,0
1595800886.327545,329.1860318183899,-0.0012053251266479492,0
1595800886.337536,330.9844422340393,-0.0012053251266479492,0
1595800886.3475416,332.785427570343,-0.0012053251266479492,0
1595800886.3575306,334.5834517478943,-0.0012053251266479492,0
1595800886.3675315,336.38362169265747,-0.0012053251266479492,0
1595800886.37753,338.18336248397827,-0.0012053251266479492,0
1595800886.3875422,339.98554944992065,-0.0012053251266479492,0
1595800886.397541,341.7853331565857,-0.0012053251266479492,0
1595800886.407537,343.5846018791199,-0.0012053251266479492,0
1595800886.4175458,345.3861880302429,-0.0012053251266479492,0
1595800886.4275444,347.1859288215637,-0.0012053251266479492,0
1595800886.4375324,348.98378133773804,-0.0012053251266479492,0
1595800886.447528,350.78296422958374,-0.0012053251266479492,0
1595800886.457539,352.58497953414917,-0.0012053251266479492,0
1595800886.4675276,354.38291788101196,-0.0012053251266479492,0
1595800886.4775357,356.1843752861023,-0.0012053251266479492,0
1595800886.4875374,357.9846739768982,-0.0012053251266479492,0
1595800886.4975278,359.7829556465149,-0.0012053251266479492,0
1595800886.4987452,360,-0.0012053251266479492,1
1595800886.4987452,0,0,0
1595800886.5087585,1.8024015426635742,0,0
1595800886.5187573,3.6021852493286133,0,0
1595800886.528755,5.401754379272461,0,0
1595800886.5387535,7.201495170593262,0,0
1595800886.5487583,9.002351760864258,0,0
1595800886.5587525,10.80132007598877,0,0
1595800886.5687602,12.602691650390625,0,0
1595800886.5787528,14.401359558105469,0,0
1595800886.5887454,16.200027465820312,0,0
1595800886.5987484,18.00058364868164,0,0
1595800886.6087472,19.80036735534668,0,0
1595800886.6187541,21.60161018371582,0,0
1595800886.6287625,23.40311050415039,0,0
1595800886.6387498,25.200834274291992,0,0
1595800886.6487577,27.002248764038086,0,0
1595800886.6587553,28.801817893981934,0,0
1595800886.668754,30.601601600646973,0,0
1595800886.678754,32.4015998840332,0,0
1595800886.6887553,34.201812744140625,0,0
1595800886.6987593,36.002540588378906,0,0
1595800886.708746,37.80013561248779,0,0
1595800886.7187495,39.6007776260376,0,0
1595800886.7287452,41.40000343322754,0,0
1595800886.7387516,43.2011604309082,0,0
1595800886.7487617,45.00296115875244,0,0
1595800886.7587461,46.800169944763184,0,0
1595800886.768746,48.600125312805176,0,0
1595800886.7787576,50.40222644805908,0,0
1595800886.7887468,52.20029354095459,0,0
1595800886.7987545,54.001665115356445,0,0
1595800886.8087478,55.800461769104004,0,0
1595800886.8187518,57.601189613342285,0,0
1595800886.8287575,59.402217864990234,0,0
1595800886.838747,61.20032787322998,0,0
1595800886.8487623,63.00307273864746,0,0
1595800886.8587582,64.80234146118164,0,0
1595800886.8687482,66.60053730010986,0,0
1595800886.8787556,68.40186595916748,0,0
1595800886.8887455,70.2000617980957,0,0
1595800886.8987577,72.00224876403809,0,0
1595800886.9087458,73.8001012802124,0,0
1595800886.9187582,75.60233116149902,0,0
1595800886.9287608,77.40280151367188,0,0
1595800886.9387531,79.20142650604248,0,0
1595800886.9487464,81.00022315979004,0,0
1595800886.9587507,82.80099391937256,0,0
1595800886.9687552,84.60180759429932,0,0
1595800886.9787536,86.40150547027588,0,0
1595800886.9887621,88.20304870605469,0,0
1595800886.9987607,90.00278949737549,0,0
1595800887.0087621,91.80304527282715,0,0
1595800887.0187523,93.60128402709961,0,0
1595800887.0287516,95.40115356445312,0,0
1595800887.03876,97.2026538848877,0,0
1595800887.0487573,99.0021800994873,0,0
1595800887.0587459,100.8001184463501,0,0
1595800887.068755,102.60174751281738,0,0
1595800887.078745,104.3999433517456,0,0
1595800887.088762,106.20303153991699,0,0
1595800887.0987496,108.00079822540283,0,0
1595800887.1087477,109.80045318603516,0,0
1595800887.118763,111.60319805145264,0,0
1595800887.1287558,113.40190887451172,0,0
1595800887.1387446,115.19989013671875,0,0
1595800887.1487575,117.00220584869385,0,0
1595800887.1587555,118.80186080932617,0,0
1595800887.1687582,120.60233116149902,0,0
1595800887.178748,122.40048408508301,0,0
1595800887.188753,124.20138359069824,0,0
1595800887.198752,126.00121021270752,0,0
1595800887.2087445,127.79987812042236,0,0
1595800887.2187614,129.6029233932495,0,0
1595800887.2287452,131.40000343322754,0,0
1595800887.238747,133.20030212402344,0,0
1595800887.2487595,135.0025749206543,0,0
1595800887.258752,136.80124282836914,0,0
1595800887.2687497,138.600811958313,0,0
1595800887.2787497,140.40081024169922,0,0
1595800887.2887619,142.2029972076416,0,0
1595800887.2987487,144.00063514709473,0,0
1595800887.3087547,145.8017063140869,0,0
1595800887.3187532,147.60144710540771,0,0
1595800887.328751,149.4010591506958,0,0
1595800887.3387532,151.20144367218018,0,0
1595800887.3487554,153.00182819366455,0,0
1595800887.3587463,154.80019569396973,0,0
1595800887.3687603,156.60272598266602,0,0
1595800887.3787532,158.4014368057251,0,0
1595800887.3887584,160.20237922668457,0,0
1595800887.3987503,162.0009183883667,0,0
1595800887.4087503,163.80091667175293,0,0
1595800887.4187489,165.60065746307373,0,0
1595800887.4287577,167.40224361419678,0,0
1595800887.4387453,169.20001029968262,0,0
1595800887.4487588,171.00245475769043,0,0
1595800887.4587543,172.80163764953613,0,0
1595800887.4687493,174.60073471069336,0,0
1595800887.478752,176.4012050628662,0,0
1595800887.488762,178.20300579071045,0,0
1595800887.4987605,180.00274658203125,0,0
1595800887.5087442,181.79982662200928,0,0
1595800887.5187514,183.60111236572266,0,0
1595800887.5287611,185.40287017822266,0,0
1595800887.5387518,187.2011947631836,0,0
1595800887.5487576,189.00222301483154,0,0
1595800887.5587482,190.80054759979248,0,0
1595800887.5687523,192.60127544403076,0,0
1595800887.5787628,194.40316200256348,0,0
1595800887.5887625,196.20311737060547,0,0
1595800887.5987577,198.00225734710693,0,0
1595800887.6087549,199.8017406463623,0,0
1595800887.618762,201.60302639007568,0,0
1595800887.6287596,203.40259552001953,0,0
1595800887.638755,205.20177841186523,0,0
1595800887.6487486,207.00061798095703,0,0
1595800887.6587467,208.80027294158936,0,0
1595800887.6687517,210.6011724472046,0,0
1595800887.6787472,212.4003553390503,0,0
1595800887.6887608,214.2027997970581,0,0
1595800887.6987607,216.00279808044434,0,0
1595800887.7087584,217.80236721038818,0,0
1595800887.718746,219.60013389587402,0,0
1595800887.7287529,221.40137672424316,0,0
1595800887.738754,223.2015895843506,0,0
1595800887.7487547,225.00171661376953,0,0
1595800887.7587628,226.80317401885986,0,0
1595800887.7687583,228.60235691070557,0,0
1595800887.77875,230.40085315704346,0,0
1595800887.7887614,232.20291137695312,0,0
1595800887.798759,234.00248050689697,0,0
1595800887.8087592,235.80252170562744,0,0
1595800887.8187494,237.6007604598999,0,0
1595800887.828746,239.4001579284668,0,0
1595800887.8387544,241.20165824890137,0,0
1595800887.848755,243.00174236297607,0,0
1595800887.8587537,244.8015260696411,0,0
1595800887.8687568,246.60208225250244,0,0
1595800887.8787596,248.40259552001953,0,0
1595800887.8887494,250.20074844360352,0,0
1595800887.8987563,252.00199127197266,0,0
1595800887.9087553,253.80181789398193,0,0
1595800887.9187512,255.6010866165161,0,0
1595800887.9287488,257.40065574645996,0,0
1595800887.9387543,259.2016410827637,0,0
1595800887.9487581,261.0023260116577,0,0
1595800887.9587605,262.8027534484863,0,0
1595800887.9687548,264.60172176361084,0,0
1595800887.9787586,266.4024066925049,0,0
1595800887.9887438,268.19974422454834,0,0
1595800887.9987454,270.00004291534424,0,0
1595800888.0087528,271.80137157440186,0,0
1595800888.018755,273.60175609588623,0,0
1595800888.0287437,275.39973735809326,0,0
1595800888.038758,277.2023105621338,0,0
1595800888.0487502,279.00089263916016,0,0
1595800888.0587525,280.80132007598877,0,0
1595800888.0687506,282.6009750366211,0,0
1595800888.078748,284.4005012512207,0,0
1595800888.0887442,286.1998128890991,0,0
1595800888.0987594,288.0025577545166,0,0
1595800888.1087534,289.8014831542969,0,0
1595800888.1187491,291.6007089614868,0,0
1595800888.128748,293.40049266815186,0,0
1595800888.1387556,295.2018642425537,0,0
1595800888.1487627,297.0031499862671,0,0
1595800888.1587522,298.80125999450684,0,0
1595800888.1687546,300.60168743133545,0,0
1595800888.1787534,302.4014711380005,0,0
1595800888.1887465,304.2002248764038,0,0
1595800888.1987612,306.0028839111328,0,0
1595800888.2087593,307.80253887176514,0,0
1595800888.2187543,309.60163593292236,0,0
1595800888.22876,311.4026641845703,0,0
1595800888.238753,313.20141792297363,0,0
1595800888.248747,315.0003433227539,0,0
1595800888.2587621,316.80304527282715,0,0
1595800888.268751,318.6010265350342,0,0
1595800888.2787583,320.4023551940918,0,0
1595800888.2887495,322.2007656097412,0,0
1595800888.298754,324.00157928466797,0,0
1595800888.3087533,325.8014488220215,0,0
1595800888.3187575,327.602219581604,0,0
1595800888.3287482,329.40054416656494,0,0
1595800888.3387465,331.2002420425415,0,0
1595800888.3487473,333.00036907196045,0,0
1595800888.3587563,334.80199813842773,0,0
1595800888.368746,336.6001510620117,0,0
1595800888.378749,338.4006643295288,0,0
1595800888.3887527,340.20134925842285,0,0
1595800888.3987558,342.0019054412842,0,0
1595800888.4087625,343.8031053543091,0,0
1595800888.4187448,345.5999279022217,0,0
1595800888.4287527,347.4013423919678,0,0
1595800888.4387538,349.2015552520752,0,0
1595800888.4487598,351.0026264190674,0,0
1595800888.4587533,352.8014659881592,0,0
1595800888.4687452,354.6000051498413,0,0
1595800888.478762,356.4030075073242,0,0
1595800888.4887605,358.202748298645,0,0
1595800888.4987438,359.99974250793457,0,0
1595800888.4987655,360,0,1
1595800888.4987655,0,0,0
1595800888.5075562,1.582331657409668,0,0
1595800888.5075562,0.791165828704834,-0.0043953657150268555,0
1595800888.5087698,1.0096049308776855,-0.0043953657150268555,0
1595800888.518783,2.8120064735412598,-0.0043953657150268555,0
1595800888.5287716,4.609944820404053,-0.0043953657150268555,0
1595800888.5387683,6.409342288970947,-0.0043953657150268555,0
1595800888.5487766,8.210842609405518,-0.0043953657150268555,0
1595800888.5587757,10.010669231414795,-0.0043953657150268555,0
1595800888.5687718,11.809980869293213,-0.0043953657150268555,0
1595800888.5787675,13.609206676483154,-0.0043953657150268555,0
1595800888.5887794,15.411350727081299,-0.0043953657150268555,0
1595800888.598779,17.211263179779053,-0.0043953657150268555,0
1595800888.6087718,19.009974002838135,-0.0043953657150268555,0
1595800888.618777,20.810916423797607,-0.0043953657150268555,0
1595800888.6287773,22.610957622528076,-0.0043953657150268555,0
1595800888.6387668,24.409067630767822,-0.0043953657150268555,0
1595800888.6487663,26.208980083465576,-0.0043953657150268555,0
1595800888.658776,28.010737895965576,-0.0043953657150268555,0
1595800888.6687665,29.809019565582275,-0.0043953657150268555,0
1595800888.6787655,31.608846187591553,-0.0043953657150268555,0
1595800888.688779,33.411290645599365,-0.0043953657150268555,0
1595800888.6987677,35.20922899246216,-0.0043953657150268555,0
1595800888.708772,37.00999975204468,-0.0043953657150268555,0
1595800888.7187822,38.811843395233154,-0.0043953657150268555,0
1595800888.7287676,40.60922384262085,-0.0043953657150268555,0
1595800888.7387657,42.408878803253174,-0.0043953657150268555,0
1595800888.7487738,44.210336208343506,-0.0043953657150268555,0
1595800888.7587776,46.01102113723755,-0.0043953657150268555,0
1595800888.7687826,47.81192064285278,-0.0043953657150268555,0
1595800888.7787712,49.609858989715576,-0.0043953657150268555,0
1595800888.7887821,51.41183137893677,-0.0043953657150268555,0
1595800888.7987654,53.20882558822632,-0.0043953657150268555,0
1595800888.8087656,55.00886678695679,-0.0043953657150268555,0
1595800888.8187675,56.809208393096924,-0.0043953657150268555,0
1595800888.828768,58.60929250717163,-0.0043953657150268555,0
1595800888.8387735,60.41027784347534,-0.0043953657150268555,0
1595800888.8487675,62.209203243255615,-0.0043953657150268555,0
1595800888.8587801,64.01147603988647,-0.0043953657150268555,0
1595800888.868771,65.80984354019165,-0.0043953657150268555,0
1595800888.8787694,67.60954141616821,-0.0043953657150268555,0
1595800888.8887703,69.4097113609314,-0.0043953657150268555,0
1595800888.8987677,71.209237575531,-0.0043953657150268555,0
1595800888.9087706,73.0097508430481,-0.0043953657150268555,0
1595800888.9187691,74.8094916343689,-0.0043953657150268555,0
1595800888.9287815,76.61172151565552,-0.0043953657150268555,0
1595800888.9387732,78.41021776199341,-0.0043953657150268555,0
1595800888.9487731,80.21021604537964,-0.0043953657150268555,0
1595800888.9587686,82.00939893722534,-0.0043953657150268555,0
1595800888.968776,83.81072759628296,-0.0043953657150268555,0
1595800888.9787686,85.6093955039978,-0.0043953657150268555,0
1595800888.988768,87.40930795669556,-0.0043953657150268555,0
1595800888.998777,89.2108941078186,-0.0043953657150268555,0
1595800889.0087752,91.01059198379517,-0.0043953657150268555,0
1595800889.0187714,92.80990362167358,-0.0043953657150268555,0
1595800889.028779,94.61127519607544,-0.0043953657150268555,0
1595800889.0387821,96.41183137893677,-0.0043953657150268555,0
1595800889.048771,98.2098126411438,-0.0043953657150268555,0
1595800889.0587726,100.0101113319397,-0.0043953657150268555,0
1595800889.0687773,101.8109679222107,-0.0043953657150268555,0
1595800889.0787802,103.61148118972778,-0.0043953657150268555,0
1595800889.0887742,105.41040658950806,-0.0043953657150268555,0
1595800889.0987718,107.2099757194519,-0.0043953657150268555,0
1595800889.1087716,109.0099310874939,-0.0043953657150268555,0
1595800889.1187701,110.8096718788147,-0.0043953657150268555,0
1595800889.1287804,112.61151552200317,-0.0043953657150268555,0
1595800889.1387773,114.4109559059143,-0.0043953657150268555,0
1595800889.1487744,116.21043920516968,-0.0043953657150268555,0
1595800889.1587832,118.01202535629272,-0.0043953657150268555,0
1595800889.1687775,119.81099367141724,-0.0043953657150268555,0
1595800889.178778,121.61107778549194,-0.0043953657150268555,0
1595800889.1887681,123.4093165397644,-0.0043953657150268555,0
1595800889.1987731,125.21021604537964,-0.0043953657150268555,0
1595800889.2087696,127.0095705986023,-0.0043953657150268555,0
1595800889.2187717,128.80995512008667,-0.0043953657150268555,0
1595800889.2287672,130.60913801193237,-0.0043953657150268555,0
1595800889.2387648,132.40870714187622,-0.0043953657150268555,0
1595800889.24877,134.2096495628357,-0.0043953657150268555,0
1595800889.2587655,136.0088324546814,-0.0043953657150268555,0
1595800889.26878,137.81144857406616,-0.0043953657150268555,0
1595800889.2787833,139.61204767227173,-0.0043953657150268555,0
1595800889.2887664,141.40899896621704,-0.0043953657150268555,0
1595800889.2987828,143.2119584083557,-0.0043953657150268555,0
1595800889.3087788,145.0112271308899,-0.0043953657150268555,0
1595800889.3187656,146.80886507034302,-0.0043953657150268555,0
1595800889.328777,148.61092329025269,-0.0043953657150268555,0
1595800889.3387744,150.4104495048523,-0.0043953657150268555,0
1595800889.3487818,152.2117781639099,-0.0043953657150268555,0
1595800889.358775,154.01053190231323,-0.0043953657150268555,0
1595800889.368781,155.81164598464966,-0.0043953657150268555,0
1595800889.3787792,157.61130094528198,-0.0043953657150268555,0
1595800889.3887768,159.41087007522583,-0.0043953657150268555,0
1595800889.3987825,161.21189832687378,-0.0043953657150268555,0
1595800889.408776,163.01073789596558,-0.0043953657150268555,0
1595800889.418765,164.80876207351685,-0.0043953657150268555,0
1595800889.428775,166.61056280136108,-0.0043953657150268555,0
1595800889.4387696,168.40957403182983,-0.0043953657150268555,0
1595800889.448768,170.2092719078064,-0.0043953657150268555,0
1595800889.4587672,172.0091414451599,-0.0043953657150268555,0
1595800889.4687772,173.81094217300415,-0.0043953657150268555,0
1595800889.4787774,175.61098337173462,-0.0043953657150268555,0
1595800889.4887726,177.41012334823608,-0.0043953657150268555,0
1595800889.4987795,179.21136617660522,-0.0043953657150268555,0
1595800889.508765,181.00874662399292,-0.0043953657150268555,0
1595800889.5187814,182.8117060661316,-0.0043953657150268555,0
1595800889.5287702,184.60968732833862,-0.0043953657150268555,0
1595800889.538768,186.4092993736267,-0.0043953657150268555,0
1595800889.548782,188.211829662323,-0.0043953657150268555,0
1595800889.5587711,190.00985383987427,-0.0043953657150268555,0
1595800889.5687764,191.81079626083374,-0.0043953657150268555,0
1595800889.5787783,193.61113786697388,-0.0043953657150268555,0
1595800889.5887785,195.41117906570435,-0.0043953657150268555,0
1595800889.5987706,197.2097611427307,-0.0043953657150268555,0
1595800889.6087775,199.01100397109985,-0.0043953657150268555,0
1595800889.6187782,200.8111310005188,-0.0043953657150268555,0
1595800889.6287649,202.60872602462769,-0.0043953657150268555,0
1595800889.6387775,204.41099882125854,-0.0043953657150268555,0
1595800889.6487741,206.21039628982544,-0.0043953657150268555,0
1595800889.6587813,208.01168203353882,-0.0043953657150268555,0
1595800889.6687744,209.81043577194214,-0.0043953657150268555,0
1595800889.6787717,211.60996198654175,-0.0043953657150268555,0
1595800889.6887746,213.41047525405884,-0.0043953657150268555,0
1595800889.6987786,215.21120309829712,-0.0043953657150268555,0
1595800889.708772,217.00999975204468,-0.0043953657150268555,0
1595800889.7187686,218.80939722061157,-0.0043953657150268555,0
1595800889.7287688,220.60943841934204,-0.0043953657150268555,0
1595800889.7387712,222.40986585617065,-0.0043953657150268555,0
1595800889.7487824,224.21188116073608,-0.0043953657150268555,0
1595800889.7587674,226.0091757774353,-0.0043953657150268555,0
1595800889.7687774,227.81097650527954,-0.0043953657150268555,0
1595800889.7787747,229.61050271987915,-0.0043953657150268555,0
1595800889.7887778,231.41105890274048,-0.0043953657150268555,0
1595800889.7987673,233.20916891098022,-0.0043953657150268555,0
1595800889.8087802,235.01148462295532,-0.0043953657150268555,0
1595800889.8187697,236.80959463119507,-0.0043953657150268555,0
1595800889.828767,238.60912084579468,-0.0043953657150268555,0
1595800889.838767,240.4091191291809,-0.0043953657150268555,0
1595800889.848775,242.210533618927,-0.0043953657150268555,0
1595800889.8587668,244.00907278060913,-0.0043953657150268555,0
1595800889.8687809,245.81160306930542,-0.0043953657150268555,0
1595800889.8787644,247.6086401939392,-0.0043953657150268555,0
1595800889.888775,249.41056966781616,-0.0043953657150268555,0
1595800889.8987784,251.21116876602173,-0.0043953657150268555,0
1595800889.9087703,253.00970792770386,-0.0043953657150268555,0
1595800889.9187722,254.810049533844,-0.0043953657150268555,0
1595800889.9287684,256.6093611717224,-0.0043953657150268555,0
1595800889.9387789,258.4112477302551,-0.0043953657150268555,0
1595800889.9487705,260.209743976593,-0.0043953657150268555,0
1595800889.9587646,262.0086693763733,-0.0043953657150268555,0
1595800889.9687812,263.8116717338562,-0.0043953657150268555,0
1595800889.9787667,265.6090521812439,-0.0043953657150268555,0
1595800889.9887652,267.4087929725647,-0.0043953657150268555,0
1595800889.9987779,269.21106576919556,-0.0043953657150268555,0
1595800890.0087647,271.0087037086487,-0.0043953657150268555,0
1595800890.018777,272.81089067459106,-0.0043953657150268555,0
1595800890.028778,274.6111035346985,-0.0043953657150268555,0
1595800890.038769,276.40947103500366,-0.0043953657150268555,0
1595800890.0487728,278.2101559638977,-0.0043953657150268555,0
1595800890.0587761,280.01075506210327,-0.0043953657150268555,0
1595800890.0687778,281.81105375289917,-0.0043953657150268555,0
1595800890.0787685,283.6093783378601,-0.0043953657150268555,0
1595800890.088773,285.41019201278687,-0.0043953657150268555,0
1595800890.0987704,287.2097182273865,-0.0043953657150268555,0
1595800890.108769,289.0094590187073,-0.0043953657150268555,0
1595800890.1187813,290.8116888999939,-0.0043953657150268555,0
1595800890.1287704,292.60971307754517,-0.0043953657150268555,0
1595800890.138767,294.40911054611206,-0.0043953657150268555,0
1595800890.148776,296.21073961257935,-0.0043953657150268555,0
1595800890.1587822,298.01185369491577,-0.0043953657150268555,0
1595800890.1687658,299.80889081954956,-0.0043953657150268555,0
1595800890.1787777,301.6110348701477,-0.0043953657150268555,0
1595800890.1887667,303.409059047699,-0.0043953657150268555,0
1595800890.1987646,305.20867109298706,-0.0043953657150268555,0
1595800890.2087705,307.00974225997925,-0.0043953657150268555,0
1595800890.2187738,308.8103413581848,-0.0043953657150268555,0
1595800890.2287738,310.61033964157104,-0.0043953657150268555,0
1595800890.238765,312.40875005722046,-0.0043953657150268555,0
1595800890.24877,314.2096495628357,-0.0043953657150268555,0
1595800890.2587733,316.01024866104126,-0.0043953657150268555,0
1595800890.268771,317.8098177909851,-0.0043953657150268555,0
1595800890.27877,319.6096444129944,-0.0043953657150268555,0
1595800890.2887647,321.4086985588074,-0.0043953657150268555,0
1595800890.2987795,323.2113575935364,-0.0043953657150268555,0
1595800890.308767,325.0091242790222,-0.0043953657150268555,0
1595800890.3187666,326.80903673171997,-0.0043953657150268555,0
1595800890.3287652,328.60877752304077,-0.0043953657150268555,0
1595800890.3387704,330.40971994400024,-0.0043953657150268555,0
1595800890.3487716,332.20993280410767,-0.0043953657150268555,0
1595800890.3587825,334.01190519332886,-0.0043953657150268555,0
1595800890.3687754,335.81061601638794,-0.0043953657150268555,0
1595800890.3787687,337.6094126701355,-0.0043953657150268555,0
1595800890.3887806,339.41155672073364,-0.0043953657150268555,0
1595800890.3987653,341.2088084220886,-0.0043953657150268555,0
1595800890.4087672,343.00915002822876,-0.0043953657150268555,0
1595800890.4187756,344.81065034866333,-0.0043953657150268555,0
1595800890.4287663,346.60897493362427,-0.0043953657150268555,0
1595800890.4387698,348.4096169471741,-0.0043953657150268555,0
1595800890.4487698,350.2096152305603,-0.0043953657150268555,0
1595800890.4587708,352.0097851753235,-0.0043953657150268555,0
1595800890.4687688,353.8094401359558,-0.0043953657150268555,0
1595800890.478779,355.6112837791443,-0.0043953657150268555,0
1595800890.488774,357.4103808403015,-0.0043953657150268555,0
1595800890.498764,359.20857667922974,-0.0043953657150268555,0
1595800890.5031662,360,-0.0043953657150268555,1
1595800890.5031662,0,0,0
1595800890.508921,1.0358476638793945,0,0
1595800890.508921,0.5179238319396973,-0.002877354621887207,0
1595800890.513184,1.2852931022644043,-0.002877354621887207,0
1595800890.5231695,3.0826735496520996,-0.002877354621887207,0
1595800890.533176,4.883830547332764,-0.002877354621887207,0
1595800890.5431716,6.683056354522705,-0.002877354621887207,0
1595800890.5531704,8.482840061187744,-0.002877354621887207,0
1595800890.563169,10.282580852508545,-0.002877354621887207,0
1595800890.5731747,12.083609104156494,-0.002877354621887207,0
1595800890.5831826,13.885023593902588,-0.002877354621887207,0
1595800890.5931773,15.684077739715576,-0.002877354621887207,0
1595800890.6031806,17.484676837921143,-0.002877354621887207,0
1595800890.6131742,19.28351640701294,-0.002877354621887207,0
1595800890.6231773,21.084072589874268,-0.002877354621887207,0
1595800890.63317,22.88274049758911,-0.002877354621887207,0
1595800890.643175,24.683640003204346,-0.002877354621887207,0
1595800890.6531727,26.48325204849243,-0.002877354621887207,0
1595800890.6631815,28.28483819961548,-0.002877354621887207,0
1595800890.673173,30.08329153060913,-0.002877354621887207,0
1595800890.6831784,31.884276866912842,-0.002877354621887207,0
1595800890.6931663,33.68208646774292,-0.002877354621887207,0
1595800890.7031698,35.482728481292725,-0.002877354621887207,0
1595800890.7131732,37.28332757949829,-0.002877354621887207,0
1595800890.7231739,39.083454608917236,-0.002877354621887207,0
1595800890.733177,40.884010791778564,-0.002877354621887207,0
1595800890.743178,42.68418073654175,-0.002877354621887207,0
1595800890.7531824,44.484994411468506,-0.002877354621887207,0
1595800890.7631772,46.284048557281494,-0.002877354621887207,0
1595800890.7731833,48.08516263961792,-0.002877354621887207,0
1595800890.7831664,49.88211393356323,-0.002877354621887207,0
1595800890.7931778,51.6841721534729,-0.002877354621887207,0
1595800890.803168,53.48241090774536,-0.002877354621887207,0
1595800890.813182,55.28494119644165,-0.002877354621887207,0
1595800890.8231719,57.083094120025635,-0.002877354621887207,0
1595800890.8331828,58.885066509246826,-0.002877354621887207,0
1595800890.8431783,60.68424940109253,-0.002877354621887207,0
1595800890.8531811,62.48476266860962,-0.002877354621887207,0
1595800890.863181,64.28476095199585,-0.002877354621887207,0
1595800890.873173,66.08330011367798,-0.002877354621887207,0
1595800890.8831778,67.88415670394897,-0.002877354621887207,0
1595800890.893166,69.68205213546753,-0.002877354621887207,0
1595800890.9031696,71.48269414901733,-0.002877354621887207,0
1595800890.9131725,73.28320741653442,-0.002877354621887207,0
1595800890.9231691,75.08260488510132,-0.002877354621887207,0
1595800890.9331663,76.88208818435669,-0.002877354621887207,0
1595800890.943174,78.68345975875854,-0.002877354621887207,0
1595800890.9531746,80.48358678817749,-0.002877354621887207,0
1595800890.963173,82.28328466415405,-0.002877354621887207,0
1595800890.9731703,84.08281087875366,-0.002877354621887207,0
1595800890.9831781,85.88422536849976,-0.002877354621887207,0
1595800890.9931676,87.6823353767395,-0.002877354621887207,0
1595800891.003168,89.48241949081421,-0.002877354621887207,0
1595800891.013176,91.2838339805603,-0.002877354621887207,0
1595800891.023176,93.08383226394653,-0.002877354621887207,0
1595800891.0331712,94.882972240448,-0.002877354621887207,0
1595800891.0431657,96.68198347091675,-0.002877354621887207,0
1595800891.0531743,98.48352670669556,-0.002877354621887207,0
1595800891.0631769,100.28399705886841,-0.002877354621887207,0
1595800891.0731843,102.08532571792603,-0.002877354621887207,0
1595800891.08318,103.88455152511597,-0.002877354621887207,0
1595800891.0931668,105.68218946456909,-0.002877354621887207,0
1595800891.1031668,107.48218774795532,-0.002877354621887207,0
1595800891.113183,109.28510427474976,-0.002877354621887207,0
1595800891.1231773,111.08407258987427,-0.002877354621887207,0
1595800891.1331763,112.88389921188354,-0.002877354621887207,0
1595800891.143175,114.68364000320435,-0.002877354621887207,0
1595800891.153172,116.48312330245972,-0.002877354621887207,0
1595800891.1631768,118.28397989273071,-0.002877354621887207,0
1595800891.1731796,120.0844931602478,-0.002877354621887207,0
1595800891.1831768,121.88397645950317,-0.002877354621887207,0
1595800891.1931725,123.68320226669312,-0.002877354621887207,0
1595800891.2031722,125.48315763473511,-0.002877354621887207,0
1595800891.213178,127.28418588638306,-0.002877354621887207,0
1595800891.2231672,129.08225297927856,-0.002877354621887207,0
1595800891.2331672,130.8822512626648,-0.002877354621887207,0
1595800891.2431839,132.6852536201477,-0.002877354621887207,0
1595800891.2531826,134.48503732681274,-0.002877354621887207,0
1595800891.2631721,136.2831473350525,-0.002877354621887207,0
1595800891.2731817,138.08486223220825,-0.002877354621887207,0
1595800891.28317,139.8827576637268,-0.002877354621887207,0
1595800891.2931657,141.68198347091675,-0.002877354621887207,0
1595800891.3031797,143.48451375961304,-0.002877354621887207,0
1595800891.313167,145.28223752975464,-0.002877354621887207,0
1595800891.3231664,147.08210706710815,-0.002877354621887207,0
1595800891.333177,148.8840365409851,-0.002877354621887207,0
1595800891.3431826,150.68502187728882,-0.002877354621887207,0
1595800891.3531795,152.48446226119995,-0.002877354621887207,0
1595800891.3631666,154.28214311599731,-0.002877354621887207,0
1595800891.3731663,156.0820984840393,-0.002877354621887207,0
1595800891.3831718,157.88308382034302,-0.002877354621887207,0
1595800891.3931727,159.6832537651062,-0.002877354621887207,0
1595800891.403182,161.48492574691772,-0.002877354621887207,0
1595800891.4131832,163.28513860702515,-0.002877354621887207,0
1595800891.423183,165.08509397506714,-0.002877354621887207,0
1595800891.4331708,166.88290357589722,-0.002877354621887207,0
1595800891.4431653,168.68191480636597,-0.002877354621887207,0
1595800891.453179,170.48435926437378,-0.002877354621887207,0
1595800891.4631815,172.28482961654663,-0.002877354621887207,0
1595800891.4731674,174.0822958946228,-0.002877354621887207,0
1595800891.4831836,175.88521242141724,-0.002877354621887207,0
1595800891.4931746,177.6835799217224,-0.002877354621887207,0
1595800891.5031757,179.48379278182983,-0.002877354621887207,0
1595800891.513184,181.2852931022644,-0.002877354621887207,0
1595800891.5231698,183.08271646499634,-0.002877354621887207,0
1595800891.5331714,184.88301515579224,-0.002877354621887207,0
1595800891.5431836,186.68520212173462,-0.002877354621887207,0
1595800891.5531776,188.4841275215149,-0.002877354621887207,0
1595800891.563182,190.28494119644165,-0.002877354621887207,0
1595800891.5731807,192.08468198776245,-0.002877354621887207,0
1595800891.583166,193.8820195198059,-0.002877354621887207,0
1595800891.5931742,195.68351984024048,-0.002877354621887207,0
1595800891.6031694,197.48265981674194,-0.002877354621887207,0
1595800891.6131654,199.28192853927612,-0.002877354621887207,0
1595800891.623174,201.08347177505493,-0.002877354621887207,0
1595800891.6331785,202.8842854499817,-0.002877354621887207,0
1595800891.6431663,204.68209505081177,-0.002877354621887207,0
1595800891.653177,206.48402452468872,-0.002877354621887207,0
1595800891.6631727,208.28325033187866,-0.002877354621887207,0
1595800891.6731734,210.0833773612976,-0.002877354621887207,0
1595800891.6831796,211.88449144363403,-0.002877354621887207,0
1595800891.6931798,213.6845326423645,-0.002877354621887207,0
1595800891.7031827,215.4850459098816,-0.002877354621887207,0
1595800891.7131696,217.28268384933472,-0.002877354621887207,0
1595800891.7231781,219.08422708511353,-0.002877354621887207,0
1595800891.7331765,220.8839249610901,-0.002877354621887207,0
1595800891.7431805,222.68465280532837,-0.002877354621887207,0
1595800891.7531734,224.48336362838745,-0.002877354621887207,0
1595800891.7631779,226.2841773033142,-0.002877354621887207,0
1595800891.7731793,228.08443307876587,-0.002877354621887207,0
1595800891.7831714,229.88301515579224,-0.002877354621887207,0
1595800891.7931674,231.68228387832642,-0.002877354621887207,0
1595800891.8031723,233.48318338394165,-0.002877354621887207,0
1595800891.8131783,235.28425455093384,-0.002877354621887207,0
1595800891.8231664,237.08210706710815,-0.002877354621887207,0
1595800891.833183,238.88510942459106,-0.002877354621887207,0
1595800891.8431668,240.6821894645691,-0.002877354621887207,0
1595800891.853176,242.48386144638062,-0.002877354621887207,0
1595800891.8631659,244.2820143699646,-0.002877354621887207,0
1595800891.873169,246.08257055282593,-0.002877354621887207,0
1595800891.8831723,247.8831696510315,-0.002877354621887207,0
1595800891.8931801,249.6845841407776,-0.002877354621887207,0
1595800891.9031706,251.4828658103943,-0.002877354621887207,0
1595800891.913166,253.28204870224,-0.002877354621887207,0
1595800891.9231834,255.08517980575562,-0.002877354621887207,0
1595800891.9331827,256.88504934310913,-0.002877354621887207,0
1595800891.9431777,258.68414640426636,-0.002877354621887207,0
1595800891.9531686,260.48251390457153,-0.002877354621887207,0
1595800891.9631793,262.2844433784485,-0.002877354621887207,0
1595800891.9731789,264.08435583114624,-0.002877354621887207,0
1595800891.9831753,265.8837103843689,-0.002877354621887207,0
1595800891.9931676,267.6823353767395,-0.002877354621887207,0
1595800892.0031655,269.4819474220276,-0.002877354621887207,0
1595800892.0131812,271.28477811813354,-0.002877354621887207,0
1595800892.0231833,273.0851626396179,-0.002877354621887207,0
1595800892.0331764,274.88391637802124,-0.002877354621887207,0
1595800892.0431774,276.6840863227844,-0.002877354621887207,0
1595800892.0531695,278.4826683998108,-0.002877354621887207,0
1595800892.0631826,280.2850270271301,-0.002877354621887207,0
1595800892.0731719,282.08309412002563,-0.002877354621887207,0
1595800892.0831728,283.8832640647888,-0.002877354621887207,0
1595800892.0931692,285.6826186180115,-0.002877354621887207,0
1595800892.1031697,287.4827027320862,-0.002877354621887207,0
1595800892.1131756,289.28377389907837,-0.002877354621887207,0
1595800892.1231837,291.0852313041687,-0.002877354621887207,0
1595800892.133175,292.8836417198181,-0.002877354621887207,0
1595800892.1431782,294.6842408180237,-0.002877354621887207,0
1595800892.1531765,296.48393869400024,-0.002877354621887207,0
1595800892.163173,298.2832932472229,-0.002877354621887207,0
1595800892.1731656,300.08196115493774,-0.002877354621887207,0
1595800892.18318,301.8845772743225,-0.002877354621887207,0
1595800892.193182,303.68491888046265,-0.002877354621887207,0
1595800892.2031689,305.48255681991577,-0.002877354621887207,0
1595800892.2131698,307.28272676467896,-0.002877354621887207,0
1595800892.2231808,309.08469915390015,-0.002877354621887207,0
1595800892.2331684,310.882465839386,-0.002877354621887207,0
1595800892.2431824,312.6849961280823,-0.002877354621887207,0
1595800892.2531674,314.4822907447815,-0.002877354621887207,0
1595800892.2631671,316.2822461128235,-0.002877354621887207,0
1595800892.2731786,318.08430433273315,-0.002877354621887207,0
1595800892.2831764,319.88391637802124,-0.002877354621887207,0
1595800892.293167,321.6822409629822,-0.002877354621887207,0
1595800892.3031647,323.481810092926,-0.002877354621887207,0
1595800892.3131723,325.2831816673279,-0.002877354621887207,0
1595800892.32317,327.08275079727173,-0.002877354621887207,0
1595800892.3331683,328.8824486732483,-0.002877354621887207,0
1595800892.3431797,330.68450689315796,-0.002877354621887207,0
1595800892.3531766,332.4839472770691,-0.002877354621887207,0
1595800892.3631644,334.28175687789917,-0.002877354621887207,0
1595800892.373172,336.083128452301,-0.002877354621887207,0
1595800892.3831675,337.88231134414673,-0.002877354621887207,0
1595800892.3931663,339.68209505081177,-0.002877354621887207,0
1595800892.4031684,341.48247957229614,-0.002877354621887207,0
1595800892.4131665,343.28213453292847,-0.002877354621887207,0
1595800892.4231744,345.08354902267456,-0.002877354621887207,0
1595800892.4331782,346.8842339515686,-0.002877354621887207,0
1595800892.4431782,348.68423223495483,-0.002877354621887207,0
1595800892.453173,350.4832863807678,-0.002877354621887207,0
1595800892.4631667,352.28216886520386,-0.002877354621887207,0
1595800892.4731703,354.08281087875366,-0.002877354621887207,0
1595800892.483165,355.88186502456665,-0.002877354621887207,0
1595800892.4931707,357.6828932762146,-0.002877354621887207,0
1595800892.5031693,359.4826340675354,-0.002877354621887207,0
1595800892.5060444,360,-0.002877354621887207,1
1595800892.5060444,0,0,0
1595800892.5160565,1.8021869659423828,0,0
1595800892.516518,1.8852710723876953,0,0
1595800892.516518,0.9426355361938477,-0.00523686408996582,0
1595800892.5260484,2.658090591430664,-0.00523686408996582,0
1595800892.5360515,4.458646774291992,-0.00523686408996582,0
1595800892.546056,6.25946044921875,-0.00523686408996582,0
1595800892.5560446,8.057398796081543,-0.00523686408996582,0
1595800892.5660558,9.859414100646973,-0.00523686408996582,0
1595800892.57606,11.660184860229492,-0.00523686408996582,0
1595800892.586046,13.457651138305664,-0.00523686408996582,0
1595800892.5960488,15.258164405822754,-0.00523686408996582,0
1595800892.6060596,17.060093879699707,-0.00523686408996582,0
1595800892.6160486,18.858118057250977,-0.00523686408996582,0
1595800892.6260562,20.659489631652832,-0.00523686408996582,0
1595800892.6360502,22.458415031433105,-0.00523686408996582,0
1595800892.6460483,24.25806999206543,-0.00523686408996582,0
1595800892.6560442,26.05733871459961,-0.00523686408996582,0
1595800892.6660488,27.858152389526367,-0.00523686408996582,0
1595800892.6760457,29.6575927734375,-0.00523686408996582,0
1595800892.6860516,31.458663940429688,-0.00523686408996582,0
1595800892.696052,33.258748054504395,-0.00523686408996582,0
1595800892.7060509,35.058531761169434,-0.00523686408996582,0
1595800892.7160578,36.859774589538574,-0.00523686408996582,0
1595800892.7260604,38.660244941711426,-0.00523686408996582,0
1595800892.73606,40.46015739440918,-0.00523686408996582,0
1595800892.7460606,42.260284423828125,-0.00523686408996582,0
1595800892.7560494,44.058265686035156,-0.00523686408996582,0
1595800892.766055,45.859293937683105,-0.00523686408996582,0
1595800892.776045,47.65748977661133,-0.00523686408996582,0
1595800892.7860494,49.45826053619385,-0.00523686408996582,0
1595800892.796049,51.25821590423584,-0.00523686408996582,0
1595800892.8060474,53.0579137802124,-0.00523686408996582,0
1595800892.8160508,54.85851287841797,-0.00523686408996582,0
1595800892.8260493,56.65825366973877,-0.00523686408996582,0
1595800892.8360572,58.45966815948486,-0.00523686408996582,0
1595800892.8460624,60.260610580444336,-0.00523686408996582,0
1595800892.8560503,62.058420181274414,-0.00523686408996582,0
1595800892.8660574,63.85970592498779,-0.00523686408996582,0
1595800892.8760476,65.65794467926025,-0.00523686408996582,0
1595800892.8860576,67.45974540710449,-0.00523686408996582,0
1595800892.8960462,69.25768375396729,-0.00523686408996582,0
1595800892.906057,71.05961322784424,-0.00523686408996582,0
1595800892.9160442,72.85733699798584,-0.00523686408996582,0
1595800892.9260547,74.65922355651855,-0.00523686408996582,0
1595800892.9360614,76.46042346954346,-0.00523686408996582,0
1595800892.9460459,78.2576322555542,-0.00523686408996582,0
1595800892.9560566,80.05956172943115,-0.00523686408996582,0
1595800892.966056,81.8594741821289,-0.00523686408996582,0
1595800892.9760609,83.6603307723999,-0.00523686408996582,0
1595800892.9860508,85.45852661132812,-0.00523686408996582,0
1595800892.9960601,87.26019859313965,-0.00523686408996582,0
1595800893.0060585,89.05989646911621,-0.00523686408996582,0
1595800893.0160465,90.85774898529053,-0.00523686408996582,0
1595800893.026061,92.6603651046753,-0.00523686408996582,0
1595800893.0360608,94.46032047271729,-0.00523686408996582,0
1595800893.0460443,96.25735759735107,-0.00523686408996582,0
1595800893.0560515,98.05864334106445,-0.00523686408996582,0
1595800893.0660453,99.85752582550049,-0.00523686408996582,0
1595800893.0760508,101.6585111618042,-0.00523686408996582,0
1595800893.0860443,103.457350730896,-0.00523686408996582,0
1595800893.0960593,105.26005268096924,-0.00523686408996582,0
1595800893.1060507,107.05850601196289,-0.00523686408996582,0
1595800893.116055,108.85927677154541,-0.00523686408996582,0
1595800893.1260493,110.65824508666992,-0.00523686408996582,0
1595800893.1360455,112.45755672454834,-0.00523686408996582,0
1595800893.14606,114.2601728439331,-0.00523686408996582,0
1595800893.1560614,116.06042861938477,-0.00523686408996582,0
1595800893.166056,117.85943984985352,-0.00523686408996582,0
1595800893.1760602,119.66021060943604,-0.00523686408996582,0
1595800893.1860523,121.4587926864624,-0.00523686408996582,0
1595800893.1960478,123.2579755783081,-0.00523686408996582,0
1595800893.206059,125.05999088287354,-0.00523686408996582,0
1595800893.2160475,126.85792922973633,-0.00523686408996582,0
1595800893.226059,128.659987449646,-0.00523686408996582,0
1595800893.2360497,130.45831203460693,-0.00523686408996582,0
1595800893.2460523,132.25878238677979,-0.00523686408996582,0
1595800893.2560594,134.06006813049316,-0.00523686408996582,0
1595800893.2660537,135.85903644561768,-0.00523686408996582,0
1595800893.276049,137.65817642211914,-0.00523686408996582,0
1595800893.286056,139.45946216583252,-0.00523686408996582,0
1595800893.2960513,141.25860214233398,-0.00523686408996582,0
1595800893.3060453,143.05752754211426,-0.00523686408996582,0
1595800893.3160517,144.85868453979492,-0.00523686408996582,0
1595800893.3260574,146.65971279144287,-0.00523686408996582,0
1595800893.336062,148.46052646636963,-0.00523686408996582,0
1595800893.346059,150.260009765625,-0.00523686408996582,0
1595800893.3560545,152.0591926574707,-0.00523686408996582,0
1595800893.3660471,153.85786056518555,-0.00523686408996582,0
1595800893.3760622,155.6605625152588,-0.00523686408996582,0
1595800893.3860512,157.45858669281006,-0.00523686408996582,0
1595800893.3960617,159.26047325134277,-0.00523686408996582,0
1595800893.4060473,161.0578966140747,-0.00523686408996582,0
1595800893.4160545,162.8591823577881,-0.00523686408996582,0
1595800893.4260619,164.6605110168457,-0.00523686408996582,0
1595800893.4360456,166.45759105682373,-0.00523686408996582,0
1595800893.446048,168.25801849365234,-0.00523686408996582,0
1595800893.4560473,170.05788803100586,-0.00523686408996582,0
1595800893.466061,171.8603754043579,-0.00523686408996582,0
1595800893.4760497,173.6583137512207,-0.00523686408996582,0
1595800893.4860518,175.45869827270508,-0.00523686408996582,0
1595800893.496046,177.2576665878296,-0.00523686408996582,0
1595800893.5060518,179.05869483947754,-0.00523686408996582,0
1595800893.5160584,180.85989475250244,-0.00523686408996582,0
1595800893.5260575,182.65972137451172,-0.00523686408996582,0
1595800893.5360434,184.4571876525879,-0.00523686408996582,0
1595800893.5460558,186.2594175338745,-0.00523686408996582,0
1595800893.556044,188.05731296539307,-0.00523686408996582,0
1595800893.5660558,189.85941410064697,-0.00523686408996582,0
1595800893.5760498,191.65833950042725,-0.00523686408996582,0
1595800893.5860572,193.45966815948486,-0.00523686408996582,0
1595800893.5960479,195.2579927444458,-0.00523686408996582,0
1595800893.6060603,197.06022262573242,-0.00523686408996582,0
1595800893.616048,198.8580322265625,-0.00523686408996582,0
1595800893.6260602,200.66021919250488,-0.00523686408996582,0
1595800893.6360586,202.45991706848145,-0.00523686408996582,0
1595800893.6460614,204.26043033599854,-0.00523686408996582,0
1595800893.6560583,206.05987071990967,-0.00523686408996582,0
1595800893.6660442,207.85733699798584,-0.00523686408996582,0
1595800893.6760604,209.66025352478027,-0.00523686408996582,0
1595800893.686045,211.45746231079102,-0.00523686408996582,0
1595800893.6960526,213.25883388519287,-0.00523686408996582,0
1595800893.706055,215.05926132202148,-0.00523686408996582,0
1595800893.716045,216.8574571609497,-0.00523686408996582,0
1595800893.7260451,218.65749835968018,-0.00523686408996582,0
1595800893.7360501,220.4583978652954,-0.00523686408996582,0
1595800893.7460618,222.26049900054932,-0.00523686408996582,0
1595800893.7560592,224.06002521514893,-0.00523686408996582,0
1595800893.7660499,225.85834980010986,-0.00523686408996582,0
1595800893.7760456,227.6575756072998,-0.00523686408996582,0
1595800893.7860568,229.45959091186523,-0.00523686408996582,0
1595800893.7960565,231.25954627990723,-0.00523686408996582,0
1595800893.8060467,233.0577850341797,-0.00523686408996582,0
1595800893.8160527,234.85885620117188,-0.00523686408996582,0
1595800893.8260462,236.65769577026367,-0.00523686408996582,0
1595800893.8360608,238.46031188964844,-0.00523686408996582,0
1595800893.846059,240.260009765625,-0.00523686408996582,0
1595800893.8560607,242.0603084564209,-0.00523686408996582,0
1595800893.8660603,243.86022090911865,-0.00523686408996582,0
1595800893.876043,245.65712928771973,-0.00523686408996582,0
1595800893.886061,247.46034622192383,-0.00523686408996582,0
1595800893.8960457,249.2575979232788,-0.00523686408996582,0
1595800893.9060512,251.05858325958252,-0.00523686408996582,0
1595800893.916049,252.8581953048706,-0.00523686408996582,0
1595800893.9260478,254.65797901153564,-0.00523686408996582,0
1595800893.936044,256.45729064941406,-0.00523686408996582,0
1595800893.9460492,258.25823307037354,-0.00523686408996582,0
1595800893.9560556,260.0593900680542,-0.00523686408996582,0
1595800893.9660518,261.8587017059326,-0.00523686408996582,0
1595800893.9760528,263.6588716506958,-0.00523686408996582,0
1595800893.9860532,265.4589557647705,-0.00523686408996582,0
1595800893.9960487,267.2581386566162,-0.00523686408996582,0
1595800894.0060544,269.05916690826416,-0.00523686408996582,0
1595800894.0160484,270.85809230804443,-0.00523686408996582,0
1595800894.0260446,272.65740394592285,-0.00523686408996582,0
1595800894.036046,274.4576597213745,-0.00523686408996582,0
1595800894.0460513,276.258602142334,-0.00523686408996582,0
1595800894.0560446,278.05739879608154,-0.00523686408996582,0
1595800894.0660522,279.8587703704834,-0.00523686408996582,0
1595800894.0760467,281.65778160095215,-0.00523686408996582,0
1595800894.0860457,283.4576082229614,-0.00523686408996582,0
1595800894.0960553,285.2593231201172,-0.00523686408996582,0
1595800894.106044,287.0573043823242,-0.00523686408996582,0
1595800894.1160553,288.85931968688965,-0.00523686408996582,0
1595800894.126055,290.65927505493164,-0.00523686408996582,0
1595800894.136046,292.4576425552368,-0.00523686408996582,0
1595800894.1460428,294.25708293914795,-0.00523686408996582,0
1595800894.1560552,296.05931282043457,-0.00523686408996582,0
1595800894.1660528,297.8588819503784,-0.00523686408996582,0
1595800894.1760607,299.6602964401245,-0.00523686408996582,0
1595800894.186061,301.460337638855,-0.00523686408996582,0
1595800894.1960478,303.2579755783081,-0.00523686408996582,0
1595800894.2060602,305.0602054595947,-0.00523686408996582,0
1595800894.2160544,306.85917377471924,-0.00523686408996582,0
1595800894.2260478,308.6579704284668,-0.00523686408996582,0
1595800894.2360601,310.4602003097534,-0.00523686408996582,0
1595800894.246061,312.2603702545166,-0.00523686408996582,0
1595800894.2560606,314.06028270721436,-0.00523686408996582,0
1595800894.2660542,315.85912227630615,-0.00523686408996582,0
1595800894.276043,317.6571035385132,-0.00523686408996582,0
1595800894.2860448,319.4574451446533,-0.00523686408996582,0
1595800894.2960584,321.25988960266113,-0.00523686408996582,0
1595800894.3060572,323.0596733093262,-0.00523686408996582,0
1595800894.3160608,324.860315322876,-0.00523686408996582,0
1595800894.3260472,326.6578674316406,-0.00523686408996582,0
1595800894.3360531,328.4589385986328,-0.00523686408996582,0
1595800894.34605,330.25837898254395,-0.00523686408996582,0
1595800894.356055,332.0592784881592,-0.00523686408996582,0
1595800894.366059,333.86000633239746,-0.00523686408996582,0
1595800894.37605,335.65837383270264,-0.00523686408996582,0
1595800894.3860505,337.45845794677734,-0.00523686408996582,0
1595800894.396043,339.2571258544922,-0.00523686408996582,0
1595800894.4060478,341.0579824447632,-0.00523686408996582,0
1595800894.4160426,342.8570365905762,-0.00523686408996582,0
1595800894.426053,344.6589231491089,-0.00523686408996582,0
1595800894.436047,346.45784854888916,-0.00523686408996582,0
1595800894.4460537,348.25904846191406,-0.00523686408996582,0
1595800894.4560575,350.0597333908081,-0.00523686408996582,0
1595800894.4660604,351.8602466583252,-0.00523686408996582,0
1595800894.476052,353.6587429046631,-0.00523686408996582,0
1595800894.4860592,355.46002864837646,-0.00523686408996582,0
1595800894.4960432,357.25715160369873,-0.00523686408996582,0
1595800894.506045,359.05749320983887,-0.00523686408996582,0
1595800894.5112882,360,-0.00523686408996582,1
1595800894.5112882,0,0,0
1595800894.5212886,1.800084114074707,0,0
1595800894.5312972,3.6016273498535156,0,0
1595800894.541305,5.403041839599609,0,0
1595800894.551295,7.201237678527832,0,0
1595800894.5612974,9.001665115356445,0,0
1595800894.5713055,10.803122520446777,0,0
1595800894.581305,12.603034973144531,0,0
1595800894.5912924,14.400758743286133,0,0
1595800894.6013052,16.20307445526123,0,0
1595800894.6112916,18.00062656402588,0,0
1595800894.6212978,19.801740646362305,0,0
1595800894.6313026,21.6025972366333,0,0
1595800894.6413043,23.4028959274292,0,0
1595800894.6512985,25.20186424255371,0,0
1595800894.6612926,27.000789642333984,0,0
1595800894.6713028,28.80263328552246,0,0
1595800894.6813061,30.603232383728027,0,0
1595800894.6913013,32.40237236022949,0,0
1595800894.7013047,34.20297145843506,0,0
1595800894.7112978,36.00172519683838,0,0
1595800894.7212906,37.80043601989746,0,0
1595800894.7313044,39.60292339324951,0,0
1595800894.7412896,41.40026092529297,0,0
1595800894.7512882,43.20000171661377,0,0
1595800894.7613022,45.00253200531006,0,0
1595800894.7712936,46.80098533630371,0,0
1595800894.781306,48.60321521759033,0,0
1595800894.7912893,50.40020942687988,0,0
1595800894.8013024,52.20256805419922,0,0
1595800894.8113031,54.002695083618164,0,0
1595800894.8212914,55.80059051513672,0,0
1595800894.8312933,57.600932121276855,0,0
1595800894.8412907,59.400458335876465,0,0
1595800894.851299,61.201958656311035,0,0
1595800894.8612978,63.001742362976074,0,0
1595800894.8712997,64.80208396911621,0,0
1595800894.8813047,66.60298347473145,0,0
1595800894.8912954,68.40130805969238,0,0
1595800894.9012995,70.20203590393066,0,0
1595800894.911298,72.00177669525146,0,0
1595800894.921304,73.80284786224365,0,0
1595800894.9312944,75.60112953186035,0,0
1595800894.9412937,77.40099906921387,0,0
1595800894.9512928,79.20082569122314,0,0
1595800894.9612992,81.00198268890381,0,0
1595800894.9712965,82.80150890350342,0,0
1595800894.9812915,84.60060596466064,0,0
1595800894.9912996,86.40206336975098,0,0
1595800895.0012944,88.20111751556396,0,0
1595800895.0113053,90.00308990478516,0,0
1595800895.0212953,91.80128574371338,0,0
1595800895.0312877,93.59991073608398,0,0
1595800895.0412886,95.40008068084717,0,0
1595800895.051292,97.20067977905273,0,0
1595800895.0613036,99.00278091430664,0,0
1595800895.0712976,100.80170631408691,0,0
1595800895.0812933,102.60093212127686,0,0
1595800895.09129,104.40032958984375,0,0
1595800895.1013,106.20213031768799,0,0
1595800895.111298,108.00178527832031,0,0
1595800895.1212878,109.7999382019043,0,0
1595800895.1312885,111.60006523132324,0,0
1595800895.141297,113.40160846710205,0,0
1595800895.1513062,115.20323753356934,0,0
1595800895.1612937,117.00100421905518,0,0
1595800895.1713033,118.80271911621094,0,0
1595800895.1812963,120.60147285461426,0,0
1595800895.1912963,122.40147113800049,0,0
1595800895.2012901,124.20035362243652,0,0
1595800895.2113056,126.00314140319824,0,0
1595800895.2212932,127.80090808868408,0,0
1595800895.2312906,129.6004343032837,0,0
1595800895.2413015,131.40240669250488,0,0
1595800895.2512946,133.2011604309082,0,0
1595800895.2613006,135.0022315979004,0,0
1595800895.2712924,136.80077075958252,0,0
1595800895.2813015,138.6023998260498,0,0
1595800895.2913055,140.4031276702881,0,0
1595800895.301294,142.20106601715088,0,0
1595800895.3113053,144.0030813217163,0,0
1595800895.3213022,145.80252170562744,0,0
1595800895.3312895,147.60024547576904,0,0
1595800895.3413048,149.40299034118652,0,0
1595800895.3513007,151.2022590637207,0,0
1595800895.3612895,153.00024032592773,0,0
1595800895.3712978,154.8017406463623,0,0
1595800895.3812988,156.6019105911255,0,0
1595800895.3912926,158.40079307556152,0,0
1595800895.4012914,160.20057678222656,0,0
1595800895.411294,162.0010471343994,0,0
1595800895.4213,163.8021183013916,0,0
1595800895.4313006,165.60224533081055,0,0
1595800895.441304,167.4028444290161,0,0
1595800895.4512877,169.19992446899414,0,0
1595800895.4613037,171.00279808044434,0,0
1595800895.4712965,172.80150890350342,0,0
1595800895.481294,174.60103511810303,0,0
1595800895.491297,176.40159130096436,0,0
1595800895.5012915,178.2006025314331,0,0
1595800895.5112898,180.00030040740967,0,0
1595800895.5212955,181.80132865905762,0,0
1595800895.5312972,183.60162734985352,0,0
1595800895.5413022,185.40252685546875,0,0
1595800895.5512962,187.20145225524902,0,0
1595800895.561304,189.00286674499512,0,0
1595800895.5713038,190.8028221130371,0,0
1595800895.5812926,192.60080337524414,0,0
1595800895.5913057,194.40316200256348,0,0
1595800895.6013048,196.20298862457275,0,0
1595800895.6112945,198.00114154815674,0,0
1595800895.6213012,199.80234146118164,0,0
1595800895.6313033,201.60272598266602,0,0
1595800895.6412933,203.40092182159424,0,0
1595800895.6512911,205.20053386688232,0,0
1595800895.6612883,207.0000171661377,0,0
1595800895.67129,208.8003158569336,0,0
1595800895.681306,210.6031894683838,0,0
1595800895.6912901,212.4003553390503,0,0
1595800895.7012897,214.20026779174805,0,0
1595800895.7112882,216.00000858306885,0,0
1595800895.7212899,217.80030727386475,0,0
1595800895.7312982,219.60180759429932,0,0
1595800895.74129,221.40034675598145,0,0
1595800895.7512991,223.20197582244873,0,0
1595800895.7612903,225.00038623809814,0,0
1595800895.7712922,226.80072784423828,0,0
1595800895.7812974,228.60167026519775,0,0
1595800895.7912922,230.40072441101074,0,0
1595800895.801291,232.20050811767578,0,0
1595800895.8112874,233.99986267089844,0,0
1595800895.8213038,235.8028221130371,0,0
1595800895.831303,237.6026487350464,0,0
1595800895.841306,239.40320491790771,0,0
1595800895.8513014,241.20238780975342,0,0
1595800895.8612907,243.00045490264893,0,0
1595800895.8712945,244.80113983154297,0,0
1595800895.8812873,246.59985065460205,0,0
1595800895.8912923,248.40075016021729,0,0
1595800895.9012885,250.2000617980957,0,0
1595800895.9113,252.00212001800537,0,0
1595800895.9212973,253.80164623260498,0,0
1595800895.9312997,255.6020736694336,0,0
1595800895.9412913,257.4005699157715,0,0
1595800895.9512937,259.2009973526001,0,0
1595800895.961303,261.0026693344116,0,0
1595800895.971305,262.80301094055176,0,0
1595800895.9812987,264.6018934249878,0,0
1595800895.9912972,266.4016342163086,0,0
1595800896.0012903,268.2003879547119,0,0
1595800896.0112882,270.0,0,0
1595800896.0212936,271.8009853363037,0,0
1595800896.031302,273.6024856567383,0,0
1595800896.0412958,275.4013681411743,0,0
1595800896.0512905,277.2004222869873,0,0
1595800896.061295,279.00123596191406,0,0
1595800896.0712986,280.80187797546387,0,0
1595800896.081294,282.60106086730957,0,0
1595800896.0912883,284.4000291824341,0,0
1595800896.1013012,286.2023448944092,0,0
1595800896.1112952,288.00127029418945,0,0
1595800896.1212888,289.80010986328125,0,0
1595800896.1312885,291.60006523132324,0,0
1595800896.141295,293.4012222290039,0,0
1595800896.1512926,295.20079135894775,0,0
1595800896.161297,297.0016050338745,0,0
1595800896.171302,298.80250453948975,0,0
1595800896.1812904,300.6003999710083,0,0
1595800896.1913006,302.4022436141968,0,0
1595800896.201297,304.20159816741943,0,0
1595800896.211295,306.0012102127075,0,0
1595800896.2212996,307.8020668029785,0,0
1595800896.2312975,309.6016788482666,0,0
1595800896.2412877,311.39991760253906,0,0
1595800896.2512865,313.1997013092041,0,0
1595800896.2612972,315.00163078308105,0,0
1595800896.2712984,316.8018436431885,0,0
1595800896.281291,318.6005115509033,0,0
1595800896.2912967,320.40153980255127,0,0
1595800896.3012867,322.1997356414795,0,0
1595800896.3112993,324.00200843811035,0,0
1595800896.3213043,325.8029079437256,0,0
1595800896.3312907,327.60046005249023,0,0
1595800896.341301,329.4023036956787,0,0
1595800896.351287,331.1997699737549,0,0
1595800896.3612893,333.0001974105835,0,0
1595800896.3712924,334.8007535934448,0,0
1595800896.381292,336.6007089614868,0,0
1595800896.3913043,338.4028959274292,0,0
1595800896.4013038,340.20280838012695,0,0
1595800896.411293,342.00087547302246,0,0
1595800896.4212966,343.80151748657227,0,0
1595800896.4313018,345.60245990753174,0,0
1595800896.4413035,347.40275859832764,0,0
1595800896.4513,349.2021131515503,0,0
1595800896.4613037,351.00279808044434,0,0
1595800896.4712896,352.8002643585205,0,0
1595800896.4812975,354.6016788482666,0,0
1595800896.4912937,356.400990486145,0,0
1595800896.501297,358.2015895843506,0,0
1595800896.5112956,360,0,1
1595800896.5112956,0,0,0
1595800896.5178726,1.1838626861572266,0,0
1595800896.5178726,0.5919313430786133,-0.0032885074615478516,0
1595800896.521299,1.2086677551269531,-0.0032885074615478516,0
1595800896.5313125,3.0111122131347656,-0.0032885074615478516,0
1595800896.5413082,4.810338020324707,-0.0032885074615478516,0
1595800896.5513048,6.609735488891602,-0.0032885074615478516,0
1595800896.5613058,8.409905433654785,-0.0032885074615478516,0
1595800896.5713024,10.20930290222168,-0.0032885074615478516,0
1595800896.58131,12.010674476623535,-0.0032885074615478516,0
1595800896.5913126,13.811144828796387,-0.0032885074615478516,0
1595800896.60131,15.610671043395996,-0.0032885074615478516,0
1595800896.6113045,17.409682273864746,-0.0032885074615478516,0
1595800896.621303,19.209423065185547,-0.0032885074615478516,0
1595800896.6313062,21.009979248046875,-0.0032885074615478516,0
1595800896.6413102,22.810707092285156,-0.0032885074615478516,0
1595800896.6513095,24.610576629638672,-0.0032885074615478516,0
1595800896.661311,26.410832405090332,-0.0032885074615478516,0
1595800896.6713126,28.21113109588623,-0.0032885074615478516,0
1595800896.6813133,30.011258125305176,-0.0032885074615478516,0
1595800896.6913013,31.809110641479492,-0.0032885074615478516,0
1595800896.7013047,33.60970973968506,-0.0032885074615478516,0
1595800896.7112966,35.40824890136719,-0.0032885074615478516,0
1595800896.721309,37.21047878265381,-0.0032885074615478516,0
1595800896.731296,39.00815963745117,-0.0032885074615478516,0
1595800896.7413075,40.81021785736084,-0.0032885074615478516,0
1595800896.751311,42.610859870910645,-0.0032885074615478516,0
1595800896.7613018,44.40918445587158,-0.0032885074615478516,0
1595800896.7713037,46.20952606201172,-0.0032885074615478516,0
1595800896.7813044,48.009653091430664,-0.0032885074615478516,0
1595800896.7913108,49.81081008911133,-0.0032885074615478516,0
1595800896.8013,51.608877182006836,-0.0032885074615478516,0
1595800896.811311,53.41084957122803,-0.0032885074615478516,0
1595800896.821308,55.21028995513916,-0.0032885074615478516,0
1595800896.831304,57.00960159301758,-0.0032885074615478516,0
1595800896.8413026,58.80934238433838,-0.0032885074615478516,0
1595800896.8513098,60.61062812805176,-0.0032885074615478516,0
1595800896.861312,62.41101264953613,-0.0032885074615478516,0
1595800896.871306,64.2099380493164,-0.0032885074615478516,0
1595800896.8813136,66.01130962371826,-0.0032885074615478516,0
1595800896.89131,67.81066417694092,-0.0032885074615478516,0
1595800896.9013057,69.60988998413086,-0.0032885074615478516,0
1595800896.911306,71.40993118286133,-0.0032885074615478516,0
1595800896.9213102,73.21070194244385,-0.0032885074615478516,0
1595800896.9313023,75.00928401947021,-0.0032885074615478516,0
1595800896.9413035,76.80949687957764,-0.0032885074615478516,0
1595800896.9512997,78.60880851745605,-0.0032885074615478516,0
1595800896.9613016,80.40915012359619,-0.0032885074615478516,0
1595800896.9713,82.20884799957275,-0.0032885074615478516,0
1595800896.981311,84.01086330413818,-0.0032885074615478516,0
1595800896.9913044,85.80965995788574,-0.0032885074615478516,0
1595800897.0013056,87.60987281799316,-0.0032885074615478516,0
1595800897.0113096,89.41060066223145,-0.0032885074615478516,0
1595800897.021299,91.20866775512695,-0.0032885074615478516,0
1595800897.0312984,93.0085802078247,-0.0032885074615478516,0
1595800897.0413048,94.80973720550537,-0.0032885074615478516,0
1595800897.0513055,96.60986423492432,-0.0032885074615478516,0
1595800897.0612996,98.40878963470459,-0.0032885074615478516,0
1595800897.0712962,100.20818710327148,-0.0032885074615478516,0
1595800897.0813138,102.01136112213135,-0.0032885074615478516,0
1595800897.091308,103.81032943725586,-0.0032885074615478516,0
1595800897.1013005,105.60895442962646,-0.0032885074615478516,0
1595800897.1112995,107.40878105163574,-0.0032885074615478516,0
1595800897.1212952,109.20800685882568,-0.0032885074615478516,0
1595800897.1313121,111.01105213165283,-0.0032885074615478516,0
1595800897.1413028,112.80937671661377,-0.0032885074615478516,0
1595800897.1513097,114.61061954498291,-0.0032885074615478516,0
1595800897.1613114,116.41091823577881,-0.0032885074615478516,0
1595800897.1713116,118.21095943450928,-0.0032885074615478516,0
1595800897.1812987,120.00864028930664,-0.0032885074615478516,0
1595800897.1913123,121.81108474731445,-0.0032885074615478516,0
1595800897.2013104,123.61073970794678,-0.0032885074615478516,0
1595800897.211305,125.40975093841553,-0.0032885074615478516,0
1595800897.2213116,127.21095085144043,-0.0032885074615478516,0
1595800897.2313044,129.0096616744995,-0.0032885074615478516,0
1595800897.241306,130.8099603652954,-0.0032885074615478516,0
1595800897.2513137,132.61133193969727,-0.0032885074615478516,0
1595800897.2613106,134.4107723236084,-0.0032885074615478516,0
1595800897.2712965,136.20823860168457,-0.0032885074615478516,0
1595800897.2813025,138.00930976867676,-0.0032885074615478516,0
1595800897.2913032,139.8094367980957,-0.0032885074615478516,0
1595800897.301299,141.60870552062988,-0.0032885074615478516,0
1595800897.3112996,143.4087896347046,-0.0032885074615478516,0
1595800897.3213127,145.21114826202393,-0.0032885074615478516,0
1595800897.331313,147.0111894607544,-0.0032885074615478516,0
1595800897.341308,148.81032943725586,-0.0032885074615478516,0
1595800897.3513076,150.6102418899536,-0.0032885074615478516,0
1595800897.361297,152.40830898284912,-0.0032885074615478516,0
1595800897.3713074,154.21019554138184,-0.0032885074615478516,0
1595800897.3812997,156.00882053375244,-0.0032885074615478516,0
1595800897.3913035,157.80950546264648,-0.0032885074615478516,0
1595800897.4013028,159.609375,-0.0032885074615478516,0
1595800897.411298,161.40851497650146,-0.0032885074615478516,0
1595800897.421306,163.20992946624756,-0.0032885074615478516,0
1595800897.4312952,165.00799655914307,-0.0032885074615478516,0
1595800897.4412985,166.80859565734863,-0.0032885074615478516,0
1595800897.4513085,168.61039638519287,-0.0032885074615478516,0
1595800897.4612956,170.40807723999023,-0.0032885074615478516,0
1595800897.4712985,172.20859050750732,-0.0032885074615478516,0
