Type = Reachback Firefly,Function = Reachback Firefly (ln/e^),Refract = 0,Epsilon = 0.3,Start_phase = 46
Timestamp,Phase,Offset,Ping?
1596160362,46,0,0
1596160362.01,47.79802417755127,0.25555555555555554,0
1596160362.02,49.59780788421631,0.25555555555555554,0
1596160362.03,51.39535999298096,0.25555555555555554,0
1596160362.04,53.19449996948242,0.25555555555555554,0
1596160362.05,54.99823188781738,0.25555555555555554,0
1596160362.06,56.79483985900879,0.25555555555555554,0
1596160362.07,58.59775638580322,0.25555555555555554,0
1596160362.08,60.39852714538574,0.25555555555555554,0
1596160362.09,62.19513511657715,0.25555555555555554,0
1596160362.1,63.99551963806152,0.25555555555555554,0
1596160362.11,65.7977066040039,0.25555555555555554,0
1596160362.12,67.59937858581543,0.25555555555555554,0
1596160362.1299999,69.39521408081055,0.25555555555555554,0
1596160362.1399999,71.19903182983398,0.25555555555555554,0
1596160362.1499999,72.99469566345215,0.25555555555555554,0
1596160362.1599998,74.79842758178711,0.25555555555555554,0
1596160362.1699998,76.59812545776367,0.25555555555555554,0
1596160362.1799998,78.39460468292236,0.25555555555555554,0
1596160362.1899998,80.19940948486328,0.25555555555555554,0
1596160362.1999998,81.99477291107178,0.25555555555555554,0
1596160362.2099998,83.79841899871826,0.25555555555555554,0
1596160362.2199998,85.59541320800781,0.25555555555555554,0
1596160362.2299998,87.39755725860596,0.25555555555555554,0
1596160362.2399998,89.19888591766357,0.25555555555555554,0
1596160362.2499998,90.99927043914795,0.25555555555555554,0
1596160362.2599998,92.7945909500122,0.25555555555555554,0
1596160362.2699997,94.5994815826416,0.25555555555555554,0
1596160362.2799997,96.3986644744873,0.25555555555555554,0
1596160362.2899997,98.19540119171143,0.25555555555555554,0
1596160362.2999997,99.99758815765381,0.25555555555555554,0
1596160362.3099997,101.79544067382812,0.25555555555555554,0
1596160362.3199997,103.59445190429688,0.25555555555555554,0
1596160362.3299997,105.39535140991211,0.25555555555555554,0
1596160362.3399997,107.19882583618164,0.25555555555555554,0
1596160362.3499997,108.99466133117676,0.25555555555555554,0
1596160362.3599997,110.7947883605957,0.25555555555555554,0
1596160362.3699996,112.59736156463623,0.25555555555555554,0
1596160362.3799996,114.39757442474365,0.25555555555555554,0
1596160362.3899996,116.19890308380127,0.25555555555555554,0
1596160362.3999996,117.99460983276367,0.25555555555555554,0
1596160362.4099996,119.79477977752686,0.25555555555555554,0
1596160362.4199996,121.5972671508789,0.25555555555555554,0
1596160362.4299996,123.3981237411499,0.25555555555555554,0
1596160362.4399996,125.19717788696289,0.25555555555555554,0
1596160362.4499996,126.99910736083984,0.25555555555555554,0
1596160362.4599996,128.79841899871826,0.25555555555555554,0
1596160362.4699996,130.59442615509033,0.25555555555555554,0
1596160362.4799995,132.39519691467285,0.25555555555555554,0
1596160362.4899995,134.19472312927246,0.25555555555555554,0
1596160362.4999995,135.99914169311523,0.25555555555555554,0
1596160362.5099995,137.79892539978027,0.25555555555555554,0
1596160362.5199995,139.59763622283936,0.25555555555555554,0
1596160362.5299995,141.39862155914307,0.25555555555555554,0
1596160362.5399995,143.1945858001709,0.25555555555555554,0
1596160362.5499995,144.9989185333252,0.25555555555555554,0
1596160362.5599995,146.79827308654785,0.25555555555555554,0
1596160362.5699995,148.59698390960693,0.25555555555555554,0
1596160362.5799994,150.39929962158203,0.25555555555555554,0
1596160362.5899994,152.19522094726562,0.25555555555555554,0
1596160362.5999994,153.99689292907715,0.25555555555555554,0
1596160362.6099994,155.79508876800537,0.25555555555555554,0
1596160362.6199994,157.59976482391357,0.25555555555555554,0
1596160362.6299994,159.3985185623169,0.25555555555555554,0
1596160362.6399994,161.19851684570312,0.25555555555555554,0
1596160362.6499994,162.99516773223877,0.25555555555555554,0
1596160362.6599994,164.79671096801758,0.25555555555555554,0
1596160362.6699994,166.59735298156738,0.25555555555555554,0
1596160362.6799994,168.39911079406738,0.25555555555555554,0
1596160362.6899993,170.19451713562012,0.25555555555555554,0
1596160362.6999993,171.99721908569336,0.25555555555555554,0
1596160362.7099993,173.79468536376953,0.25555555555555554,0
1596160362.7199993,175.5973014831543,0.25555555555555554,0
1596160362.7299993,177.39798641204834,0.25555555555555554,0
1596160362.7399993,179.1988000869751,0.25555555555555554,0
1596160362.7499993,180.99884128570557,0.25555555555555554,0
1596160362.7599993,182.799054145813,0.25555555555555554,0
1596160362.7699993,184.59772205352783,0.25555555555555554,0
1596160362.7799993,186.39673328399658,0.25555555555555554,0
1596160362.7899992,188.19449996948242,0.25555555555555554,0
1596160362.7999992,189.99823188781738,0.25555555555555554,0
1596160362.8099992,191.79835891723633,0.25555555555555554,0
1596160362.8199992,193.59870052337646,0.25555555555555554,0
1596160362.8299992,195.39796924591064,0.25555555555555554,0
1596160362.8399992,197.1986541748047,0.25555555555555554,0
1596160362.8499992,198.9983949661255,0.25555555555555554,0
1596160362.8599992,200.799165725708,0.25555555555555554,0
1596160362.8699992,202.5976619720459,0.25555555555555554,0
1596160362.8799992,204.39435577392578,0.25555555555555554,0
1596160362.8899992,206.19649982452393,0.25555555555555554,0
1596160362.8999991,207.99842929840088,0.25555555555555554,0
1596160362.9099991,209.79666805267334,0.25555555555555554,0
1596160362.9199991,211.5992841720581,0.25555555555555554,0
1596160362.929999,213.39623546600342,0.25555555555555554,0
1596160362.939999,215.1943883895874,0.25555555555555554,0
1596160362.949999,216.99756240844727,0.25555555555555554,0
1596160362.959999,218.79893398284912,0.25555555555555554,0
1596160362.969999,220.59863185882568,0.25555555555555554,0
1596160362.979999,222.3987159729004,0.25555555555555554,0
1596160362.989999,224.1969118118286,0.25555555555555554,0
1596160362.999999,225.99871253967285,0.25555555555555554,0
1596160363.009999,227.79454803466797,0.25555555555555554,0
1596160363.019999,229.59639167785645,0.25555555555555554,0
1596160363.029999,231.39617538452148,0.25555555555555554,0
1596160363.039999,233.1968173980713,0.25555555555555554,0
1596160363.049999,234.99861812591553,0.25555555555555554,0
1596160363.059999,236.79792976379395,0.25555555555555554,0
1596160363.069999,238.59608268737793,0.25555555555555554,0
1596160363.079999,240.39457893371582,0.25555555555555554,0
1596160363.089999,242.19457721710205,0.25555555555555554,0
1596160363.099999,243.99719333648682,0.25555555555555554,0
1596160363.109999,245.7962474822998,0.25555555555555554,0
1596160363.119999,247.59650325775146,0.25555555555555554,0
1596160363.129999,249.39924812316895,0.25555555555555554,0
1596160363.139999,251.1979160308838,0.25555555555555554,0
1596160363.149999,252.99645519256592,0.25555555555555554,0
1596160363.159999,254.79924297332764,0.25555555555555554,0
1596160363.169999,256.59666633605957,0.25555555555555554,0
1596160363.1799989,258.3991107940674,0.25555555555555554,0
1596160363.1899989,260.1970491409302,0.25555555555555554,0
1596160363.1999989,261.9961462020874,0.25555555555555554,0
1596160363.2099988,263.7969169616699,0.25555555555555554,0
1596160363.2199988,265.5960569381714,0.25555555555555554,0
1596160363.2299988,267.3974714279175,0.25555555555555554,0
1596160363.2399988,269.1978130340576,0.25555555555555554,0
1596160363.2499988,270.99802589416504,0.25555555555555554,0
1596160363.2599988,272.79622173309326,0.25555555555555554,0
1596160363.2699988,274.5985803604126,0.25555555555555554,0
1596160363.2799988,276.3976774215698,0.25555555555555554,0
1596160363.2899988,278.1968603134155,0.25555555555555554,0
1596160363.2999988,279.9981460571289,0.25555555555555554,0
1596160363.3001208,280.01625633239746,0.25555555555555554,0
1596160363.3001208,280.01625633239746,0.25555555555555554,0
1596160363.3099988,281.7953119277954,0.25555555555555554,0
1596160363.3199987,283.59543895721436,0.25555555555555554,0
1596160363.3299987,285.39672470092773,0.25555555555555554,0
1596160363.3399987,287.1980962753296,0.25555555555555554,0
1596160363.3499987,288.99577713012695,0.25555555555555554,0
1596160363.3599987,290.79787826538086,0.25555555555555554,0
1596160363.3699987,292.59560203552246,0.25555555555555554,0
1596160363.3799987,294.3961582183838,0.25555555555555554,0
1596160363.3899987,296.1974868774414,0.25555555555555554,0
1596160363.3999987,297.99581146240234,0.25555555555555554,0
1596160363.4099987,299.798770904541,0.25555555555555554,0
1596160363.4199986,301.59722423553467,0.25555555555555554,0
1596160363.4299986,303.39559173583984,0.25555555555555554,0
1596160363.4399986,305.19867992401123,0.25555555555555554,0
1596160363.4499986,306.99618911743164,0.25555555555555554,0
1596160363.4599986,308.7979040145874,0.25555555555555554,0
1596160363.4699986,310.5950698852539,0.25555555555555554,0
1596160363.4799986,312.3972568511963,0.25555555555555554,0
1596160363.4899986,314.1966972351074,0.25555555555555554,0
1596160363.4999986,315.9978971481323,0.25555555555555554,0
1596160363.5099986,317.79686546325684,0.25555555555555554,0
1596160363.5199986,319.59797954559326,0.25555555555555554,0
1596160363.5299985,321.39716243743896,0.25555555555555554,0
1596160363.5399985,323.1986198425293,0.25555555555555554,0
1596160363.5499985,324.9980173110962,0.25555555555555554,0
1596160363.5599985,326.7974576950073,0.25555555555555554,0
1596160363.5699985,328.59788513183594,0.25555555555555554,0
1596160363.5799985,330.398398399353,0.25555555555555554,0
1596160363.5899985,332.1978816986084,0.25555555555555554,0
1596160363.5999985,333.99586296081543,0.25555555555555554,0
1596160363.6099985,335.79629039764404,0.25555555555555554,0
1596160363.6199985,337.5952157974243,0.25555555555555554,0
1596160363.6299984,339.3964157104492,0.25555555555555554,0
1596160363.6399984,341.19495487213135,0.25555555555555554,0
1596160363.642786,341.6959915161133,0.25555555555555554,0
1596160363.642786,341.6959915161133,0.25555555555555554,0
1596160363.6499984,342.99512481689453,0.25555555555555554,0
1596160363.6599984,344.79623889923096,0.25555555555555554,0
1596160363.6699984,346.59486389160156,0.25555555555555554,0
1596160363.6799984,348.3956775665283,0.25555555555555554,0
1596160363.6899984,350.1954183578491,0.25555555555555554,0
1596160363.6999984,351.9946870803833,0.25555555555555554,0
1596160363.7099984,353.79605865478516,0.25555555555555554,0
1596160363.7199984,355.59747314453125,0.25555555555555554,0
1596160363.7299984,357.3954973220825,0.25555555555555554,0
1596160363.7399983,359.19695472717285,0.25555555555555554,0
1596160363.7444882,360,0.25555555555555554,1
1596160363.7444882,0,0,0
1596160363.7544882,219.31369265361886,1.2083972538204248,0
1596160363.7644882,221.11261805339913,1.2083972538204248,0
1596160363.7744882,222.91180094524483,1.2083972538204248,0
1596160363.7844882,224.71334418102364,1.2083972538204248,0
1596160363.7944882,226.51192625805,1.2083972538204248,0
1596160363.8044882,228.31231077953439,1.2083972538204248,0
1596160363.8144882,230.1130815391169,1.2083972538204248,0
1596160363.8244882,231.91239317699532,1.2083972538204248,0
1596160363.8344882,233.71269186779122,1.2083972538204248,0
1596160363.8444881,235.51243265911202,1.2083972538204248,0
1596160363.8544881,237.31367548748116,1.2083972538204248,0
1596160363.8644881,239.11272963329415,1.2083972538204248,0
1596160363.874488,240.91401537700753,1.2083972538204248,0
1596160363.884488,242.71165331646066,1.2083972538204248,0
1596160363.894488,244.51195200725655,1.2083972538204248,0
1596160363.904488,246.31461104198556,1.2083972538204248,0
1596160363.914488,248.11319311901192,1.2083972538204248,0
1596160363.924488,249.9128051643,1.2083972538204248,0
1596160363.934488,251.7131038550959,1.2083972538204248,0
1596160363.944488,253.51426085277657,1.2083972538204248,0
1596160363.954488,255.31219919963937,1.2083972538204248,0
1596160363.964488,257.11215456768133,1.2083972538204248,0
1596160363.974488,258.9142986182795,1.2083972538204248,0
1596160363.984488,260.7119365577326,1.2083972538204248,0
1596160363.994488,262.5130077247248,1.2083972538204248,0
1596160364.004488,264.3133493308649,1.2083972538204248,0
1596160364.014488,266.113862598382,1.2083972538204248,0
1596160364.024488,267.9130025748835,1.2083972538204248,0
1596160364.034488,269.7124000434504,1.2083972538204248,0
1596160364.044488,271.5136428718195,1.2083972538204248,0
1596160364.054488,273.31162413402654,1.2083972538204248,0
1596160364.064488,275.11248072429754,1.2083972538204248,0
1596160364.074488,276.91681345745184,1.2083972538204248,0
1596160364.084488,278.7131639365778,1.2083972538204248,0
1596160364.094488,280.51183184429266,1.2083972538204248,0
1596160364.104488,282.3129459266291,1.2083972538204248,0
1596160364.114488,284.11457499309637,1.2083972538204248,0
1596160364.1244879,285.91483076854803,1.2083972538204248,0
1596160364.1344879,287.71259745403387,1.2083972538204248,0
1596160364.1444879,289.5134969596491,1.2083972538204248,0
1596160364.1544878,291.3136669044123,1.2083972538204248,0
1596160364.1644878,293.1131072883234,1.2083972538204248,0
1596160364.1744878,294.911732280694,1.2083972538204248,0
1596160364.1844878,296.7119880561457,1.2083972538204248,0
1596160364.1944878,298.5146900062189,1.2083972538204248,0
1596160364.2044878,300.3129716758356,1.2083972538204248,0
1596160364.2144878,302.1145578269587,1.2083972538204248,0
1596160364.2244878,303.9137836341486,1.2083972538204248,0
1596160364.2344878,305.7115932349787,1.2083972538204248,0
1596160364.2444878,307.51455267711736,1.2083972538204248,0
1596160364.2544878,309.31193312450506,1.2083972538204248,0
1596160364.2644877,311.11223181530096,1.2083972538204248,0
1596160364.2744877,312.91162928386785,1.2083972538204248,0
1596160364.2844877,314.71351584240057,1.2083972538204248,0
1596160364.2944877,316.51402910991766,1.2083972538204248,0
1596160364.3044877,318.31475695415594,1.2083972538204248,0
1596160364.3144877,320.113467777215,1.2083972538204248,0
1596160364.3244877,321.9137235526667,1.2083972538204248,0
1596160364.3344877,323.71196230693914,1.2083972538204248,0
1596160364.3444877,325.51281889721014,1.2083972538204248,0
1596160364.3544877,327.3126455192194,1.2083972538204248,0
1596160364.3644876,329.1130300407038,1.2083972538204248,0
1596160364.3744876,330.9118696097956,1.2083972538204248,0
1596160364.3844876,332.71457155986883,1.2083972538204248,0
1596160364.3944876,334.5126815681086,1.2083972538204248,0
1596160364.4044876,336.3130231742487,1.2083972538204248,0
1596160364.4144876,338.11212023540594,1.2083972538204248,0
1596160364.4244876,339.9124618415461,1.2083972538204248,0
1596160364.4344876,341.71284636303045,1.2083972538204248,0
1596160364.4444876,343.5143037681208,1.2083972538204248,0
1596160364.4544876,345.312499607049,1.2083972538204248,0
1596160364.4644876,347.11159666820623,1.2083972538204248,0
1596160364.4744875,348.91339739605047,1.2083972538204248,0
1596160364.4844875,350.7145114783869,1.2083972538204248,0
1596160364.4944875,352.51408060833074,1.2083972538204248,0
1596160364.5044875,354.3142076377497,1.2083972538204248,0
1596160364.5144875,356.11446341320135,1.2083972538204248,0
1596160364.5244875,357.91175802990057,1.2083972538204248,0
1596160364.5344875,359.71145590587713,1.2083972538204248,0
1596160364.5360966,360,1.2083972538204248,1
1596160364.5360966,0,0,0
1596160364.5460966,1.8011999130249023,0,0
1596160364.5560966,3.602142333984375,0,0
1596160364.5660965,5.402183532714844,0,0
1596160364.5760965,7.20304012298584,0,0
1596160364.5860965,9.002265930175781,0,0
1596160364.5960965,10.801405906677246,0,0
1596160364.6060965,12.600460052490234,0,0
1596160364.6160965,14.401445388793945,0,0
1596160364.6260965,16.20110034942627,0,0
1596160364.6360965,18.000454902648926,0,0
1596160364.6460965,19.80311393737793,0,0
1596160364.6560965,21.600022315979004,0,0
1596160364.6660964,23.403067588806152,0,0
1596160364.6760964,25.200190544128418,0,0
1596160364.6860964,27.00169086456299,0,0
1596160364.6960964,28.800101280212402,0,0
1596160364.7060964,30.60164451599121,0,0
1596160364.7160964,32.40112781524658,0,0
1596160364.7260964,34.202327728271484,0,0
1596160364.7360964,36.00043773651123,0,0
1596160364.7460964,37.80168056488037,0,0
1596160364.7560964,39.600863456726074,0,0
1596160364.7660964,41.40296459197998,0,0
1596160364.7760963,43.2008171081543,0,0
1596160364.7860963,45.001158714294434,0,0
1596160364.7960963,46.80150032043457,0,0
1596160364.8060963,48.60068321228027,0,0
1596160364.8160963,50.40111064910889,0,0
1596160364.8260963,52.202696800231934,0,0
1596160364.8360963,54.00046348571777,0,0
1596160364.8460963,55.801148414611816,0,0
1596160364.8560963,57.603163719177246,0,0
1596160364.8660963,59.402689933776855,0,0
1596160364.8760962,61.199984550476074,0,0
1596160364.8860962,63.00002574920654,0,0
1596160364.8960962,64.80032444000244,0,0
1596160364.9060962,66.60186767578125,0,0
1596160364.9160962,68.40212345123291,0,0
1596160364.9260962,70.20044803619385,0,0
1596160364.9360962,72.00177669525146,0,0
1596160364.9460962,73.79997253417969,0,0
1596160364.9560962,75.60198783874512,0,0
1596160364.9660962,77.40164279937744,0,0
1596160364.9760962,79.20219898223877,0,0
1596160364.9860961,81.00043773651123,0,0
1596160364.9960961,82.80146598815918,0,0
1596160365.0060961,84.60240840911865,0,0
1596160365.016096,86.40116214752197,0,0
1596160365.026096,88.20167541503906,0,0
1596160365.036096,90.00021457672119,0,0
1596160365.046096,91.80107116699219,0,0
1596160365.056096,93.60158443450928,0,0
1596160365.0616536,94.60026741027832,0,0
1596160365.0616536,94.60026741027832,0,0
1596160365.066096,95.40085315704346,0,0
1596160365.076096,97.2026538848877,0,0
1596160365.086096,99.00024890899658,0,0
1596160365.096096,100.80204963684082,0,0
1596160365.106096,102.60149002075195,0,0
1596160365.116096,104.40174579620361,0,0
1596160365.126096,106.20092868804932,0,0
1596160365.136096,108.00191402435303,0,0
1596160365.146096,109.80302810668945,0,0
1596160365.156096,111.60319805145264,0,0
1596160365.166096,113.40268135070801,0,0
1596160365.176096,115.20195007324219,0,0
1596160365.186096,117.0003604888916,0,0
1596160365.196096,118.80263328552246,0,0
1596160365.206096,120.60280323028564,0,0
1596160365.216096,122.40164279937744,0,0
1596160365.226096,124.20082569122314,0,0
1596160365.236096,126.00249767303467,0,0
1596160365.246096,127.80206680297852,0,0
1596160365.256096,129.60227966308594,0,0
1596160365.2660959,131.40111923217773,0,0
1596160365.2760959,133.2026195526123,0,0
1596160365.2860959,135.00274658203125,0,0
1596160365.2960958,136.799955368042,0,0
1596160365.300483,137.58955478668213,0,0
1596160365.300483,137.58955478668213,0,0
1596160365.3060958,138.6003828048706,0,0
1596160365.3160958,140.40093898773193,0,0
1596160365.3260958,142.19999313354492,0,0
1596160365.3360958,144.00007724761963,0,0
1596160365.3460958,145.80299377441406,0,0
1596160365.3560958,147.60071754455566,0,0
1596160365.3660958,149.40294742584229,0,0
1596160365.3760958,151.20187282562256,0,0
1596160365.3860958,153.0014419555664,0,0
1596160365.3960958,154.80191230773926,0,0
1596160365.4060957,156.60268306732178,0,0
1596160365.4160957,158.40006351470947,0,0
1596160365.4260957,160.2024221420288,0,0
1596160365.4360957,161.99988842010498,0,0
1596160365.4460957,163.80061626434326,0,0
1596160365.4560957,165.60215950012207,0,0
1596160365.4660957,167.40185737609863,0,0
1596160365.4760957,169.20005321502686,0,0
1596160365.4860957,171.00030899047852,0,0
1596160365.4960957,172.79996395111084,0,0
1596160365.5060956,174.6004343032837,0,0
1596160365.5160956,176.40043258666992,0,0
1596160365.5260956,178.20120334625244,0,0
1596160365.5360956,180.00184535980225,0,0
1596160365.5460956,181.8004274368286,0,0
1596160365.5560956,183.60244274139404,0,0
1596160365.5660956,185.40295600891113,0,0
1596160365.5760956,187.20072269439697,0,0
1596160365.5860956,189.00325298309326,0,0
1596160365.5960956,190.8001184463501,0,0
1596160365.6060956,192.6009750366211,0,0
1596160365.6160955,194.40110206604004,0,0
1596160365.6260955,196.20097160339355,0,0
1596160365.6360955,197.9999828338623,0,0
1596160365.6460955,199.80234146118164,0,0
1596160365.6560955,201.60070896148682,0,0
1596160365.6660955,203.40023517608643,0,0
1596160365.6760955,205.2029800415039,0,0
1596160365.6860955,207.00310707092285,0,0
1596160365.6960955,208.80228996276855,0,0
1596160365.7060955,210.60138702392578,0,0
1596160365.7160954,212.40297317504883,0,0
1596160365.7260954,214.20035362243652,0,0
1596160365.7360954,216.0019826889038,0,0
1596160365.7460954,217.80039310455322,0,0
1596160365.7560954,219.6025800704956,0,0
1596160365.7660954,221.4027500152588,0,0
1596160365.7760954,223.200044631958,0,0
1596160365.7860954,225.00064373016357,0,0
1596160365.7960954,226.80295944213867,0,0
1596160365.8060954,228.60111236572266,0,0
1596160365.8160954,230.40218353271484,0,0
1596160365.8260953,232.19995021820068,0,0
1596160365.8360953,234.0030813217163,0,0
1596160365.8460953,235.79994678497314,0,0
1596160365.8560953,237.6006317138672,0,0
1596160365.8660953,239.40311908721924,0,0
1596160365.8760953,241.20307445526123,0,0
1596160365.8860953,243.00212860107422,0,0
1596160365.8960953,244.80066776275635,0,0
1596160365.9060953,246.60324096679688,0,0
1596160365.9160953,248.4022092819214,0,0
1596160365.9260952,250.20109176635742,0,0
1596160365.9360952,252.0000171661377,0,0
1596160365.9460952,253.80091667175293,0,0
1596160365.9560952,255.60177326202393,0,0
1596160365.9618967,256.6440153121948,0,0
1596160365.9618967,256.6440153121948,0,0
1596160365.9660952,257.402286529541,0,0
1596160365.9760952,259.2009115219116,0,0
1596160365.9860952,261.00249767303467,0,0
1596160365.9960952,262.80219554901123,0,0
1596160366.0060952,264.6015930175781,0,0
1596160366.0160952,266.40167713165283,0,0
1596160366.0260952,268.200945854187,0,0
1596160366.0360951,270.0030040740967,0,0
1596160366.0460951,271.7998266220093,0,0
1596160366.0560951,273.6002540588379,0,0
1596160366.066095,275.40016651153564,0,0
1596160366.076095,277.202353477478,0,0
1596160366.086095,279.0021800994873,0,0
1596160366.096095,280.80127716064453,0,0
1596160366.106095,282.60106086730957,0,0
1596160366.116095,284.40234661102295,0,0
1596160366.126095,286.202130317688,0,0
1596160366.136095,288.0007553100586,0,0
1596160366.146095,289.8013114929199,0,0
1596160366.156095,291.59972190856934,0,0
1596160366.166095,293.4015655517578,0,0
1596160366.176095,295.2012634277344,0,0
1596160366.186095,297.00207710266113,0,0
1596160366.196095,298.80095958709717,0,0
1596160366.206095,300.6017732620239,0,0
1596160366.216095,302.3997116088867,0,0
1596160366.226095,304.2012119293213,0,0
1596160366.236095,306.00078105926514,0,0
1596160366.246095,307.8017234802246,0,0
1596160366.256095,309.6023225784302,0,0
1596160366.266095,311.4007759094238,0,0
1596160366.276095,313.20043087005615,0,0
1596160366.286095,315.0002145767212,0,0
1596160366.295764,316.7401313781738,0,0
1596160366.295764,316.7401313781738,0,0
1596160366.296095,316.80261611938477,0,0
1596160366.306095,318.60175609588623,0,0
1596160366.3160949,320.40119647979736,0,0
1596160366.3260949,322.20080852508545,0,0
1596160366.3360949,324.00110721588135,0,0
1596160366.3460948,325.8020496368408,0,0
1596160366.3560948,327.60247707366943,0,0
1596160366.3660948,329.40178871154785,0,0
1596160366.3760948,331.20105743408203,0,0
1596160366.3860948,333.0016565322876,0,0
1596160366.3960948,334.8014831542969,0,0
1596160366.4060948,336.60242557525635,0,0
1596160366.4160948,338.40173721313477,0,0
1596160366.4260948,340.20147800445557,0,0
1596160366.4360948,341.99997425079346,0,0
1596160366.4460948,343.8001012802124,0,0
1596160366.4560947,345.6031036376953,0,0
1596160366.4660947,347.40052700042725,0,0
1596160366.4760947,349.2025423049927,0,0
1596160366.4860947,351.00224018096924,0,0
1596160366.4960947,352.8024101257324,0,0
1596160366.5060947,354.59983348846436,0,0
1596160366.5160947,356.40249252319336,0,0
1596160366.5260947,358.2026195526123,0,0
1596160366.5360947,359.99969959259033,0,0
1596160366.536117,360,0,1
1596160366.536117,0,0,0
1596160366.546117,283.63924930444307,1.5657619342732731,0
1596160366.556117,285.43718765130586,1.5657619342732731,0
1596160366.566117,287.23804424157686,1.5657619342732731,0
1596160366.576117,289.03868625512666,1.5657619342732731,0
1596160366.586117,290.8405728136594,1.5657619342732731,0
1596160366.596117,292.6373095308835,1.5657619342732731,0
1596160366.606117,294.44014022698946,1.5657619342732731,0
1596160366.616117,296.23855064263887,1.5657619342732731,0
1596160366.626117,298.0391068255002,1.5657619342732731,0
1596160366.636117,299.83974883905,1.5657619342732731,0
1596160366.646117,301.63918922296114,1.5657619342732731,0
1596160366.656117,303.43725631585664,1.5657619342732731,0
1596160366.666117,305.2373833452756,1.5657619342732731,0
1596160366.676117,307.03806827416963,1.5657619342732731,0
1596160366.686117,308.8385815416867,1.5657619342732731,0
1596160366.696117,310.6379790102536,1.5657619342732731,0
1596160366.706117,312.4373335634763,1.5657619342732731,0
1596160366.716117,314.23861930718965,1.5657619342732731,0
1596160366.726117,316.0374159609372,1.5657619342732731,0
1596160366.736117,317.8405041491086,1.5657619342732731,0
1596160366.7461169,319.6397728716428,1.5657619342732731,0
1596160366.7561169,321.4372820650632,1.5657619342732731,0
1596160366.7661169,323.24032733789034,1.5657619342732731,0
1596160366.7761168,325.0389952456052,1.5657619342732731,0
1596160366.7861168,326.83882186761446,1.5657619342732731,0
1596160366.7961168,328.63834808221407,1.5657619342732731,0
1596160366.8061168,330.43976257196016,1.5657619342732731,0
1596160366.8161168,332.23838756433076,1.5657619342732731,0
1596160366.8261168,334.0389437471921,1.5657619342732731,0
1596160366.8361168,335.83851287713594,1.5657619342732731,0
1596160366.8461168,337.6385540758664,1.5657619342732731,0
1596160366.8561168,339.43756530633516,1.5657619342732731,0
1596160366.8661168,341.2397951876218,1.5657619342732731,0
1596160366.8761168,343.0400938784177,1.5657619342732731,0
1596160366.8861167,344.8378176485593,1.5657619342732731,0
1596160366.8961167,346.6385884081418,1.5657619342732731,0
1596160366.9061167,348.4393591677243,1.5657619342732731,0
1596160366.9161167,350.23845622888155,1.5657619342732731,0
1596160366.9261167,352.03896949639864,1.5657619342732731,0
1596160366.9361167,353.8401264940793,1.5657619342732731,0
1596160366.9461167,355.63892314782686,1.5657619342732731,0
1596160366.9561167,357.44046638360567,1.5657619342732731,0
1596160366.9661167,359.23819015374727,1.5657619342732731,0
1596160366.9703653,360,1.5657619342732731,1
1596160366.9703653,0,0,0
1596160366.9803653,1.8007278442382812,0,0
1596160366.9903653,3.602786064147949,0,0
1596160367.0003653,5.401625633239746,0,0
1596160367.0103652,7.201108932495117,0,0
1596160367.0203652,9.001321792602539,0,0
1596160367.0303652,10.802264213562012,0,0
1596160367.0403652,12.601661682128906,0,0
1596160367.0503652,14.401788711547852,0,0
1596160367.0603652,16.2007999420166,0,0
1596160367.0703652,18.00006866455078,0,0
1596160367.0803652,19.802041053771973,0,0
1596160367.0903652,21.60285472869873,0,0
1596160367.1003652,23.40014934539795,0,0
1596160367.1103652,25.202293395996094,0,0
1596160367.1203651,27.000832557678223,0,0
1596160367.1303651,28.801045417785645,0,0
1596160367.1403651,30.602974891662598,0,0
1596160367.150365,32.40340232849121,0,0
1596160367.160365,34.200782775878906,0,0
1596160367.170365,36.00189685821533,0,0
1596160367.180365,37.80116558074951,0,0
1596160367.190365,39.600563049316406,0,0
1596160367.200365,41.402621269226074,0,0
1596160367.210365,43.202834129333496,0,0
1596160367.220365,45.00193119049072,0,0
1596160367.230365,46.802358627319336,0,0
1596160367.240365,48.60304355621338,0,0
1596160367.250365,50.40050983428955,0,0
1596160367.260365,52.20273971557617,0,0
1596160367.270365,54.002695083618164,0,0
1596160367.280365,55.80307960510254,0,0
1596160367.290365,57.60058879852295,0,0
1596160367.300365,59.4016170501709,0,0
1596160367.310365,61.20217323303223,0,0
1596160367.320365,63.00315856933594,0,0
1596160367.330365,64.80281352996826,0,0
1596160367.340365,66.60032272338867,0,0
1596160367.350365,68.40281009674072,0,0
1596160367.3558733,69.39145088195801,0,0
1596160367.3558733,69.39145088195801,0,0
1596160367.360365,70.20242214202881,0,0
1596160367.370365,72.00066089630127,0,0
1596160367.380365,73.80194664001465,0,0
1596160367.390365,75.60267448425293,0,0
1596160367.4003649,77.4006986618042,0,0
1596160367.4103649,79.20202732086182,0,0
1596160367.4203649,81.00000858306885,0,0
1596160367.4303648,82.80155181884766,0,0
1596160367.4403648,84.6031379699707,0,0
1596160367.4503648,86.40133380889893,0,0
1596160367.4603648,88.20128917694092,0,0
1596160367.4703648,90.00300407409668,0,0
1596160367.4803648,91.80124282836914,0,0
1596160367.4903648,93.60111236572266,0,0
1596160367.5003648,95.40055274963379,0,0
1596160367.5103648,97.20132350921631,0,0
1596160367.5203648,99.00089263916016,0,0
1596160367.5303648,100.80106258392334,0,0
1596160367.5403647,102.60093212127686,0,0
1596160367.5503647,104.40024375915527,0,0
1596160367.5603647,106.20307445526123,0,0
1596160367.5703647,108.00290107727051,0,0
1596160367.5803647,109.80277061462402,0,0
1596160367.5903647,111.59993648529053,0,0
1596160367.6003647,113.40315341949463,0,0
1596160367.6103647,115.20255088806152,0,0
1596160367.6203647,117.00156211853027,0,0
1596160367.6303647,118.80074501037598,0,0
1596160367.6403646,120.60288906097412,0,0
1596160367.6503646,122.40293025970459,0,0
1596160367.6603646,124.19996738433838,0,0
1596160367.6703646,126.00026607513428,0,0
1596160367.6803646,127.80322551727295,0,0
1596160367.6903646,129.60163593292236,0,0
1596160367.7003646,131.40116214752197,0,0
1596160367.7103646,133.2015037536621,0,0
1596160367.7203646,135.001802444458,0,0
1596160367.7303646,136.79986953735352,0,0
1596160367.7403646,138.6002540588379,0,0
1596160367.7503645,140.40171146392822,0,0
1596160367.7603645,142.20170974731445,0,0
1596160367.7703645,144.0009355545044,0,0
1596160367.7803645,145.79986095428467,0,0
1596160367.7903645,147.60196208953857,0,0
1596160367.8003645,149.40247535705566,0,0
1596160367.8103645,151.20187282562256,0,0
1596160367.8203645,153.00182819366455,0,0
1596160367.8303645,154.80053901672363,0,0
1596160367.8403645,156.6002368927002,0,0
1596160367.8503644,158.40075016021729,0,0
1596160367.8603644,160.2000617980957,0,0
1596160367.8703644,162.0012617111206,0,0
1596160367.8803644,163.80095958709717,0,0
1596160367.8903644,165.60190200805664,0,0
1596160367.9003644,167.400484085083,0,0
1596160367.9103644,169.20048236846924,0,0
1596160367.9203644,171.00236892700195,0,0
1596160367.9303644,172.80335426330566,0,0
1596160367.9403644,174.60129261016846,0,0
1596160367.9503644,176.40116214752197,0,0
1596160367.9603643,178.20300579071045,0,0
1596160367.96221,178.53203773498535,0,0
1596160367.96221,178.53203773498535,0,0
1596160367.9703643,180.00287532806396,0,0
1596160367.9803643,181.80089950561523,0,0
1596160367.9903643,183.6031723022461,0,0
1596160368.0003643,185.39990901947021,0,0
1596160368.0103643,187.20316886901855,0,0
1596160368.0203643,189.00248050689697,0,0
1596160368.0303643,190.79986095428467,0,0
1596160368.0403643,192.60269165039062,0,0
1596160368.0503643,194.40247535705566,0,0
1596160368.0603642,196.20122909545898,0,0
1596160368.0703642,198.0007553100586,0,0
1596160368.0803642,199.80281352996826,0,0
1596160368.0903642,201.60109519958496,0,0
1596160368.1003642,203.40276718139648,0,0
1596160368.1103642,205.20289421081543,0,0
1596160368.1203642,207.0029354095459,0,0
1596160368.1303642,208.80237579345703,0,0
1596160368.1403642,210.59988498687744,0,0
1596160368.1503642,212.400484085083,0,0
1596160368.1603642,214.20013904571533,0,0
1596160368.1703641,216.0024118423462,0,0
1596160368.1803641,217.80185222625732,0,0
1596160368.1903641,219.60163593292236,0,0
1596160368.200364,221.4028787612915,0,0
1596160368.210364,223.2008171081543,0,0
1596160368.220364,225.00102996826172,0,0
1596160368.230364,226.80111408233643,0,0
1596160368.240364,228.60119819641113,0,0
1596160368.250364,230.4020118713379,0,0
1596160368.260364,232.20304012298584,0,0
1596160368.270364,234.00132179260254,0,0
1596160368.280364,235.80076217651367,0,0
1596160368.290364,237.60191917419434,0,0
1596160368.300364,239.39990043640137,0,0
1596160368.310364,241.20200157165527,0,0
1596160368.320364,243.00217151641846,0,0
1596160368.330364,244.80036735534668,0,0
1596160368.340364,246.6004514694214,0,0
1596160368.350364,248.4014368057251,0,0
1596160368.360364,250.1998472213745,0,0
1596160368.3673294,251.45353317260742,0,0
1596160368.3673294,251.45353317260742,0,0
1596160368.370364,252.00280666351318,0,0
1596160368.380364,253.8028049468994,0,0
1596160368.390364,255.60091495513916,0,0
1596160368.400364,257.40087032318115,0,0
1596160368.410364,259.2023277282715,0,0
1596160368.420364,261.0024118423462,0,0
1596160368.430364,262.8009510040283,0,0
1596160368.440364,264.60047721862793,0,0
1596160368.4503639,266.40056133270264,0,0
1596160368.4603639,268.202919960022,0,0
1596160368.4703639,270.0013303756714,0,0
1596160368.4803638,271.8027448654175,0,0
1596160368.4903638,273.601713180542,0,0
1596160368.5003638,275.402569770813,0,0
1596160368.5103638,277.20055103302,0,0
1596160368.5203638,279.0030813217163,0,0
1596160368.5303638,280.8006763458252,0,0
1596160368.5403638,282.6026916503906,0,0
1596160368.5503638,284.40101623535156,0,0
1596160368.5603638,286.20221614837646,0,0
1596160368.5703638,288.00294399261475,0,0
1596160368.5803638,289.800968170166,0,0
1596160368.5903637,291.6030263900757,0,0
1596160368.6003637,293.4007501602173,0,0
1596160368.6103637,295.1999759674072,0,0
1596160368.6203637,297.00276374816895,0,0
1596160368.6303637,298.80151748657227,0,0
1596160368.6403637,300.6006145477295,0,0
1596160368.6503637,302.4021577835083,0,0
1596160368.6603637,304.2014265060425,0,0
1596160368.6703637,306.0015535354614,0,0
1596160368.6803637,307.8006935119629,0,0
1596160368.6903636,309.5998764038086,0,0
1596160368.7003636,311.4003896713257,0,0
1596160368.7103636,313.2015037536621,0,0
1596160368.7203636,315.00051498413086,0,0
1596160368.7303636,316.80291652679443,0,0
1596160368.7403636,318.60042572021484,0,0
1596160368.7503636,320.4022264480591,0,0
1596160368.7603636,322.20282554626465,0,0
1596160368.7703636,324.0023946762085,0,0
1596160368.7803636,325.8020067214966,0,0
1596160368.7887008,327.3003959655762,0,0
1596160368.7887008,327.3003959655762,0,0
1596160368.7903636,327.60114669799805,0,0
1596160368.8003635,329.40165996551514,0,0
1596160368.8103635,331.1997699737549,0,0
1596160368.8203635,333.00182819366455,0,0
1596160368.8303635,334.8018264770508,0,0
1596160368.8403635,336.60152435302734,0,0
1596160368.8503635,338.40195178985596,0,0
1596160368.8603635,340.20315170288086,0,0
1596160368.8703635,342.00199127197266,0,0
1596160368.8803635,343.8019037246704,0,0
1596160368.8903635,345.60112953186035,0,0
1596160368.9003634,347.4020719528198,0,0
1596160368.9103634,349.2014694213867,0,0
1596160368.9203634,351.0020685195923,0,0
1596160368.9303634,352.79974937438965,0,0
1596160368.9403634,354.6008634567261,0,0
1596160368.9503634,356.4015483856201,0,0
1596160368.9603634,358.19995880126953,0,0
1596160368.9703672,360,0,1
1596160368.9703672,0,0,0
1596160368.9803672,291.0237213060549,1.6067798645878781,0
1596160368.9903672,292.8216596529177,1.6067798645878781,0
1596160369.0003672,294.6223016664675,1.6067798645878781,0
1596160369.0103672,296.42225703450947,1.6067798645878781,0
1596160369.0203671,298.22298487874775,1.6067798645878781,0
1596160369.0303671,300.0214382097414,1.6067798645878781,0
1596160369.0403671,301.8222948000124,1.6067798645878781,0
1596160369.050367,303.62087687703877,1.6067798645878781,0
1596160369.060367,305.42181929799824,1.6067798645878781,0
1596160369.070367,307.22134551259785,1.6067798645878781,0
1596160369.080367,309.021687118738,1.6067798645878781,0
1596160369.090367,310.82095584127217,1.6067798645878781,0
1596160369.100367,312.6234432146242,1.6067798645878781,0
1596160369.110367,314.4206090852907,1.6067798645878781,0
1596160369.120367,316.2227960512331,1.6067798645878781,0
1596160369.130367,318.0207343980959,1.6067798645878781,0
1596160369.140367,319.8233934328249,1.6067798645878781,0
1596160369.150367,321.62283381673603,1.6067798645878781,0
1596160369.160367,323.4228750154665,1.6067798645878781,0
1596160369.170367,325.2213712618044,1.6067798645878781,0
1596160369.180367,327.02149829122334,1.6067798645878781,0
1596160369.190367,328.82102450582295,1.6067798645878781,0
1596160369.200367,330.62188109609394,1.6067798645878781,0
1596160369.210367,332.4222656175783,1.6067798645878781,0
1596160369.220367,334.2205043718508,1.6067798645878781,0
1596160369.230367,336.020502655237,1.6067798645878781,0
1596160369.240367,337.8230329439333,1.6067798645878781,0
1596160369.250367,339.62131461355,1.6067798645878781,0
1596160369.260367,341.42122706624775,1.6067798645878781,0
1596160369.270367,343.2207961961916,1.6067798645878781,0
1596160369.280367,345.0231119081667,1.6067798645878781,0
1596160369.290367,346.8233247682741,1.6067798645878781,0
1596160369.3003669,348.6216064378908,1.6067798645878781,0
1596160369.3103669,350.42237719747334,1.6067798645878781,0
1596160369.3203669,352.22121676656514,1.6067798645878781,0
1596160369.3303668,354.02353247854023,1.6067798645878781,0
1596160369.3403668,355.82104167196064,1.6067798645878781,0
1596160369.3503668,357.62125453206806,1.6067798645878781,0
1596160369.3603668,359.42322692128926,1.6067798645878781,0
1596160369.3636022,360,1.6067798645878781,1
1596160369.3636022,0,0,0
1596160369.3736022,1.8002128601074219,0,0
1596160369.3836021,3.6018848419189453,0,0
1596160369.3936021,5.402956008911133,0,0
1596160369.4036021,7.202181816101074,0,0
1596160369.413602,9.000334739685059,0,0
1596160369.423602,10.80282211303711,0,0
1596160369.433602,12.600846290588379,0,0
1596160369.443602,14.403376579284668,0,0
1596160369.453602,16.20062828063965,0,0
1596160369.463602,18.0010986328125,0,0
1596160369.473602,19.802770614624023,0,0
1596160369.483602,21.60289764404297,0,0
1596160369.493602,23.40092182159424,0,0
1596160369.503602,25.20315170288086,0,0
1596160369.513602,27.00160503387451,0,0
1596160369.523602,28.80164623260498,0,0
1596160369.533602,30.601086616516113,0,0
1596160369.543602,32.403316497802734,0,0
1596160369.553602,34.20061111450195,0,0
1596160369.563602,36.00236892700195,0,0
1596160369.573602,37.80013561248779,0,0
1596160369.583602,39.60197925567627,0,0
1596160369.593602,41.400604248046875,0,0
1596160369.603602,43.20167541503906,0,0
1596160369.613602,45.00205993652344,0,0
1596160369.623602,46.801886558532715,0,0
1596160369.633602,48.60072612762451,0,0
1596160369.643602,50.40008068084717,0,0
1596160369.653602,52.200937271118164,0,0
1596160369.6636019,54.00153636932373,0,0
1596160369.6736019,55.803165435791016,0,0
1596160369.6836019,57.60080337524414,0,0
1596160369.6936018,59.40174579620361,0,0
1596160369.7036018,61.200928688049316,0,0
1596160369.7136018,63.002686500549316,0,0
1596160369.7236018,64.80032444000244,0,0
1596160369.7336018,66.60298347473145,0,0
1596160369.7436018,68.40027809143066,0,0
1596160369.7536018,70.20323753356934,0,0
1596160369.7636018,72.00018882751465,0,0
1596160369.7736018,73.80173206329346,0,0
1596160369.7836018,75.60327529907227,0,0
1596160369.7936018,77.40335941314697,0,0
1596160369.8036017,79.20310020446777,0,0
1596160369.8063197,79.68915939331055,0,0
1596160369.8063197,79.68915939331055,0,0
1596160369.8136017,81.00296974182129,0,0
1596160369.8236017,82.80052185058594,0,0
1596160369.8336017,84.60039138793945,0,0
1596160369.8436017,86.4008617401123,0,0
1596160369.8536017,88.20334911346436,0,0
1596160369.8636017,90.00021457672119,0,0
1596160369.8736017,91.80235862731934,0,0
1596160369.8836017,93.60308647155762,0,0
1596160369.8936017,95.4017972946167,0,0
1596160369.9036016,97.20149517059326,0,0
1596160369.9136016,99.00020599365234,0,0
1596160369.9236016,100.80016136169434,0,0
1596160369.9336016,102.60080337524414,0,0
1596160369.9436016,104.40316200256348,0,0
1596160369.9536016,106.20221614837646,0,0
1596160369.9636016,108.00036907196045,0,0
1596160369.9736016,109.80247020721436,0,0
1596160369.9836016,111.60036563873291,0,0
1596160369.9936016,113.40281009674072,0,0
1596160370.0036016,115.20267963409424,0,0
1596160370.0136015,117.00130462646484,0,0
1596160370.0236015,118.8015604019165,0,0
1596160370.0336015,120.60263156890869,0,0
1596160370.0436015,122.40172863006592,0,0
1596160370.0536015,124.20215606689453,0,0
1596160370.0636015,126.00121021270752,0,0
1596160370.0736015,127.80288219451904,0,0
1596160370.0836015,129.60017681121826,0,0
1596160370.0936015,131.40236377716064,0,0
1596160370.1036015,133.20043087005615,0,0
1596160370.1136014,135.0029182434082,0,0
1596160370.1236014,136.80192947387695,0,0
1596160370.1336014,138.6029577255249,0,0
1596160370.1436014,140.40244102478027,0,0
1596160370.1536014,142.20325469970703,0,0
1596160370.1636014,144.00230884552002,0,0
1596160370.1736014,145.802264213562,0,0
1596160370.1836014,147.60024547576904,0,0
1596160370.1936014,149.40062999725342,0,0
1596160370.2036014,151.20333194732666,0,0
1596160370.2136014,153.00281524658203,0,0
1596160370.2236013,154.80238437652588,0,0
1596160370.2336013,156.60032272338867,0,0
1596160370.233979,156.6678285598755,0,0
1596160370.233979,156.6678285598755,0,0
1596160370.2436013,158.4010934829712,0,0
1596160370.2536013,160.20203590393066,0,0
1596160370.2636013,162.00096130371094,0,0
1596160370.2736013,163.80186080932617,0,0
1596160370.2836013,165.60031414031982,0,0
1596160370.2936013,167.40018367767334,0,0
1596160370.3036013,169.2002248764038,0,0
1596160370.3136013,171.0014247894287,0,0
1596160370.3236012,172.8024959564209,0,0
1596160370.3336012,174.60296630859375,0,0
1596160370.3436012,176.40069007873535,0,0
1596160370.3536012,178.20322036743164,0,0
1596160370.3636012,180.00205993652344,0,0
1596160370.3736012,181.80218696594238,0,0
1596160370.3836012,183.6007261276245,0,0
1596160370.3936012,185.4026985168457,0,0
1596160370.4036012,187.2015380859375,0,0
1596160370.4136012,189.0011501312256,0,0
1596160370.4236012,190.8023500442505,0,0
1596160370.4336011,192.6020908355713,0,0
1596160370.4436011,194.40088748931885,0,0
1596160370.4536011,196.20118618011475,0,0
1596160370.463601,198.00105571746826,0,0
1596160370.473601,199.80002403259277,0,0
1596160370.483601,201.59985065460205,0,0
1596160370.493601,203.40173721313477,0,0
1596160370.4991019,204.38994884490967,0,0
1596160370.4991019,204.38994884490967,0,0
1596160370.503601,205.20066261291504,0,0
1596160370.513601,206.99984550476074,0,0
1596160370.523601,208.80241870880127,0,0
1596160370.533601,210.60177326202393,0,0
1596160370.543601,212.40112781524658,0,0
1596160370.553601,214.19979572296143,0,0
1596160370.563601,216.00099563598633,0,0
1596160370.573601,217.80120849609375,0,0
1596160370.583601,219.6020221710205,0,0
1596160370.593601,221.40021800994873,0,0
1596160370.603601,223.20098876953125,0,0
1596160370.613601,225.00064373016357,0,0
1596160370.623601,226.8025302886963,0,0
1596160370.633601,228.60287189483643,0,0
1596160370.643601,230.40132522583008,0,0
1596160370.653601,232.2015380859375,0,0
1596160370.663601,234.000506401062,0,0
1596160370.673601,235.80183506011963,0,0
1596160370.683601,237.5998592376709,0,0
1596160370.693601,239.40062999725342,0,0
1596160370.703601,241.19981288909912,0,0
1596160370.7136009,243.00169944763184,0,0
1596160370.7236009,244.80204105377197,0,0
1596160370.7336009,246.6019105911255,0,0
1596160370.7436008,248.40096473693848,0,0
1596160370.7536008,250.2011775970459,0,0
1596160370.7636008,252.0010471343994,0,0
1596160370.7736008,253.80203247070312,0,0
1596160370.7836008,255.60254573822021,0,0
1596160370.7936008,257.4015998840332,0,0
1596160370.8036008,259.2009115219116,0,0
1596160370.8136008,261.003098487854,0,0
1596160370.8236008,262.8000068664551,0,0
1596160370.8336008,264.603009223938,0,0
1596160370.8436007,266.4024066925049,0,0
1596160370.8536007,268.2002592086792,0,0
1596160370.8636007,270.0022315979004,0,0
1596160370.8736007,271.80214405059814,0,0
1596160370.8836007,273.6016273498535,0,0
1596160370.8936007,275.40149688720703,0,0
1596160370.9036007,277.19977855682373,0,0
1596160370.9136007,279.0013647079468,0,0
1596160370.9236007,280.8009338378906,0,0
1596160370.9336007,282.6002025604248,0,0
1596160370.9436007,284.4029474258423,0,0
1596160370.9536006,286.20062828063965,0,0
1596160370.9636006,288.0024719238281,0,0
1596160370.9736006,289.8016119003296,0,0
1596160370.9836006,291.59972190856934,0,0
1596160370.9936006,293.40083599090576,0,0
1596160371.0036006,295.20156383514404,0,0
1596160371.0136006,297.0011329650879,0,0
1596160371.0192187,298.0109739303589,0,0
1596160371.0192187,298.0109739303589,0,0
1596160371.0236006,298.80005836486816,0,0
1596160371.0336006,300.6010437011719,0,0
1596160371.0436006,302.40129947662354,0,0
1596160371.0536005,304.2016839981079,0,0
1596160371.0636005,305.9998369216919,0,0
1596160371.0736005,307.8024101257324,0,0
1596160371.0836005,309.60206508636475,0,0
1596160371.0936005,311.4021062850952,0,0
1596160371.1036005,313.2010746002197,0,0
1596160371.1136005,315.00072956085205,0,0
1596160371.1236005,316.8004274368286,0,0
1596160371.1336005,318.60209941864014,0,0
1596160371.1436005,320.4005527496338,0,0
1596160371.1536005,322.20269680023193,0,0
1596160371.1636004,324.00042057037354,0,0
1596160371.1736004,325.80252170562744,0,0
1596160371.1836004,327.5997304916382,0,0
1596160371.1936004,329.403076171875,0,0
1596160371.2036004,331.2023878097534,0,0
1596160371.2136004,333.0006694793701,0,0
1596160371.2236004,334.802942276001,0,0
1596160371.2336004,336.60221099853516,0,0
1596160371.2436004,338.4027671813965,0,0
1596160371.2536004,340.20031929016113,0,0
1596160371.2636003,342.00220584869385,0,0
1596160371.2736003,343.8027620315552,0,0
1596160371.2836003,345.60181617736816,0,0
1596160371.2936003,347.4015140533447,0,0
1596160371.3036003,349.20138359069824,0,0
1596160371.3136003,351.003098487854,0,0
1596160371.3236003,352.80189514160156,0,0
1596160371.3336003,354.59996223449707,0,0
1596160371.3436003,356.40292167663574,0,0
1596160371.3536003,358.20266246795654,0,0
1596160371.3636189,360,0,1
1596160371.3636189,0,0,0
1596160371.3736188,260.2634061928043,1.4358942318599808,0
1596160371.3836188,262.0622457618961,1.4358942318599808,0
1596160371.3936188,263.8621582145939,1.4358942318599808,0
1596160371.4036188,265.6630577202091,1.4358942318599808,0
1596160371.4136188,267.46430054857825,1.4358942318599808,0
1596160371.4236188,269.26425591662024,1.4358942318599808,0
1596160371.4336188,271.0611642952213,1.4358942318599808,0
1596160371.4436188,272.86184922411536,1.4358942318599808,0
1596160371.4536188,274.66180459215735,1.4358942318599808,0
1596160371.4636188,276.46334782793616,1.4358942318599808,0
1596160371.4736187,278.26317444994544,1.4358942318599808,0
1596160371.4836187,280.0618423576603,1.4358942318599808,0
1596160371.4936187,281.8642868156681,1.4358942318599808,0
1596160371.5036187,283.66218224718665,1.4358942318599808,0
1596160371.5136187,285.462738430048,1.4358942318599808,0
1596160371.5236187,287.2610200996647,1.4358942318599808,0
1596160371.5336187,289.0626920814762,1.4358942318599808,0
1596160371.5436187,290.8613170738468,1.4358942318599808,0
1596160371.5536187,292.6621736641178,1.4358942318599808,0
1596160371.5636187,294.4631590004215,1.4358942318599808,0
1596160371.5736187,296.26247063829993,1.4358942318599808,0
1596160371.5836186,298.06311265184974,1.4358942318599808,0
1596160371.5936186,299.8616947288761,1.4358942318599808,0
1596160371.6036186,301.6642250175724,1.4358942318599808,0
1596160371.6136186,303.46400872423743,1.4358942318599808,0
1596160371.6236186,305.26387826159095,1.4358942318599808,0
1596160371.6336186,307.0612157936344,1.4358942318599808,0
1596160371.6436186,308.86327401354407,1.4358942318599808,0
1596160371.6536186,310.6619419212589,1.4358942318599808,0
1596160371.6636186,312.46318474962806,1.4358942318599808,0
1596160371.6736186,314.2617668266544,1.4358942318599808,0
1596160371.6836185,316.06386796190833,1.4358942318599808,0
1596160371.6936185,317.861420070673,1.4358942318599808,0
1596160371.7036185,319.6638645286808,1.4358942318599808,0
1596160371.7136185,321.4631761665592,1.4358942318599808,0
1596160371.7236185,323.2634748573551,1.4358942318599808,0
1596160371.7336185,325.0609840507755,1.4358942318599808,0
1596160371.7436185,326.8642868156681,1.4358942318599808,0
1596160371.7536185,328.6633838768253,1.4358942318599808,0
1596160371.7636185,330.46115056231116,1.4358942318599808,0
1596160371.7736185,332.26380959704017,1.4358942318599808,0
1596160371.7836185,334.0616621132145,1.4358942318599808,0
1596160371.7936184,335.8628620262394,1.4358942318599808,0
1596160371.8036184,337.6620878334293,1.4358942318599808,0
1596160371.8136184,339.4610990638981,1.4358942318599808,0
1596160371.8236184,341.2609686012516,1.4358942318599808,0
1596160371.8336184,343.06234017565345,1.4358942318599808,0
1596160371.8436184,344.86311093523597,1.4358942318599808,0
1596160371.8536184,346.6635383720646,1.4358942318599808,0
1596160371.8636184,348.461948787714,1.4358942318599808,0
1596160371.8736184,350.2614750023136,1.4358942318599808,0
1596160371.8836184,352.061859523798,1.4358942318599808,0
1596160371.8905578,353.3099664802799,1.4358942318599808,0
1596160371.8905578,353.3099664802799,1.4358942318599808,0
1596160371.8936183,353.86391774370765,1.4358942318599808,0
1596160371.9036183,355.6626285667667,1.4358942318599808,0
1596160371.9136183,357.4611248131046,1.4358942318599808,0
1596160371.9236183,359.2639555092106,1.4358942318599808,0
1596160371.9277415,360,1.4358942318599808,1
1596160371.9277415,0,0,0
1596160371.9377415,125.40980349053322,0.6867144643194907,0
1596160371.9477415,127.21040258873879,0.6867144643194907,0
1596160371.9577415,129.00984297264992,0.6867144643194907,0
1596160371.9677415,130.8097983406919,0.6867144643194907,0
1596160371.9777415,132.60923872460305,0.6867144643194907,0
1596160371.9877415,134.4091511773008,0.6867144643194907,0
1596160371.9977415,136.2103510903257,0.6867144643194907,0
1596160372.0077415,138.01103601921974,0.6867144643194907,0
1596160372.0177414,139.80953226555764,0.6867144643194907,0
1596160372.0277414,141.60897264946877,0.6867144643194907,0
1596160372.0377414,143.40871344078957,0.6867144643194907,0
1596160372.0477414,145.2109433220762,0.6867144643194907,0
1596160372.0577414,147.01004038323342,0.6867144643194907,0
1596160372.0677414,148.80922327507912,0.6867144643194907,0
1596160372.0777414,150.60922155846535,0.6867144643194907,0
1596160372.0877414,152.41166601647316,0.6867144643194907,0
1596160372.0977414,154.20947561730324,0.6867144643194907,0
1596160372.1077414,156.0106326149839,0.6867144643194907,0
1596160372.1177413,157.8105879830259,0.6867144643194907,0
1596160372.1277413,159.61195955742775,0.6867144643194907,0
1596160372.1377413,161.4086104439634,0.6867144643194907,0
1596160372.1477413,163.20938120354592,0.6867144643194907,0
1596160372.1577413,165.01165400017678,0.6867144643194907,0
1596160372.1677413,166.80993566979348,0.6867144643194907,0
1596160372.1777413,168.61113558281838,0.6867144643194907,0
1596160372.1877413,170.41104803551613,0.6867144643194907,0
1596160372.1977413,172.21134672631203,0.6867144643194907,0
1596160372.2077413,174.01095877160012,0.6867144643194907,0
1596160372.2177413,175.810356240167,0.6867144643194907,0
1596160372.2277412,177.60958204735695,0.6867144643194907,0
1596160372.2377412,179.41108236779152,0.6867144643194907,0
1596160372.2477412,181.21172438134133,0.6867144643194907,0
1596160372.2577412,183.0115510033506,0.6867144643194907,0
1596160372.2677412,184.81000433434426,0.6867144643194907,0
1596160372.2777412,186.6114617394346,0.6867144643194907,0
1596160372.2877412,188.41055880059182,0.6867144643194907,0
1596160372.2977412,190.20879755486428,0.6867144643194907,0
1596160372.3077412,192.01167116631447,0.6867144643194907,0
1596160372.3177412,193.8108969735044,0.6867144643194907,0
1596160372.3277411,195.6108523415464,0.6867144643194907,0
1596160372.3377411,197.41063604821144,0.6867144643194907,0
1596160372.3477411,199.20956144799172,0.6867144643194907,0
1596160372.357741,201.01016054619728,0.6867144643194907,0
1596160372.367741,202.8114892052549,0.6867144643194907,0
1596160372.377741,204.61084375847756,0.6867144643194907,0
1596160372.387741,206.40891085137307,0.6867144643194907,0
1596160372.397741,208.21165571679055,0.6867144643194907,0
1596160372.407741,210.00942240227639,0.6867144643194907,0
1596160372.417741,211.81122313012062,0.6867144643194907,0
1596160372.427741,213.611607651605,0.6867144643194907,0
1596160372.437741,215.40993223656594,0.6867144643194907,0
1596160372.447741,217.20898638237892,0.6867144643194907,0
1596160372.457741,219.01052961815773,0.6867144643194907,0
1596160372.467741,220.80997000206887,0.6867144643194907,0
1596160372.477741,222.61048326958596,0.6867144643194907,0
1596160372.487741,224.4106102990049,0.6867144643194907,0
1596160372.497741,226.2097931908506,0.6867144643194907,0
1596160372.49817,226.28571043480812,0.6867144643194907,0
1596160372.49817,226.28571043480812,0.6867144643194907,0
1596160372.507741,228.00936232079445,0.6867144643194907,0
1596160372.517741,229.80854521264015,0.6867144643194907,0
1596160372.527741,231.60871515740334,0.6867144643194907,0
1596160372.537741,233.4096575783628,0.6867144643194907,0
1596160372.547741,235.2101708458799,0.6867144643194907,0
1596160372.557741,237.00892458428322,0.6867144643194907,0
1596160372.567741,238.81025324334084,0.6867144643194907,0
1596160372.577741,240.6107235955137,0.6867144643194907,0
1596160372.587741,242.41029272545754,0.6867144643194907,0
1596160372.597741,244.21084890831887,0.6867144643194907,0
1596160372.6077409,246.01020346154152,0.6867144643194907,0
1596160372.6177409,247.80951509941994,0.6867144643194907,0
1596160372.6277409,249.60981379021584,0.6867144643194907,0
1596160372.6377409,251.4093829201597,0.6867144643194907,0
1596160372.6477408,253.20886621941506,0.6867144643194907,0
1596160372.6577408,255.00903616417824,0.6867144643194907,0
1596160372.6677408,256.8100644158262,0.6867144643194907,0
1596160372.6777408,258.60993395317973,0.6867144643194907,0
1596160372.6877408,260.4085160302061,0.6867144643194907,0
1596160372.6977408,262.208814721002,0.6867144643194907,0
1596160372.7077408,264.00949964989604,0.6867144643194907,0
1596160372.7177408,265.8094979332823,0.6867144643194907,0
1596160372.7277408,267.60876665581645,0.6867144643194907,0
1596160372.7377408,269.41185484398784,0.6867144643194907,0
1596160372.7477407,271.21116648186626,0.6867144643194907,0
1596160372.7577407,273.0097056435484,0.6867144643194907,0
1596160372.7677407,274.80906019677104,0.6867144643194907,0
1596160372.7777407,276.6105605172056,0.6867144643194907,0
1596160372.7877407,278.40922842492046,0.6867144643194907,0
1596160372.7977407,280.210728745355,0.6867144643194907,0
1596160372.8077407,282.0102120446104,0.6867144643194907,0
1596160372.8177407,283.81179819573345,0.6867144643194907,0
1596160372.8277407,285.6103373574156,0.6867144643194907,0
1596160372.8377407,287.4109793709654,0.6867144643194907,0
1596160372.8477407,289.21144972313823,0.6867144643194907,0
1596160372.8577406,291.01131926049175,0.6867144643194907,0
1596160372.8677406,292.80972967614116,0.6867144643194907,0
1596160372.8777406,294.6102858590025,0.6867144643194907,0
1596160372.8877406,296.41054163445415,0.6867144643194907,0
1596160372.8977406,298.21174154747905,0.6867144643194907,0
1596160372.9077406,300.01058111657085,0.6867144643194907,0
1596160372.9177406,301.81087980736675,0.6867144643194907,0
1596160372.9277406,303.6116934822935,0.6867144643194907,0
1596160372.9377406,305.40993223656596,0.6867144643194907,0
1596160372.9477406,307.2101450966734,0.6867144643194907,0
1596160372.9577405,309.0099288033384,0.6867144643194907,0
1596160372.9677405,310.80889711846294,0.6867144643194907,0
1596160372.9720874,311.59085760582866,0.6867144643194907,0
1596160372.9720874,311.59085760582866,0.6867144643194907,0
1596160372.9777405,312.6097107933897,0.6867144643194907,0
1596160372.9877405,314.41176901329936,0.6867144643194907,0
1596160372.9977405,316.2085057305235,0.6867144643194907,0
1596160373.0077405,318.00863275994243,0.6867144643194907,0
1596160373.0177405,319.80906019677104,0.6867144643194907,0
1596160373.0277405,321.60927305687846,0.6867144643194907,0
1596160373.0377405,323.40909967888774,0.6867144643194907,0
1596160373.0477405,325.21120081414165,0.6867144643194907,0
1596160373.0577404,327.00905333031596,0.6867144643194907,0
1596160373.0677404,328.8091803597349,0.6867144643194907,0
1596160373.0777404,330.61132441033305,0.6867144643194907,0
1596160373.0877404,332.4107647942442,0.6867144643194907,0
1596160373.0977404,334.2099476860899,0.6867144643194907,0
1596160373.1077404,336.0093451546568,0.6867144643194907,0
1596160373.1177404,337.8111029671568,0.6867144643194907,0
1596160373.1277404,339.60955629815044,0.6867144643194907,0
1596160373.1377404,341.41054163445415,0.6867144643194907,0
1596160373.1477404,343.21006784905376,0.6867144643194907,0
1596160373.1577404,345.0083924340147,0.6867144643194907,0
1596160373.1677403,346.8093777703184,0.6867144643194907,0
1596160373.1777403,348.60963354577007,0.6867144643194907,0
1596160373.1877403,350.40855894555034,0.6867144643194907,0
1596160373.1959145,351.87973986138286,0.6867144643194907,0
1596160373.1959145,351.87973986138286,0.6867144643194907,0
1596160373.1977403,352.2114754723448,0.6867144643194907,0
1596160373.2077403,354.0085555123228,0.6867144643194907,0
1596160373.2177403,355.8116437004942,0.6867144643194907,0
1596160373.2277403,357.6097107933897,0.6867144643194907,0
1596160373.2377403,359.4108248757261,0.6867144643194907,0
1596160373.2410312,360,0.6867144643194907,1
1596160373.2410312,0,0,0
1596160373.2510312,313.0910103897046,1.729383782865709,0
1596160373.2610312,314.8933261016797,1.729383782865709,0
1596160373.2710311,316.68967658080567,1.729383782865709,0
1596160373.2810311,318.4910481552075,1.729383782865709,0
1596160373.2910311,320.28924399413575,1.729383782865709,0
1596160373.301031,322.09078722991455,1.729383782865709,0
1596160373.311031,323.89130049743164,1.729383782865709,0
1596160373.321031,325.6900971511792,1.729383782865709,0
1596160373.331031,327.4898379425,1.729383782865709,0
1596160373.341031,329.2917245010327,1.729383782865709,0
1596160373.351031,331.0890620330762,1.729383782865709,0
1596160373.361031,332.8933947662305,1.729383782865709,0
1596160373.371031,334.6911185363721,1.729383782865709,0
1596160373.381031,336.4891856292676,1.729383782865709,0
1596160373.391031,338.2913296798657,1.729383782865709,0
1596160373.401031,340.0907271484326,1.729383782865709,0
1596160373.411031,341.8939440826367,1.729383782865709,0
1596160373.421031,343.69381361999024,1.729383782865709,0
1596160373.431031,345.48930579223145,1.729383782865709,0
1596160373.441031,347.289904890437,1.729383782865709,0
1596160373.451031,349.0915339569043,1.729383782865709,0
1596160373.461031,350.8891718963574,1.729383782865709,0
1596160373.471031,352.69084387816895,1.729383782865709,0
1596160373.481031,354.49393206634034,1.729383782865709,0
1596160373.491031,356.29311495818604,1.729383782865709,0
1596160373.501031,358.08993750609864,1.729383782865709,0
1596160373.511031,359.88980704345215,1.729383782865709,0
1596160373.5116599,360,1.729383782865709,1
1596160373.5116599,0,0,0
1596160373.5216599,1.8016290664672852,0,0
1596160373.5316598,3.6045026779174805,0,0
1596160373.5416598,5.400938987731934,0,0
1596160373.5516598,7.200937271118164,0,0
1596160373.5616598,9.002652168273926,0,0
1596160373.5716598,10.800890922546387,0,0
1596160373.5816598,12.601962089538574,0,0
1596160373.5916598,14.402604103088379,0,0
1596160373.6016598,16.20204448699951,0,0
1596160373.6116598,18.004961013793945,0,0
1596160373.6216598,19.801697731018066,0,0
1596160373.6316597,21.601181030273438,0,0
1596160373.6416597,23.40139389038086,0,0
1596160373.6516597,25.202550888061523,0,0
1596160373.6616597,27.001261711120605,0,0
1596160373.6716597,28.801088333129883,0,0
1596160373.6816597,30.601859092712402,0,0
1596160373.6916597,32.40468978881836,0,0
1596160373.7016597,34.2030143737793,0,0
1596160373.7116597,36.00211143493652,0,0
1596160373.7216597,37.80215263366699,0,0
1596160373.7316597,39.602580070495605,0,0
1596160373.7416596,41.40330791473389,0,0
1596160373.7516596,43.20150375366211,0,0
1596160373.7616596,45.00030040740967,0,0
1596160373.7716596,46.802916526794434,0,0
1596160373.7816596,48.602399826049805,0,0
1596160373.7916596,50.40252685546875,0,0
1596160373.8016596,52.20025062561035,0,0
1596160373.8116596,54.00454044342041,0,0
1596160373.8216596,55.80080509185791,0,0
1596160373.8316596,57.60110378265381,0,0
1596160373.8416595,59.40230369567871,0,0
1596160373.8516595,61.202688217163086,0,0
1596160373.8616595,63.0031156539917,0,0
1596160373.8716595,64.80053901672363,0,0
1596160373.8816595,66.60186767578125,0,0
1596160373.8916595,68.40044975280762,0,0
1596160373.9016595,70.20053386688232,0,0
1596160373.9116595,72.00109004974365,0,0
1596160373.9216595,73.80186080932617,0,0
1596160373.9316595,75.60460567474365,0,0
1596160373.9416595,77.40091323852539,0,0
1596160373.9516594,79.20258522033691,0,0
1596160373.9616594,81.00013732910156,0,0
1596160373.9716594,82.80404090881348,0,0
1596160373.9816594,84.60249423980713,0,0
1596160373.9916594,86.40159130096436,0,0
1596160374.0016594,88.20279121398926,0,0
1596160374.0116594,90.00377655029297,0,0
1596160374.0216594,91.802659034729,0,0
1596160374.0316594,93.60252857208252,0,0
1596160374.0416594,95.40278434753418,0,0
1596160374.0516593,97.20235347747803,0,0
1596160374.0616593,99.00209426879883,0,0
1596160374.0716593,100.80174922943115,0,0
1596160374.0816593,102.60063171386719,0,0
1596160374.0916593,104.40359115600586,0,0
1596160374.097283,105.4121446609497,0,0
1596160374.097283,105.4121446609497,0,0
1596160374.1016593,106.20200157165527,0,0
1596160374.1116593,108.00148487091064,0,0
1596160374.1216593,109.80131149291992,0,0
1596160374.1316593,111.60418510437012,0,0
1596160374.1416593,113.40117931365967,0,0
1596160374.1516593,115.20212173461914,0,0
1596160374.1616592,117.0020341873169,0,0
1596160374.1716592,118.79992961883545,0,0
1596160374.1816592,120.60314655303955,0,0
1596160374.1916592,122.40164279937744,0,0
1596160374.2016592,124.20039653778076,0,0
1596160374.2116592,126.00305557250977,0,0
1596160374.2216592,127.80056476593018,0,0
1596160374.2316592,129.60232257843018,0,0
1596160374.2416592,131.40240669250488,0,0
1596160374.2516592,133.20330619812012,0,0
1596160374.2616591,135.0025749206543,0,0
1596160374.2716591,136.8002986907959,0,0
1596160374.2816591,138.60145568847656,0,0
1596160374.291659,140.4045009613037,0,0
1596160374.301659,142.2015380859375,0,0
1596160374.311659,143.99986267089844,0,0
1596160374.321659,145.80277919769287,0,0
1596160374.331659,147.60350704193115,0,0
1596160374.341659,149.4028615951538,0,0
1596160374.351659,151.20015621185303,0,0
1596160374.361659,153.00208568572998,0,0
1596160374.371659,154.80225563049316,0,0
1596160374.381659,156.60216808319092,0,0
1596160374.391659,158.40079307556152,0,0
1596160374.401659,160.20164966583252,0,0
1596160374.411659,162.00190544128418,0,0
1596160374.421659,163.8010025024414,0,0
1596160374.431659,165.60306072235107,0,0
1596160374.441659,167.40280151367188,0,0
1596160374.451659,169.2046880722046,0,0
1596160374.461659,171.0010814666748,0,0
1596160374.471659,172.8013801574707,0,0
1596160374.481659,174.59996223449707,0,0
1596160374.491659,176.40326499938965,0,0
1596160374.501659,178.20120334625244,0,0
1596160374.511659,180.0007724761963,0,0
1596160374.521659,181.8005132675171,0,0
1596160374.531659,183.60252857208252,0,0
1596160374.5416589,185.40042400360107,0,0
1596160374.5516589,187.20201015472412,0,0
1596160374.5616589,189.00033473968506,0,0
1596160374.5716588,190.8047103881836,0,0
1596160374.572409,190.93482971191406,0,0
1596160374.572409,190.93482971191406,0,0
1596160374.5816588,192.6020908355713,0,0
1596160374.5916588,194.40221786499023,0,0
1596160374.6016588,196.20320320129395,0,0
1596160374.6116588,198.00375938415527,0,0
1596160374.6216588,199.8026418685913,0,0
1596160374.6316588,201.60276889801025,0,0
1596160374.6416588,203.40250968933105,0,0
1596160374.6516588,205.2046537399292,0,0
1596160374.6616588,207.00053215026855,0,0
1596160374.6716588,208.80224704742432,0,0
1596160374.6816587,210.60147285461426,0,0
1596160374.6916587,212.40447521209717,0,0
1596160374.7016587,214.20237064361572,0,0
1596160374.7116587,216.00043773651123,0,0
1596160374.7216587,217.80241012573242,0,0
1596160374.7316587,219.60421085357666,0,0
1596160374.7416587,221.40202045440674,0,0
1596160374.7516587,223.20300579071045,0,0
1596160374.7616587,225.00240325927734,0,0
1596160374.7716587,226.8015432357788,0,0
1596160374.7816586,228.6009407043457,0,0
1596160374.7916586,230.4021406173706,0,0
1596160374.8016586,232.2000789642334,0,0
1596160374.8050718,232.81415462493896,0,0
1596160374.8050718,232.81415462493896,0,0
1596160374.8116586,234.00256633758545,0,0
1596160374.8216586,235.80209255218506,0,0
1596160374.8316586,237.60084629058838,0,0
1596160374.8416586,239.40020084381104,0,0
1596160374.8516586,241.20333194732666,0,0
1596160374.8616586,243.0027723312378,0,0
1596160374.8716586,244.8004961013794,0,0
1596160374.8816586,246.60268306732178,0,0
1596160374.8916585,248.40246677398682,0,0
1596160374.9016585,250.2015209197998,0,0
1596160374.9116585,251.99997425079346,0,0
1596160374.9216585,253.80297660827637,0,0
1596160374.9316585,255.60314655303955,0,0
1596160374.9416585,257.40177154541016,0,0
1596160374.9516585,259.20159816741943,0,0
1596160374.9616585,261.0027551651001,0,0
1596160374.9716585,262.8027105331421,0,0
1596160374.9816585,264.6005630493164,0,0
1596160374.9916584,266.4025354385376,0,0
1596160375.0016584,268.20244789123535,0,0
1596160375.0116584,270.0033903121948,0,0
1596160375.0216584,271.7998695373535,0,0
1596160375.0316584,273.6008548736572,0,0
1596160375.0416584,275.4018831253052,0,0
1596160375.0516584,277.20304012298584,0,0
1596160375.0616584,279.0030813217163,0,0
1596160375.0716584,280.80217838287354,0,0
1596160375.0816584,282.6027774810791,0,0
1596160375.0916584,284.40131664276123,0,0
1596160375.1016583,286.2028169631958,0,0
1596160375.1116583,288.0017852783203,0,0
1596160375.1216583,289.8015260696411,0,0
1596160375.1316583,291.60139560699463,0,0
1596160375.1416583,293.40036392211914,0,0
1596160375.1516583,295.20302295684814,0,0
1596160375.1616583,297.0025062561035,0,0
1596160375.1716583,298.8033628463745,0,0
1596160375.1816583,300.60112953186035,0,0
1596160375.1916583,302.40099906921387,0,0
1596160375.2016582,304.20207023620605,0,0
1596160375.2116582,306.0009527206421,0,0
1596160375.2216582,307.8015089035034,0,0
1596160375.2316582,309.60240840911865,0,0
1596160375.2416582,311.401162147522,0,0
1596160375.2516582,313.20064544677734,0,0
1596160375.2616582,315.00085830688477,0,0
1596160375.2716582,316.80201530456543,0,0
1596160375.2816582,318.600811958313,0,0
1596160375.2916582,320.40016651153564,0,0
1596160375.3016582,322.20003604888916,0,0
1596160375.3116581,324.0029525756836,0,0
1596160375.3216581,325.8015775680542,0,0
1596160375.3316581,327.6026916503906,0,0
1596160375.341658,329.4018316268921,0,0
1596160375.351658,331.2015724182129,0,0
1596160375.361658,333.00272941589355,0,0
1596160375.371658,334.8019552230835,0,0
1596160375.381658,336.60311222076416,0,0
1596160375.391658,338.40147972106934,0,0
1596160375.401658,340.20066261291504,0,0
1596160375.411658,342.0011329650879,0,0
1596160375.421658,343.8028907775879,0,0
1596160375.431658,345.6009578704834,0,0
1596160375.441658,347.4021577835083,0,0
1596160375.451658,349.2019844055176,0,0
1596160375.461658,350.99979400634766,0,0
1596160375.4651456,351.6274309158325,0,0
1596160375.4651456,351.6274309158325,0,0
1596160375.471658,352.8000497817993,0,0
1596160375.481658,354.6022367477417,0,0
1596160375.491658,356.40283584594727,0,0
1596160375.501658,358.2020616531372,0,0
1596160375.5116763,360,0,1
1596160375.5116763,0,0,0
1596160375.5216763,309.95176232738834,1.7119535294331634,0
1596160375.5316763,311.75343430919986,1.7119535294331634,0
1596160375.5416763,313.5536471693073,1.7119535294331634,0
1596160375.5516763,315.3530875532184,1.7119535294331634,0
1596160375.5616763,317.1517983762775,1.7119535294331634,0
1596160375.5716763,318.9517537443195,1.7119535294331634,0
1596160375.5816762,320.7545415250812,1.7119535294331634,0
1596160375.5916762,322.5519219724689,1.7119535294331634,0
1596160375.6016762,324.3536797849689,1.7119535294331634,0
1596160375.6116762,326.15505135937076,1.7119535294331634,0
1596160375.6216762,327.95251763744693,1.7119535294331634,0
1596160375.6316762,329.75230134411197,1.7119535294331634,0
1596160375.6416762,331.55470288677554,1.7119535294331634,0
1596160375.6516762,333.35354245586734,1.7119535294331634,0
1596160375.6616762,335.15319741649967,1.7119535294331634,0
1596160375.6716762,336.9527665464435,1.7119535294331634,0
1596160375.6816761,338.7544814435993,1.7119535294331634,0
1596160375.6916761,340.55216229839664,1.7119535294331634,0
1596160375.7016761,342.3530618040119,1.7119535294331634,0
1596160375.7116761,344.1546479551349,1.7119535294331634,0
1596160375.721676,345.95185674114566,1.7119535294331634,0
1596160375.731676,347.7520696012531,1.7119535294331634,0
1596160375.741676,349.55434239788394,1.7119535294331634,0
1596160375.751676,351.35429776592593,1.7119535294331634,0
1596160375.761676,353.1537810651813,1.7119535294331634,0
1596160375.771676,354.95335019512515,1.7119535294331634,0
1596160375.781676,356.75386346264224,1.7119535294331634,0
1596160375.791676,358.5521022169147,1.7119535294331634,0
1596160375.799737,360,1.7119535294331634,1
1596160375.799737,0,0,0
1596160375.809737,1.8025732040405273,0,0
1596160375.819737,3.6011123657226562,0,0
1596160375.829737,5.402312278747559,0,0
1596160375.839737,7.200207710266113,0,0
1596160375.849737,9.002609252929688,0,0
1596160375.859737,10.80132007598877,0,0
1596160375.869737,12.602090835571289,0,0
1596160375.879737,14.402604103088379,0,0
1596160375.889737,16.20110034942627,0,0
1596160375.899737,18.00006866455078,0,0
1596160375.9097369,19.801268577575684,0,0
1596160375.9197369,21.60186767578125,0,0
1596160375.9297369,23.40092182159424,0,0
1596160375.9397368,25.202980041503906,0,0
1596160375.9497368,27.000274658203125,0,0
1596160375.9597368,28.802504539489746,0,0
1596160375.9697368,30.601344108581543,0,0
1596160375.9797368,32.40074157714844,0,0
1596160375.9897368,34.203057289123535,0,0
1596160375.9997368,36.00211143493652,0,0
1596160376.0097368,37.80176639556885,0,0
1596160376.0197368,39.60030555725098,0,0
1596160376.0297368,41.40043258666992,0,0
1596160376.0397367,43.203134536743164,0,0
1596160376.0497367,45.003089904785156,0,0
1596160376.0597367,46.8002986907959,0,0
1596160376.0697367,48.60308647155762,0,0
1596160376.0797367,50.4017972946167,0,0
1596160376.0897367,52.20201015472412,0,0
1596160376.0997367,54.00162220001221,0,0
1596160376.1097367,55.801405906677246,0,0
1596160376.1197367,57.60226249694824,0,0
1596160376.1297367,59.40290451049805,0,0
1596160376.1397367,61.20255947113037,0,0
1596160376.1497366,63.00114154815674,0,0
1596160376.1597366,64.80023860931396,0,0
1596160376.1697366,66.60126686096191,0,0
1596160376.1797366,68.40079307556152,0,0
1596160376.1840534,69.17695999145508,0,0
1596160376.1840534,69.17695999145508,0,0
1596160376.1897366,70.20242214202881,0,0
1596160376.1997366,72.00276374816895,0,0
1596160376.2097366,73.80018711090088,0,0
1596160376.2197366,75.60258865356445,0,0
1596160376.2297366,77.4003553390503,0,0
1596160376.2397366,79.20013904571533,0,0
1596160376.2497365,81.00116729736328,0,0
1596160376.2597365,82.80065059661865,0,0
1596160376.2697365,84.60318088531494,0,0
1596160376.2797365,86.40167713165283,0,0
1596160376.2897365,88.2028341293335,0,0
1596160376.2997365,90.0011157989502,0,0
1596160376.3097365,91.8028736114502,0,0
1596160376.3197365,93.60046863555908,0,0
1596160376.3297365,95.40274143218994,0,0
1596160376.3397365,97.20248222351074,0,0
1596160376.3497365,99.00067806243896,0,0
1596160376.3597364,100.80140590667725,0,0
1596160376.3697364,102.60050296783447,0,0
1596160376.3797364,104.40002918243408,0,0
1596160376.3897364,106.20298862457275,0,0
1596160376.3997364,108.00096988677979,0,0
1596160376.4097364,109.80161190032959,0,0
1596160376.4197364,111.60152435302734,0,0
1596160376.4297364,113.4025526046753,0,0
1596160376.4397364,115.20323753356934,0,0
1596160376.4497364,117.00100421905518,0,0
1596160376.4597363,118.80035877227783,0,0
1596160376.4697363,120.60194492340088,0,0
1596160376.4797363,122.4015998840332,0,0
1596160376.4897363,124.201340675354,0,0
1596160376.4997363,126.00322723388672,0,0
1596160376.5097363,127.80017852783203,0,0
1596160376.5197363,129.60107803344727,0,0
1596160376.5297363,131.40013217926025,0,0
1596160376.5397363,133.2006025314331,0,0
1596160376.5497363,135.00193119049072,0,0
1596160376.5597363,136.80201530456543,0,0
1596160376.5697362,138.6027431488037,0,0
1596160376.5797362,140.4011106491089,0,0
1596160376.5897362,142.2000789642334,0,0
1596160376.5997362,144.00033473968506,0,0
1596160376.6097362,145.80097675323486,0,0
1596160376.6197362,147.5999879837036,0,0
1596160376.6297362,149.40299034118652,0,0
1596160376.6397362,151.20208740234375,0,0
1596160376.6497362,153.00045490264893,0,0
1596160376.6597362,154.80036735534668,0,0
1596160376.6697361,156.60109519958496,0,0
1596160376.6797361,158.39984893798828,0,0
1596160376.6897361,160.20259380340576,0,0
1596160376.694173,160.99850177764893,0,0
1596160376.694173,160.99850177764893,0,0
1596160376.699736,162.00018882751465,0,0
1596160376.709736,163.80224704742432,0,0
1596160376.719736,165.60254573822021,0,0
1596160376.729736,167.40005493164062,0,0
1596160376.739736,169.2018985748291,0,0
1596160376.749736,171.00206851959229,0,0
1596160376.759736,172.80030727386475,0,0
1596160376.769736,174.6013355255127,0,0
1596160376.779736,176.40069007873535,0,0
1596160376.789736,178.2008171081543,0,0
1596160376.799736,180.00287532806396,0,0
1596160376.809736,181.80278778076172,0,0
1596160376.819736,183.60304355621338,0,0
1596160376.829736,185.40188312530518,0,0
1596160376.839736,187.20072269439697,0,0
1596160376.849736,189.0009355545044,0,0
1596160376.859736,190.8029079437256,0,0
1596160376.869736,192.6009750366211,0,0
1596160376.879736,194.4023036956787,0,0
1596160376.889736,196.1998987197876,0,0
1596160376.899736,198.0024290084839,0,0
1596160376.909736,199.8001527786255,0,0
1596160376.919736,201.6028118133545,0,0
1596160376.929736,203.40272426605225,0,0
1596160376.939736,205.20019054412842,0,0
1596160376.9497359,207.00323581695557,0,0
1596160376.9597359,208.80083084106445,0,0
1596160376.9697359,210.60134410858154,0,0
1596160376.9797359,212.401385307312,0,0
1596160376.9897358,214.2015552520752,0,0
1596160376.9930544,214.79713439941406,0,0
1596160376.9930544,214.79713439941406,0,0
1596160376.9997358,216.00318431854248,0,0
