Type = Reachback Firefly,Function = Reachback Firefly (ln/e^),Refract = 0,Epsilon = 0.3,Start_phase = 53
Timestamp,Phase,Offset,Ping?
1596160395,53,0,0
1596160395.01,54.79420471191406,0.29444444444444445,0
1596160395.02,56.59476089477539,0.29444444444444445,0
1596160395.03,58.396647453308105,0.29444444444444445,0
1596160395.04,60.19677448272705,0.29444444444444445,0
1596160395.05,61.99535655975342,0.29444444444444445,0
1596160395.06,63.79514026641846,0.29444444444444445,0
1596160395.07,65.59406566619873,0.29444444444444445,0
1596160395.08,67.39578056335449,0.29444444444444445,0
1596160395.09,69.1958646774292,0.29444444444444445,0
1596160395.1,70.99406051635742,0.29444444444444445,0
1596160395.11,72.79543209075928,0.29444444444444445,0
1596160395.12,74.59521579742432,0.29444444444444445,0
1596160395.1299999,76.39461326599121,0.29444444444444445,0
1596160395.1399999,78.19525527954102,0.29444444444444445,0
1596160395.1499999,79.99679851531982,0.29444444444444445,0
1596160395.1599998,81.79688262939453,0.29444444444444445,0
1596160395.1699998,83.59452056884766,0.29444444444444445,0
1596160395.1799998,85.39434719085693,0.29444444444444445,0
1596160395.1899998,87.19670581817627,0.29444444444444445,0
1596160395.1999998,88.9972620010376,0.29444444444444445,0
1596160395.2099998,90.79683113098146,0.29444444444444445,0
1596160395.2199998,92.59498405456544,0.29444444444444445,0
1596160395.2299998,94.39605522155763,0.29444444444444445,0
1596160395.2399998,96.19476604461671,0.29444444444444445,0
1596160395.2499998,97.99575138092042,0.29444444444444445,0
1596160395.2599998,99.79677963256837,0.29444444444444445,0
1596160395.2699997,101.59652042388917,0.29444444444444445,0
1596160395.2799997,103.39570331573488,0.29444444444444445,0
1596160395.2899997,105.19471454620363,0.29444444444444445,0
1596160395.2999997,106.99582862854005,0.29444444444444445,0
1596160395.3099997,108.79612731933595,0.29444444444444445,0
1596160395.3172424,110.09753513336183,0.29444444444444445,0
1596160395.3172424,110.09753513336183,0.29444444444444445,0
1596160395.3199997,110.59397983551027,0.29444444444444445,0
1596160395.3299997,112.39659595489503,0.29444444444444445,0
1596160395.3399997,114.19466304779054,0.29444444444444445,0
1596160395.3499997,115.99534797668458,0.29444444444444445,0
1596160395.3599997,117.79388713836671,0.29444444444444445,0
1596160395.3699996,119.59568786621095,0.29444444444444445,0
1596160395.3799996,121.397274017334,0.29444444444444445,0
1596160395.3899996,123.19602775573732,0.29444444444444445,0
1596160395.3999996,124.99422359466554,0.29444444444444445,0
1596160395.4099996,126.79516601562501,0.29444444444444445,0
1596160395.4199996,128.5952501296997,0.29444444444444445,0
1596160395.4299996,130.3948621749878,0.29444444444444445,0
1596160395.4399996,132.19391632080078,0.29444444444444445,0
1596160395.4499996,133.99515914916992,0.29444444444444445,0
1596160395.4599996,135.7962303161621,0.29444444444444445,0
1596160395.4699996,137.59631443023682,0.29444444444444445,0
1596160395.4799995,139.3951539993286,0.29444444444444445,0
1596160395.4899995,141.1954526901245,0.29444444444444445,0
1596160395.4999995,142.9941635131836,0.29444444444444445,0
1596160395.5099995,144.79506301879883,0.29444444444444445,0
1596160395.5199995,146.5946750640869,0.29444444444444445,0
1596160395.5299995,148.3966474533081,0.29444444444444445,0
1596160395.5399995,150.1949291229248,0.29444444444444445,0
1596160395.5499995,151.9945411682129,0.29444444444444445,0
1596160395.5599995,153.79488277435303,0.29444444444444445,0
1596160395.5699995,155.59406566619873,0.29444444444444445,0
1596160395.5799994,157.39496517181396,0.29444444444444445,0
1596160395.5899994,159.19689464569092,0.29444444444444445,0
1596160395.5999994,160.99496173858643,0.29444444444444445,0
1596160395.6099994,162.79560375213623,0.29444444444444445,0
1596160395.6199994,164.59500122070312,0.29444444444444445,0
1596160395.6299994,166.3950424194336,0.29444444444444445,0
1596160395.6399994,168.19615650177002,0.29444444444444445,0
1596160395.6499994,169.99645519256592,0.29444444444444445,0
1596160395.6599994,171.7943935394287,0.29444444444444445,0
1596160395.6699994,173.59404850006104,0.29444444444444445,0
1596160395.6799994,175.39593505859375,0.29444444444444445,0
1596160395.6899993,177.19447422027588,0.29444444444444445,0
1596160395.6999993,178.99709033966064,0.29444444444444445,0
1596160395.7099993,180.7951145172119,0.29444444444444445,0
1596160395.7199993,182.59609985351562,0.29444444444444445,0
1596160395.7299993,184.39549732208252,0.29444444444444445,0
1596160395.7399993,186.19519519805908,0.29444444444444445,0
1596160395.7499993,187.99648094177246,0.29444444444444445,0
1596160395.7599993,189.79540634155273,0.29444444444444445,0
1596160395.7699993,191.59536170959473,0.29444444444444445,0
1596160395.7799993,193.39454460144043,0.29444444444444445,0
1596160395.7899992,195.19587326049805,0.29444444444444445,0
1596160395.7999992,196.99406909942627,0.29444444444444445,0
1596160395.8099992,198.79466819763184,0.29444444444444445,0
1596160395.8199992,200.59642601013184,0.29444444444444445,0
1596160395.8299992,202.39414978027344,0.29444444444444445,0
1596160395.8399992,204.19444847106934,0.29444444444444445,0
1596160395.8499992,205.99444675445557,0.29444444444444445,0
1596160395.8599992,207.79586124420166,0.29444444444444445,0
1596160395.8699992,209.59628868103027,0.29444444444444445,0
1596160395.8799992,211.3962869644165,0.29444444444444445,0
1596160395.8899992,213.19383907318115,0.29444444444444445,0
1596160395.8999991,214.99525356292725,0.29444444444444445,0
1596160395.9099991,216.795166015625,0.29444444444444445,0
1596160395.9199991,218.59585094451904,0.29444444444444445,0
1596160395.929999,220.39456176757812,0.29444444444444445,0
1596160395.939999,222.19704914093018,0.29444444444444445,0
1596160395.949999,223.9963607788086,0.29444444444444445,0
1596160395.959999,225.79635906219482,0.29444444444444445,0
1596160395.969999,227.59481239318848,0.29444444444444445,0
1596160395.977392,228.92445850372314,0.29444444444444445,0
1596160395.977392,228.92445850372314,0.29444444444444445,0
1596160395.979999,229.3944673538208,0.29444444444444445,0
1596160395.989999,231.19626808166504,0.29444444444444445,0
1596160395.999999,232.9968671798706,0.29444444444444445,0
1596160396.009999,234.7939043045044,0.29444444444444445,0
1596160396.019999,236.59471797943115,0.29444444444444445,0
1596160396.029999,238.39724826812744,0.29444444444444445,0
1596160396.039999,240.19664573669434,0.29444444444444445,0
1596160396.049999,241.99698734283447,0.29444444444444445,0
1596160396.059999,243.79423904418945,0.29444444444444445,0
1596160396.069999,245.59655475616455,0.29444444444444445,0
1596160396.079999,247.39462184906006,0.29444444444444445,0
1596160396.089999,249.1950922012329,0.29444444444444445,0
1596160396.099999,250.9970645904541,0.29444444444444445,0
1596160396.109999,252.79586124420166,0.29444444444444445,0
1596160396.119999,254.59375667572021,0.29444444444444445,0
1596160396.129999,256.3957290649414,0.29444444444444445,0
1596160396.139999,258.1949977874756,0.29444444444444445,0
1596160396.149999,259.99649810791016,0.29444444444444445,0
1596160396.159999,261.7952947616577,0.29444444444444445,0
1596160396.169999,263.5967950820923,0.29444444444444445,0
1596160396.1799989,265.3962354660034,0.29444444444444445,0
1596160396.1899989,267.1951608657837,0.29444444444444445,0
1596160396.1999989,268.99575996398926,0.29444444444444445,0
1596160396.2099988,270.79382705688477,0.29444444444444445,0
1596160396.2199988,272.5943832397461,0.29444444444444445,0
1596160396.2299988,274.3944673538208,0.29444444444444445,0
1596160396.2399988,276.19583892822266,0.29444444444444445,0
1596160396.2499988,277.99725341796875,0.29444444444444445,0
1596160396.2599988,279.79484844207764,0.29444444444444445,0
1596160396.2699988,281.59596252441406,0.29444444444444445,0
1596160396.2799988,283.39433002471924,0.29444444444444445,0
1596160396.2899988,285.19565868377686,0.29444444444444445,0
1596160396.2999988,286.9945411682129,0.29444444444444445,0
1596160396.3099988,288.79582691192627,0.29444444444444445,0
1596160396.3199987,290.5938081741333,0.29444444444444445,0
1596160396.3299987,292.3942356109619,0.29444444444444445,0
1596160396.3399987,294.1952209472656,0.29444444444444445,0
1596160396.3499987,295.9968070983887,0.29444444444444445,0
1596160396.3599987,297.79719161987305,0.29444444444444445,0
1596160396.3699987,299.59491539001465,0.29444444444444445,0
1596160396.3799987,301.3968448638916,0.29444444444444445,0
1596160396.3899987,303.19495487213135,0.29444444444444445,0
1596160396.3999987,304.9956398010254,0.29444444444444445,0
1596160396.4099987,306.7950372695923,0.29444444444444445,0
1596160396.4199986,308.59606552124023,0.29444444444444445,0
1596160396.4299986,310.3944330215454,0.29444444444444445,0
1596160396.4399986,312.1950750350952,0.29444444444444445,0
1596160396.4499986,313.9964895248413,0.29444444444444445,0
1596160396.4599986,315.7948570251465,0.29444444444444445,0
1596160396.4699986,317.59468364715576,0.29444444444444445,0
1596160396.4799986,319.396484375,0.29444444444444445,0
1596160396.4899986,321.1958818435669,0.29444444444444445,0
1596160396.4999986,322.9961805343628,0.29444444444444445,0
1596160396.5099986,324.79454803466797,0.29444444444444445,0
1596160396.5199986,326.59716415405273,0.29444444444444445,0
1596160396.5299985,328.3941583633423,0.29444444444444445,0
1596160396.5399985,330.19385623931885,0.29444444444444445,0
1596160396.5499985,331.9936828613281,0.29444444444444445,0
1596160396.5599985,333.7947540283203,0.29444444444444445,0
1596160396.5699985,335.5961685180664,0.29444444444444445,0
1596160396.5799985,337.39608097076416,0.29444444444444445,0
1596160396.5899985,339.1967658996582,0.29444444444444445,0
1596160396.5999985,340.99667835235596,0.29444444444444445,0
1596160396.6099985,342.7968053817749,0.29444444444444445,0
1596160396.6199985,344.59684658050537,0.29444444444444445,0
1596160396.6299984,346.3941411972046,0.29444444444444445,0
1596160396.6399984,348.1950407028198,0.29444444444444445,0
1596160396.6499984,349.99435234069824,0.29444444444444445,0
1596160396.6599984,351.7958097457886,0.29444444444444445,0
1596160396.6699984,353.5962371826172,0.29444444444444445,0
1596160396.6799984,355.3946475982666,0.29444444444444445,0
1596160396.6899984,357.19601917266846,0.29444444444444445,0
1596160396.6999984,358.9946870803833,0.29444444444444445,0
1596160396.7056034,360,0.29444444444444445,1
1596160396.7056034,0,0,0
1596160396.7156034,120.41347652355635,0.6589435024217215,0
1596160396.7256033,122.21059947887862,0.6589435024217215,0
1596160396.7356033,124.01317268291915,0.6589435024217215,0
1596160396.7456033,125.81115394512618,0.6589435024217215,0
1596160396.7556033,127.61072307507003,0.6589435024217215,0
1596160396.7656033,129.4123092261931,0.6589435024217215,0
1596160396.7756033,131.2101617423674,0.6589435024217215,0
1596160396.7856033,133.0124774543425,0.6589435024217215,0
1596160396.7956033,134.81260448376145,0.6589435024217215,0
1596160396.8056033,136.61088615337815,0.6589435024217215,0
1596160396.8156033,138.41015487591233,0.6589435024217215,0
1596160396.8256032,140.21247058788742,0.6589435024217215,0
1596160396.8356032,142.0129838554045,0.6589435024217215,0
1596160396.8456032,143.81285339275803,0.6589435024217215,0
1596160396.8556032,145.6101909248015,0.6589435024217215,0
1596160396.8656032,147.410060462155,0.6589435024217215,0
1596160396.8756032,149.21053081432785,0.6589435024217215,0
1596160396.8856032,151.0112157432219,0.6589435024217215,0
1596160396.8956032,152.8115144340178,0.6589435024217215,0
1596160396.9056032,154.61005359569992,0.6589435024217215,0
1596160396.9156032,156.4098802177092,0.6589435024217215,0
1596160396.9256032,158.21245342174973,0.6589435024217215,0
1596160396.9356031,160.01202255169358,0.6589435024217215,0
1596160396.9456031,161.8124499885222,0.6589435024217215,0
1596160396.9556031,163.6101737586638,0.6589435024217215,0
1596160396.965603,165.4099145499846,0.6589435024217215,0
1596160396.975603,167.2102132407805,0.6589435024217215,0
1596160396.985603,169.01102691570725,0.6589435024217215,0
1596160396.995603,170.81390052715744,0.6589435024217215,0
1596160397.005603,172.6105514136931,0.6589435024217215,0
1596160397.015603,174.41157966534104,0.6589435024217215,0
1596160397.025603,176.21174961010422,0.6589435024217215,0
1596160397.035603,178.01028877178635,0.6589435024217215,0
1596160397.045603,179.8124328223845,0.6589435024217215,0
1596160397.055603,181.61174446026288,0.6589435024217215,0
1596160397.065603,183.41135650555097,0.6589435024217215,0
1596160397.075603,185.21217018047773,0.6589435024217215,0
1596160397.085603,187.01281219402753,0.6589435024217215,0
1596160397.095603,188.810149726071,0.6589435024217215,0
1596160397.105603,190.61242252270185,0.6589435024217215,0
1596160397.115603,192.41383701244794,0.6589435024217215,0
1596160397.125603,194.2102733222624,0.6589435024217215,0
1596160397.135603,196.01228862682783,0.6589435024217215,0
1596160397.145603,197.81005531231366,0.6589435024217215,0
1596160397.155603,199.60975318829023,0.6589435024217215,0
1596160397.165603,201.4099231330534,0.6589435024217215,0
1596160397.175603,203.21138053814374,0.6589435024217215,0
1596160397.185603,205.0105205146452,0.6589435024217215,0
1596160397.195603,206.81330829540693,0.6589435024217215,0
1596160397.205603,208.6113324729582,0.6589435024217215,0
1596160397.2156029,210.4118457404753,0.6589435024217215,0
1596160397.2256029,212.20982700268232,0.6589435024217215,0
1596160397.2356029,214.01385932842695,0.6589435024217215,0
1596160397.2456028,215.81132560650312,0.6589435024217215,0
1596160397.2556028,217.60986476818525,0.6589435024217215,0
1596160397.2656028,219.41286712566816,0.6589435024217215,0
1596160397.2756028,221.21303707043134,0.6589435024217215,0
1596160397.2856028,223.01213413158857,0.6589435024217215,0
1596160397.2956028,224.81230407635175,0.6589435024217215,0
1596160397.3056028,226.6111865607878,0.6589435024217215,0
1596160397.3156028,228.41380268017255,0.6589435024217215,0
1596160397.3175168,228.75425010601484,0.6589435024217215,0
1596160397.3175168,228.75425010601484,0.6589435024217215,0
1596160397.3256028,230.21032482067548,0.6589435024217215,0
1596160397.3356028,232.01306968609296,0.6589435024217215,0
1596160397.3456028,233.8121667472502,0.6589435024217215,0
1596160397.3556027,235.6098046867033,0.6589435024217215,0
1596160397.3656027,237.4101033774992,0.6589435024217215,0
1596160397.3756027,239.2108312217375,0.6589435024217215,0
1596160397.3856027,241.0109153358122,0.6589435024217215,0
1596160397.3956027,242.81271606365644,0.6589435024217215,0
1596160397.4056027,244.61245685497724,0.6589435024217215,0
1596160397.4156027,246.4103522864958,0.6589435024217215,0
1596160397.4256027,248.2106509772917,0.6589435024217215,0
1596160397.4356027,250.01266628185712,0.6589435024217215,0
1596160397.4456027,251.8131795493742,0.6589435024217215,0
1596160397.4556026,253.60983043590986,0.6589435024217215,0
1596160397.4656026,255.40987163464033,0.6589435024217215,0
1596160397.4756026,257.2121015159269,0.6589435024217215,0
1596160397.4856026,259.0114989844938,0.6589435024217215,0
1596160397.4956026,260.8100810615202,0.6589435024217215,0
1596160397.505138,262.52605110088786,0.6589435024217215,0
1596160397.505138,262.52605110088786,0.6589435024217215,0
1596160397.5056026,262.61291175762614,0.6589435024217215,0
1596160397.5156026,264.41436916271647,0.6589435024217215,0
1596160397.5256026,266.211535033383,0.6589435024217215,0
1596160397.5356026,268.01136165539225,0.6589435024217215,0
1596160397.5456026,269.8129478065153,0.6589435024217215,0
1596160397.5556026,271.613933142819,0.6589435024217215,0
1596160397.5656025,273.4116569129606,0.6589435024217215,0
1596160397.5756025,275.211140212216,0.6589435024217215,0
1596160397.5856025,277.01083808819254,0.6589435024217215,0
1596160397.5956025,278.81306796947916,0.6589435024217215,0
1596160397.6056025,280.61255126873453,0.6589435024217215,0
1596160397.6156025,282.4183002082487,0.6589435024217215,0
1596160397.6256025,284.2129769889494,0.6589435024217215,0
1596160397.6356025,286.01314693371256,0.6589435024217215,0
1596160397.6456025,287.8107848731657,0.6589435024217215,0
1596160397.6556025,289.61297183910807,0.6589435024217215,0
1596160397.6656024,291.41271263042887,0.6589435024217215,0
1596160397.6756024,293.21421295086344,0.6589435024217215,0
1596160397.6856024,295.0105634299894,0.6589435024217215,0
1596160397.6956024,296.8124070731779,0.6589435024217215,0
1596160397.7056024,298.61008792797526,0.6589435024217215,0
1596160397.7156024,300.4116740790983,0.6589435024217215,0
1596160397.7256024,302.2124448386808,0.6589435024217215,0
1596160397.7356024,304.01051193157633,0.6589435024217215,0
1596160397.7456024,305.8097806541105,0.6589435024217215,0
1596160397.7556024,307.6128688422819,0.6589435024217215,0
1596160397.7656024,309.4127383796354,0.6589435024217215,0
1596160397.7756023,311.2119212714811,0.6589435024217215,0
1596160397.7856023,313.01234870830973,0.6589435024217215,0
1596160397.7956023,314.8123899070402,0.6589435024217215,0
1596160397.8056023,316.61217361370524,0.6589435024217215,0
1596160397.8156023,318.40981155315836,0.6589435024217215,0
1596160397.8256023,320.2100244132658,0.6589435024217215,0
1596160397.8356023,322.0130267707487,0.6589435024217215,0
1596160397.8456023,323.8104072181364,0.6589435024217215,0
1596160397.8556023,325.6119504539152,0.6589435024217215,0
1596160397.8656023,327.41207748333414,0.6589435024217215,0
1596160397.8756022,329.21057372967203,0.6589435024217215,0
1596160397.8856022,331.01121574322184,0.6589435024217215,0
1596160397.8956022,332.8121152488371,0.6589435024217215,0
1596160397.9056022,334.6112123099943,0.6589435024217215,0
1596160397.9156022,336.4138713447233,0.6589435024217215,0
1596160397.9256022,338.2102647391935,0.6589435024217215,0
1596160397.9356022,340.0114646522184,0.6589435024217215,0
1596160397.9456022,341.81056171337565,0.6589435024217215,0
1596160397.9556022,343.61064582745036,0.6589435024217215,0
1596160397.9656022,345.4123178092619,0.6589435024217215,0
1596160397.9756021,347.2124448386808,0.6589435024217215,0
1596160397.9856021,349.01244312206705,0.6589435024217215,0
1596160397.9956021,350.8108964530607,0.6589435024217215,0
1596160398.0056021,352.6109376517912,0.6589435024217215,0
1596160398.015602,354.41145091930827,0.6589435024217215,0
1596160398.025602,356.2117925254484,0.6589435024217215,0
1596160398.035602,358.0129066077848,0.6589435024217215,0
1596160398.045602,359.8098149863859,0.6589435024217215,0
1596160398.0466628,360,0.6589435024217215,1
1596160398.0466628,0,0,0
1596160398.0566628,173.68105607780168,0.9548818909212589,0
1596160398.0666628,175.48165517600725,0.9548818909212589,0
1596160398.0766628,177.2794218614931,0.9548818909212589,0
1596160398.0866628,179.0792913988466,0.9548818909212589,0
1596160398.0966628,180.88190751823137,0.9548818909212589,0
1596160398.1066628,182.6796742037172,0.9548818909212589,0
1596160398.1166627,184.47877126487444,0.9548818909212589,0
1596160398.1266627,186.2812586382265,0.9548818909212589,0
1596160398.1366627,188.07936864646624,0.9548818909212589,0
1596160398.1466627,189.881984765851,0.9548818909212589,0
1596160398.1566627,191.6794939592714,0.9548818909212589,0
1596160398.1666627,193.47940641196917,0.9548818909212589,0
1596160398.1766627,195.28039174827288,0.9548818909212589,0
1596160398.1866627,197.07897382529924,0.9548818909212589,0
1596160398.1966627,198.8795729235048,0.9548818909212589,0
1596160398.2066627,200.6818886354799,0.9548818909212589,0
1596160398.2166626,202.48064237388323,0.9548818909212589,0
1596160398.2266626,204.28003984245012,0.9548818909212589,0
1596160398.2366626,206.07999521049211,0.9548818909212589,0
1596160398.2466626,207.87913518699358,0.9548818909212589,0
1596160398.2566626,209.682051713788,0.9548818909212589,0
1596160398.2666626,211.4790888384218,0.9548818909212589,0
1596160398.2766626,213.27913003715227,0.9548818909212589,0
1596160398.2866626,215.08178907188127,0.9548818909212589,0
1596160398.2966626,216.8815727785463,0.9548818909212589,0
1596160398.3066626,218.67955404075335,0.9548818909212589,0
1596160398.3166625,220.48045354636858,0.9548818909212589,0
1596160398.3266625,222.27937894614885,0.9548818909212589,0
1596160398.3366625,224.08182340415667,0.9548818909212589,0
1596160398.3466625,225.88186460288713,0.9548818909212589,0
1596160398.3566625,227.67984586509417,0.9548818909212589,0
1596160398.3666625,229.48160367759417,0.9548818909212589,0
1596160398.3766625,231.27928453239153,0.9548818909212589,0
1596160398.3866625,233.08198648246477,0.9548818909212589,0
1596160398.3966625,234.88013940604876,0.9548818909212589,0
1596160398.4066625,236.6817255571718,0.9548818909212589,0
1596160398.4166625,238.48017888816545,0.9548818909212589,0
1596160398.4266624,240.27991967948626,0.9548818909212589,0
1596160398.4366624,242.08017545493792,0.9548818909212589,0
1596160398.442713,243.16777902396868,0.9548818909212589,0
1596160398.442713,243.16777902396868,0.9548818909212589,0
1596160398.4466624,243.87935834678362,0.9548818909212589,0
1596160398.4566624,245.6787558153505,0.9548818909212589,0
1596160398.4666624,247.48089986594866,0.9548818909212589,0
1596160398.4766624,249.28106981071184,0.9548818909212589,0
1596160398.4866624,251.07879358085344,0.9548818909212589,0
1596160398.4966624,252.88003640922258,0.9548818909212589,0
1596160398.5066624,254.6795626238222,0.9548818909212589,0
1596160398.5166624,256.47921758445455,0.9548818909212589,0
1596160398.5266623,258.2809324816103,0.9548818909212589,0
1596160398.5366623,260.0814457491274,0.9548818909212589,0
1596160398.5466623,261.87955575736714,0.9548818909212589,0
1596160398.5566623,263.67998319419576,0.9548818909212589,0
1596160398.5666623,265.48049646171285,0.9548818909212589,0
1596160398.5766623,267.28066640647603,0.9548818909212589,0
1596160398.5866623,269.0813942507143,0.9548818909212589,0
1596160398.5928433,270.1912279680605,0.9548818909212589,0
1596160398.5928433,270.1912279680605,0.9548818909212589,0
1596160398.5966623,270.87894635947896,0.9548818909212589,0
1596160398.6066623,272.68044667991353,0.9548818909212589,0
1596160398.6166623,274.4800158098574,0.9548818909212589,0
1596160398.6266623,276.2790270403261,0.9548818909212589,0
1596160398.6366622,278.0806131914492,0.9548818909212589,0
1596160398.6466622,279.881083543622,0.9548818909212589,0
1596160398.6566622,281.6803522661562,0.9548818909212589,0
1596160398.6666622,283.4805651262636,0.9548818909212589,0
1596160398.6766622,285.2801771715517,0.9548818909212589,0
1596160398.6866622,287.07996087821675,0.9548818909212589,0
1596160398.6966622,288.8804312303896,0.9548818909212589,0
1596160398.7066622,290.68034368308736,0.9548818909212589,0
1596160398.7166622,292.48085695060445,0.9548818909212589,0
1596160398.7266622,294.2806406572695,0.9548818909212589,0
1596160398.7366621,296.0814972475405,0.9548818909212589,0
1596160398.7466621,297.8802509859438,0.9548818909212589,0
1596160398.7566621,299.67960553916646,0.9548818909212589,0
1596160398.7666621,301.4809771135683,0.9548818909212589,0
1596160398.776662,303.2803745821352,0.9548818909212589,0
1596160398.786662,305.081016595685,0.9548818909212589,0
1596160398.796662,306.87934118064595,0.9548818909212589,0
1596160398.806662,308.68019777091695,0.9548818909212589,0
1596160398.816662,310.4792948320742,0.9548818909212589,0
1596160398.826662,312.2804947450991,0.9548818909212589,0
1596160398.836662,314.08190923484517,0.9548818909212589,0
1596160398.846662,315.87903219016744,0.9548818909212589,0
1596160398.856662,317.68181997092915,0.9548818909212589,0
1596160398.866662,319.4806166246767,0.9548818909212589,0
1596160398.876662,321.28138738425923,0.9548818909212589,0
1596160398.886662,323.0812140062685,0.9548818909212589,0
1596160398.896662,324.8801394060488,0.9548818909212589,0
1596160398.906662,326.68176847251607,0.9548818909212589,0
1596160398.916662,328.481895501935,0.9548818909212589,0
1596160398.926662,330.28056340964986,0.9548818909212589,0
1596160398.936662,332.08090501579,0.9548818909212589,0
1596160398.946662,333.8787575319643,0.9548818909212589,0
1596160398.956662,335.6786270693178,0.9548818909212589,0
1596160398.966662,337.4806852892275,0.9548818909212589,0
1596160398.976662,339.27948194297505,0.9548818909212589,0
1596160398.986662,341.0817547396059,0.9548818909212589,0
1596160398.996662,342.8801651552553,0.9548818909212589,0
1596160399.006662,344.68037801536275,0.9548818909212589,0
1596160399.016662,346.48136335166646,0.9548818909212589,0
1596160399.0266619,348.2790442064638,0.9548818909212589,0
1596160399.0366619,350.0808020189638,0.9548818909212589,0
1596160399.0466619,351.87899785789205,0.9548818909212589,0
1596160399.0566618,353.6796827867861,0.9548818909212589,0
1596160399.0666618,355.47950940879537,0.9548818909212589,0
1596160399.0766618,357.2817822054262,0.9548818909212589,0
1596160399.0866618,359.1011353090639,0.9548818909212589,0
1596160399.091796,360,0.9548818909212589,1
1596160399.091796,0,0,0
1596160399.101796,181.40381205818213,0.9977953891368463,0
1596160399.109254,182.74560321113623,0.9977953891368463,0
1596160399.109254,182.74560321113623,0.9977953891368463,0
1596160399.111796,183.20316661140478,0.9977953891368463,0
1596160399.121796,185.00445235511816,0.9977953891368463,0
1596160399.131796,186.80342067024267,0.9977953891368463,0
1596160399.1417959,188.60427726051367,0.9977953891368463,0
1596160399.1517959,190.40521968147314,0.9977953891368463,0
1596160399.1617959,192.20453131935156,0.9977953891368463,0
1596160399.1717958,194.00337088844336,0.9977953891368463,0
1596160399.1817958,195.80431330940283,0.9977953891368463,0
1596160399.1917958,197.60315287849463,0.9977953891368463,0
1596160399.2017958,199.4061123206333,0.9977953891368463,0
1596160399.2117958,201.20615351936377,0.9977953891368463,0
1596160399.2217958,203.00439227363623,0.9977953891368463,0
1596160399.2317958,204.80529177925146,0.9977953891368463,0
1596160399.2417958,206.6047321631626,0.9977953891368463,0
1596160399.2517958,208.40473044654883,0.9977953891368463,0
1596160399.2617958,210.2054582907871,0.9977953891368463,0
1596160399.2717957,212.00391162178076,0.9977953891368463,0
1596160399.2817957,213.80528319618261,0.9977953891368463,0
1596160399.2917957,215.6054531409458,0.9977953891368463,0
1596160399.3017957,217.40321982643164,0.9977953891368463,0
1596160399.3117957,219.2052780463413,0.9977953891368463,0
1596160399.3217957,221.00574839851416,0.9977953891368463,0
1596160399.3317957,222.8040729834751,0.9977953891368463,0
1596160399.3417957,224.60510123512304,0.9977953891368463,0
1596160399.3517957,226.40351165077246,0.9977953891368463,0
1596160399.3617957,228.20574153205908,0.9977953891368463,0
1596160399.3717957,230.00363696357763,0.9977953891368463,0
1596160399.3817956,231.80380690834082,0.9977953891368463,0
1596160399.3917956,233.60539305946386,0.9977953891368463,0
1596160399.4017956,235.40620673439062,0.9977953891368463,0
1596160399.4117956,237.2032438590244,0.9977953891368463,0
1596160399.4217956,239.00547374031103,0.9977953891368463,0
1596160399.4317956,240.80401290199316,0.9977953891368463,0
1596160399.4417956,242.60598529121435,0.9977953891368463,0
1596160399.4517956,244.40362323066748,0.9977953891368463,0
1596160399.4617956,246.20611060401953,0.9977953891368463,0
1596160399.4717956,248.00623763343847,0.9977953891368463,0
1596160399.4817955,249.80417598030127,0.9977953891368463,0
1596160399.4917955,251.60559047004736,0.9977953891368463,0
1596160399.5017955,253.40361464759863,0.9977953891368463,0
1596160399.5117955,255.20640242836035,0.9977953891368463,0
1596160399.5217955,257.00331080696145,0.9977953891368463,0
1596160399.5317955,258.8042103125767,0.9977953891368463,0
1596160399.5417955,260.6040798499302,0.9977953891368463,0
1596160399.5517955,262.4033914878086,0.9977953891368463,0
1596160399.5617955,264.20519221565286,0.9977953891368463,0
1596160399.5717955,266.0060917212681,0.9977953891368463,0
1596160399.5817955,267.8048025443272,0.9977953891368463,0
1596160399.5917954,269.6030842139439,0.9977953891368463,0
1596160399.6017954,271.4063440634922,0.9977953891368463,0
1596160399.6117954,273.2044111563877,0.9977953891368463,0
1596160399.6217954,275.0044523551182,0.9977953891368463,0
1596160399.6317954,276.80427897712747,0.9977953891368463,0
1596160399.6417954,278.6053072287754,0.9977953891368463,0
1596160399.6517954,280.4051338507847,0.9977953891368463,0
1596160399.6617954,282.204788811417,0.9977953891368463,0
1596160399.6717954,284.0039287879185,0.9977953891368463,0
1596160399.6817954,285.80611575386087,0.9977953891368463,0
1596160399.6917953,287.6045690848545,0.9977953891368463,0
1596160399.7017953,289.40602648994485,0.9977953891368463,0
1596160399.7117953,291.2058101966099,0.9977953891368463,0
1596160399.7217953,293.0052076651768,0.9977953891368463,0
1596160399.7317953,294.8037468268589,0.9977953891368463,0
1596160399.7417953,296.60387385627786,0.9977953891368463,0
1596160399.7517953,298.4058033301548,0.9977953891368463,0
1596160399.7617953,300.2049433066563,0.9977953891368463,0
1596160399.7717953,302.0039116217808,0.9977953891368463,0
1596160399.7817953,303.80463946601907,0.9977953891368463,0
1596160399.7917953,305.60605395576516,0.9977953891368463,0
1596160399.8017952,307.40433562538186,0.9977953891368463,0
1596160399.8117952,309.20575011512796,0.9977953891368463,0
1596160399.8217952,311.005533821793,0.9977953891368463,0
1596160399.8317952,312.8048025443272,0.9977953891368463,0
1596160399.8417952,314.60475791236917,0.9977953891368463,0
1596160399.8517952,316.4048849417881,0.9977953891368463,0
1596160399.8617952,318.2054840399937,0.9977953891368463,0
1596160399.8717952,320.006040222855,0.9977953891368463,0
1596160399.8781202,321.1415373160557,0.9977953891368463,0
1596160399.8781202,321.1415373160557,0.9977953891368463,0
1596160399.8817952,321.8063389136509,0.9977953891368463,0
1596160399.8917952,323.6032902075962,0.9977953891368463,0
1596160399.9017951,325.40315974494973,0.9977953891368463,0
1596160399.9117951,327.20538962623635,0.9977953891368463,0
1596160399.9217951,329.00324214241067,0.9977953891368463,0
1596160399.9317951,330.8051716162876,0.9977953891368463,0
1596160399.941795,332.6036678626255,0.9977953891368463,0
1596160399.951795,334.40478194496194,0.9977953891368463,0
1596160399.961795,336.2051235511021,0.9977953891368463,0
1596160399.971795,338.0037485434727,0.9977953891368463,0
1596160399.981795,339.80323184272805,0.9977953891368463,0
1596160399.991795,341.60589087745706,0.9977953891368463,0
1596160400.001795,343.406017906876,0.9977953891368463,0
1596160400.011795,345.2056728675083,0.9977953891368463,0
1596160400.021795,347.00601447364846,0.9977953891368463,0
1596160400.031795,348.8042532279209,0.9977953891368463,0
1596160400.041795,350.6042085959629,0.9977953891368463,0
1596160400.051795,352.4036060645298,0.9977953891368463,0
1596160400.061795,354.2034326865391,0.9977953891368463,0
1596160400.071795,356.0057913138584,0.9977953891368463,0
1596160400.081795,357.80420172950784,0.9977953891368463,0
1596160400.091795,359.60428584358255,0.9977953891368463,0
1596160400.0940125,360,0.9977953891368463,1
1596160400.0940125,0,0,0
1596160400.1040125,178.09068279678291,0.9793853007651405,0
1596160400.1140125,179.889393619842,0.9793853007651405,0
1596160400.1240125,181.69179516250557,0.9793853007651405,0
1596160400.1340125,183.48986225540108,0.9793853007651405,0
1596160400.1440125,185.2923067134089,0.9793853007651405,0
1596160400.1540124,187.0914896052546,0.9793853007651405,0
1596160400.1640124,188.8924749415583,0.9793853007651405,0
1596160400.1740124,190.6920869868464,0.9793853007651405,0
1596160400.1840124,192.4922998469538,0.9793853007651405,0
1596160400.1940124,194.29015236312813,0.9793853007651405,0
1596160400.2040124,196.08946400100655,0.9793853007651405,0
1596160400.2140124,197.89057808334297,0.9793853007651405,0
1596160400.2240124,199.69229298049873,0.9793853007651405,0
1596160400.2340124,201.4896305125422,0.9793853007651405,0
1596160400.2440124,203.29035835678047,0.9793853007651405,0
1596160400.2540123,205.09044247085518,0.9793853007651405,0
1596160400.2640123,206.89202862197823,0.9793853007651405,0
1596160400.2740123,208.6911685984797,0.9793853007651405,0
1596160400.2840123,210.49223976547188,0.9793853007651405,0
1596160400.2940123,212.29219513351387,0.9793853007651405,0
1596160400.3040123,214.08957558090157,0.9793853007651405,0
1596160400.3140123,215.8912475627131,0.9793853007651405,0
1596160400.3240123,217.692447475738,0.9793853007651405,0
1596160400.3340123,219.49180202896065,0.9793853007651405,0
1596160400.3440123,221.28961162979073,0.9793853007651405,0
1596160400.3540123,223.08973865920967,0.9793853007651405,0
1596160400.3640122,224.89123897964424,0.9793853007651405,0
1596160400.3740122,226.69063644821114,0.9793853007651405,0
1596160400.3840122,228.49136429244942,0.9793853007651405,0
1596160400.3940122,230.29011803085274,0.9793853007651405,0
1596160400.4040122,232.09221916610664,0.9793853007651405,0
1596160400.410747,233.3015735667414,0.9793853007651405,0
1596160400.410747,233.3015735667414,0.9793853007651405,0
1596160400.4140122,233.889900020904,0.9793853007651405,0
1596160400.4240122,235.6910999339289,0.9793853007651405,0
1596160400.4340122,237.4922998469538,0.9793853007651405,0
1596160400.4440122,239.29083900863594,0.9793853007651405,0
1596160400.4540122,241.092425159759,0.9793853007651405,0
1596160400.4640121,242.89212303573555,0.9793853007651405,0
1596160400.4740121,244.69122009689278,0.9793853007651405,0
1596160400.4840121,246.49216251785225,0.9793853007651405,0
1596160400.494012,248.2918603938288,0.9793853007651405,0
1596160400.504012,250.09177284652657,0.9793853007651405,0
1596160400.514012,251.88958244735664,0.9793853007651405,0
1596160400.524012,253.69138317520088,0.9793853007651405,0
1596160400.534012,255.49082355911202,0.9793853007651405,0
1596160400.544012,257.28970604354805,0.9793853007651405,0
1596160400.554012,259.0915067713923,0.9793853007651405,0
1596160400.564012,260.89030342513985,0.9793853007651405,0
1596160400.574012,262.6914175074763,0.9793853007651405,0
1596160400.584012,264.4909437220759,0.9793853007651405,0
1596160400.594012,266.291456989593,0.9793853007651405,0
1596160400.604012,268.08960991317696,0.9793853007651405,0
1596160400.614012,269.8896081965632,0.9793853007651405,0
1596160400.624012,271.69166641647286,0.9793853007651405,0
1596160400.634012,273.49059181625313,0.9793853007651405,0
1596160400.644012,275.29213505203194,0.9793853007651405,0
1596160400.654012,277.09011631423897,0.9793853007651405,0
1596160400.664012,278.89238911086983,0.9793853007651405,0
1596160400.674012,280.6912286799616,0.9793853007651405,0
1596160400.684012,282.48976784164375,0.9793853007651405,0
1596160400.694012,284.29131107742256,0.9793853007651405,0
1596160400.704012,286.0895069163508,0.9793853007651405,0
1596160400.714012,287.8921659510798,0.9793853007651405,0
1596160400.724012,289.6926792185969,0.9793853007651405,0
1596160400.734012,291.4901884120173,0.9793853007651405,0
1596160400.7440119,293.29065876419014,0.9793853007651405,0
1596160400.7540119,295.09220199996895,0.9793853007651405,0
1596160400.7596061,296.09620647842354,0.9793853007651405,0
1596160400.7596061,296.09620647842354,0.9793853007651405,0
1596160400.7640119,296.8904407542414,0.9793853007651405,0
1596160400.7740119,298.6903961222834,0.9793853007651405,0
1596160400.7840118,300.49185352737373,0.9793853007651405,0
1596160400.7940118,302.2897489588923,0.9793853007651405,0
1596160400.8040118,304.0901763957209,0.9793853007651405,0
1596160400.8140118,305.8909471553034,0.9793853007651405,0
1596160400.8240118,307.6918895762629,0.9793853007651405,0
1596160400.8340118,309.49145870620674,0.9793853007651405,0
1596160400.8440118,311.29021244461006,0.9793853007651405,0
1596160400.8540118,313.09106903488106,0.9793853007651405,0
1596160400.8640118,314.89102440292305,0.9793853007651405,0
1596160400.8740118,316.6925247233576,0.9793853007651405,0
1596160400.8840117,318.49119263107247,0.9793853007651405,0
1596160400.8940117,320.2899463694758,0.9793853007651405,0
1596160400.9040117,322.09110336715645,0.9793853007651405,0
1596160400.9140117,323.8906724971003,0.9793853007651405,0
1596160400.9240117,325.6894262355036,0.9793853007651405,0
1596160400.9340117,327.492514423675,0.9793853007651405,0
1596160400.9440117,329.29062443191475,0.9793853007651405,0
1596160400.9540117,331.08989315444893,0.9793853007651405,0
1596160400.9640117,332.8907068293757,0.9793853007651405,0
1596160400.9740117,334.68928890640206,0.9793853007651405,0
1596160400.9840117,336.49250584060616,0.9793853007651405,0
1596160400.9940116,338.29057293350166,0.9793853007651405,0
1596160401.0040116,340.09052830154366,0.9793853007651405,0
1596160401.0140116,341.88936787063545,0.9793853007651405,0
1596160401.0240116,343.6910827677912,0.9793853007651405,0
1596160401.0340116,345.4894502680964,0.9793853007651405,0
1596160401.0440116,347.2906501811213,0.9793853007651405,0
1596160401.0540116,349.09021931106514,0.9793853007651405,0
1596160401.0640116,350.892492107696,0.9793853007651405,0
1596160401.0740116,352.6899583857722,0.9793853007651405,0
1596160401.0840116,354.4914157908625,0.9793853007651405,0
1596160401.0940115,356.2909420054621,0.9793853007651405,0
1596160401.1040115,358.08948116714424,0.9793853007651405,0
1596160401.1140115,359.8924406092829,0.9793853007651405,0
1596160401.114638,360,0.9793853007651405,1
1596160401.114638,0,0,0
1596160401.124638,187.0172638407463,1.0289693114443588,0
1596160401.134638,188.81704754741133,1.0289693114443588,0
1596160401.144638,190.6161875239128,1.0289693114443588,0
1596160401.154638,192.41464085490645,1.0289693114443588,0
1596160401.164638,194.21515412242354,1.0289693114443588,0
1596160401.174638,196.0154098978752,1.0289693114443588,0
1596160401.184638,197.81485028178633,1.0289693114443588,0
1596160401.194638,199.61639351756514,1.0289693114443588,0
1596160401.204638,201.41763634593428,1.0289693114443588,0
1596160401.214638,203.21686215312423,1.0289693114443588,0
1596160401.224638,205.01480049998702,1.0289693114443588,0
1596160401.234638,206.81522793681563,1.0289693114443588,0
1596160401.244638,208.61655659587325,1.0289693114443588,0
1596160401.254638,210.41453785808028,1.0289693114443588,0
1596160401.264638,212.21629567058028,1.0289693114443588,0
1596160401.274638,214.01668019206465,1.0289693114443588,0
1596160401.284638,215.81672139079512,1.0289693114443588,0
1596160401.294638,217.6159901133293,1.0289693114443588,0
1596160401.300983,218.7565512171501,1.0289693114443588,0
1596160401.300983,218.7565512171501,1.0289693114443588,0
1596160401.304638,219.4144863596672,1.0289693114443588,0
1596160401.314638,221.21650166423262,1.0289693114443588,0
1596160401.324638,223.0161137095207,1.0289693114443588,0
1596160401.3346379,224.8171848765129,1.0289693114443588,0
1596160401.3446379,226.61495156199874,1.0289693114443588,0
1596160401.3546379,228.4170097819084,1.0289693114443588,0
1596160401.3646379,230.21692223460616,1.0289693114443588,0
1596160401.3746378,232.01589054973067,1.0289693114443588,0
1596160401.3846378,233.8167900553459,1.0289693114443588,0
1596160401.3946378,235.61567253978194,1.0289693114443588,0
1596160401.4046378,237.4148125162834,1.0289693114443588,0
1596160401.4146378,239.21519703776778,1.0289693114443588,0
1596160401.4246378,241.01605362803878,1.0289693114443588,0
1596160401.4346378,242.81721062571944,1.0289693114443588,0
1596160401.4446378,244.61776680858077,1.0289693114443588,0
1596160401.4546378,246.4145035258049,1.0289693114443588,0
1596160401.4646378,248.21720547587813,1.0289693114443588,0
1596160401.4746377,250.0163454523796,1.0289693114443588,0
1596160401.4846377,251.81690163524092,1.0289693114443588,0
1596160401.4946377,253.61556954295577,1.0289693114443588,0
1596160401.5046377,255.41685528666915,1.0289693114443588,0
1596160401.5146377,257.2166819086784,1.0289693114443588,0
1596160401.5246377,259.0152639857048,1.0289693114443588,0
1596160401.5346377,260.81629223735274,1.0289693114443588,0
1596160401.5446377,262.6144451609367,1.0289693114443588,0
1596160401.5546377,264.41543049724044,1.0289693114443588,0
1596160401.5646377,266.2161154261345,1.0289693114443588,0
1596160401.5746377,268.0172295084709,1.0289693114443588,0
1596160401.5846376,269.8171848765129,1.0289693114443588,0
1596160401.5946376,271.6156811228508,1.0289693114443588,0
1596160401.6046376,273.4161943903679,1.0289693114443588,0
1596160401.6146376,275.21679348857344,1.0289693114443588,0
1596160401.6246376,277.017392586779,1.0289693114443588,0
1596160401.6346376,278.8145155421013,1.0289693114443588,0
1596160401.6446376,280.616402100634,1.0289693114443588,0
1596160401.6546376,282.41451210887374,1.0289693114443588,0
1596160401.6646376,284.21446747691573,1.0289693114443588,0
1596160401.6746376,286.0161823740715,1.0289693114443588,0
1596160401.6846375,287.8162664881462,1.0289693114443588,0
1596160401.6946375,289.6155781260246,1.0289693114443588,0
1596160401.7046375,291.41660637767257,1.0289693114443588,0
1596160401.7073562,291.9037384501213,1.0289693114443588,0
1596160401.7073562,291.9037384501213,1.0289693114443588,0
1596160401.7146375,293.21664757640303,1.0289693114443588,0
1596160401.7246375,295.0169033518547,1.0289693114443588,0
1596160401.7346375,296.8161720743889,1.0289693114443588,0
1596160401.7446375,298.617414902758,1.0289693114443588,0
1596160401.7546375,300.416469048571,1.0289693114443588,0
1596160401.7646375,302.21651024730147,1.0289693114443588,0
1596160401.7746375,304.016379784655,1.0289693114443588,0
1596160401.7846375,305.814361046862,1.0289693114443588,0
1596160401.7946374,307.6171059122795,1.0289693114443588,0
1596160401.8046374,309.4156021586174,1.0289693114443588,0
1596160401.8146374,311.21439881236495,1.0289693114443588,0
1596160401.8246374,313.0169720164055,1.0289693114443588,0
1596160401.8346374,314.8144812098259,1.0289693114443588,0
1596160401.8446374,316.61688275248946,1.0289693114443588,0
1596160401.8546374,318.4154219141716,1.0289693114443588,0
1596160401.8646374,320.2151627054924,1.0289693114443588,0
1596160401.8746374,322.01507515819014,1.0289693114443588,0
1596160401.8846374,323.81674714000167,1.0289693114443588,0
1596160401.8946373,325.6151575556511,1.0289693114443588,0
1596160401.9046373,327.41768784434737,1.0289693114443588,0
1596160401.9146373,329.2157978525871,1.0289693114443588,0
1596160401.9246373,331.0147661677116,1.0289693114443588,0
1596160401.9346373,332.8149361124748,1.0289693114443588,0
1596160401.9446373,334.6163506022209,1.0289693114443588,0
1596160401.9546373,336.4152760020012,1.0289693114443588,0
1596160401.9646373,338.2171625605339,1.0289693114443588,0
1596160401.9746373,340.0154442301506,1.0289693114443588,0
1596160401.9846373,341.81467003734053,1.0289693114443588,0
1596160401.9946373,343.61599869639815,1.0289693114443588,0
1596160402.0046372,345.41462368876876,1.0289693114443588,0
1596160402.0146372,347.2162098398918,1.0289693114443588,0
1596160402.0246372,349.0168518534416,1.0289693114443588,0
1596160402.0346372,350.81461853892745,1.0289693114443588,0
1596160402.0446372,352.6166767588371,1.0289693114443588,0
1596160402.0546372,354.4147009363884,1.0289693114443588,0
1596160402.0646372,356.21508545787276,1.0289693114443588,0
1596160402.0746372,358.0171007624382,1.0289693114443588,0
1596160402.0846372,359.8155970087761,1.0289693114443588,0
1596160402.0856795,360,1.0289693114443588,1
1596160402.0856795,0,0,0
1596160402.0956795,180.46161613879264,0.9925500001078216,0
1596160402.1056795,182.26036987719596,0.9925500001078216,0
1596160402.1156795,184.05985317645133,0.9925500001078216,0
1596160402.1256795,185.86075268206656,0.9925500001078216,0
1596160402.1356795,187.66126594958365,0.9925500001078216,0
1596160402.1456795,189.46190796313346,0.9925500001078216,0
1596160402.14869,190.00088177142203,0.9925500001078216,0
1596160402.14869,190.00088177142203,0.9925500001078216,0
1596160402.1556795,191.26010380206168,0.9925500001078216,0
1596160402.1656795,193.06091747698844,0.9925500001078216,0
1596160402.1756794,194.86198864398062,0.9925500001078216,0
1596160402.1856794,196.66151485858023,0.9925500001078216,0
1596160402.1956794,198.46108398852408,0.9925500001078216,0
1596160402.2056794,200.26009521899283,0.9925500001078216,0
1596160402.2156794,202.06223926959098,0.9925500001078216,0
1596160402.2256794,203.85974846301139,0.9925500001078216,0
1596160402.2356794,205.66021881518424,0.9925500001078216,0
1596160402.2456794,207.46051750598014,0.9925500001078216,0
1596160402.2556794,209.26081619677603,0.9925500001078216,0
1596160402.2656794,211.06021366534293,0.9925500001078216,0
1596160402.2756793,212.8611560863024,0.9925500001078216,0
1596160402.2856793,214.65935192523062,0.9925500001078216,0
1596160402.2956793,216.4619680446154,0.9925500001078216,0
1596160402.3056793,218.25934849200308,0.9925500001078216,0
1596160402.3156793,220.05926094470084,0.9925500001078216,0
1596160402.3256793,221.86149082598746,0.9925500001078216,0
1596160402.3356793,223.65900001940787,0.9925500001078216,0
1596160402.3456793,225.46105823931754,0.9925500001078216,0
1596160402.3556793,227.26118526873648,0.9925500001078216,0
1596160402.3656793,229.06212768969596,0.9925500001078216,0
1596160402.3756793,230.8598943751818,0.9925500001078216,0
1596160402.3856792,232.66045055804312,0.9925500001078216,0
1596160402.3956792,234.4591613811022,0.9925500001078216,0
1596160402.4056792,236.2616916697985,0.9925500001078216,0
1596160402.4156792,238.05894337115348,0.9925500001078216,0
1596160402.4256792,239.859714130736,0.9925500001078216,0
1596160402.4356792,241.66108570513785,0.9925500001078216,0
1596160402.4456792,243.4618993800646,0.9925500001078216,0
1596160402.4556792,245.26155434069693,0.9925500001078216,0
1596160402.4656792,247.0618101161486,0.9925500001078216,0
1596160402.4756792,248.86069260058463,0.9925500001078216,0
1596160402.4856791,250.65918884692252,0.9925500001078216,0
1596160402.4956791,252.46030292925894,0.9925500001078216,0
1596160402.5056791,254.2607732814318,0.9925500001078216,0
1596160402.5156791,256.0609861415392,0.9925500001078216,0
1596160402.525679,257.86029777941764,0.9925500001078216,0
1596160402.535679,259.6618839305407,0.9925500001078216,0
1596160402.545679,261.4614101451403,0.9925500001078216,0
1596160402.555679,263.2618375819689,0.9925500001078216,0
1596160402.565679,265.0592180293566,0.9925500001078216,0
1596160402.575679,266.8602033656603,0.9925500001078216,0
1596160402.585679,268.66045914111197,0.9925500001078216,0
1596160402.595679,270.46015701708853,0.9925500001078216,0
1596160402.605679,272.2621294063097,0.9925500001078216,0
1596160402.615679,274.06165562090933,0.9925500001078216,0
1596160402.625679,275.8613534968859,0.9925500001078216,0
1596160402.635679,277.660064319945,0.9925500001078216,0
1596160402.645679,279.4602771800524,0.9925500001078216,0
1596160402.6500611,280.2476879161364,0.9925500001078216,0
1596160402.6500611,280.2476879161364,0.9925500001078216,0
1596160402.655679,281.26031837878287,0.9925500001078216,0
1596160402.665679,283.05958710131705,0.9925500001078216,0
1596160402.675679,284.8620744746691,0.9925500001078216,0
1596160402.685679,286.66155777392447,0.9925500001078216,0
1596160402.695679,288.4595390361315,0.9925500001078216,0
1596160402.705679,290.26056728777945,0.9925500001078216,0
1596160402.715679,292.0613809627062,0.9925500001078216,0
1596160402.725679,293.8588901561266,0.9925500001078216,0
1596160402.735679,295.6620641749865,0.9925500001078216,0
1596160402.745679,297.4612899821764,0.9925500001078216,0
1596160402.755679,299.2615886729723,0.9925500001078216,0
1596160402.765679,301.0589262050158,0.9925500001078216,0
1596160402.7756789,302.8596111339098,0.9925500001078216,0
1596160402.7856789,304.6595235866076,0.9925500001078216,0
1596160402.7956789,306.45922146258414,0.9925500001078216,0
1596160402.8056788,308.2615800899035,0.9925500001078216,0
1596160402.8156788,310.06063423571646,0.9925500001078216,0
1596160402.8256788,311.8599458735949,0.9925500001078216,0
1596160402.8356788,313.66166077075064,0.9925500001078216,0
1596160402.8456788,315.46071491656363,0.9925500001078216,0
1596160402.8556788,317.2613140147692,0.9925500001078216,0
1596160402.8656788,319.061956028319,0.9925500001078216,0
1596160402.8756788,320.85972271380484,0.9925500001078216,0
1596160402.8856788,322.6617380183703,0.9925500001078216,0
1596160402.8956788,324.46190796313346,0.9925500001078216,0
1596160402.9056787,326.2610479396349,0.9925500001078216,0
1596160402.9156787,328.0616899531847,0.9925500001078216,0
1596160402.917685,328.41999016223014,0.9925500001078216,0
1596160402.917685,328.41999016223014,0.9925500001078216,0
1596160402.9256787,329.8600574534899,0.9925500001078216,0
1596160402.9356787,331.6620298427111,0.9925500001078216,0
1596160402.9456787,333.46215687213004,0.9925500001078216,0
1596160402.9556787,335.2615114253527,0.9925500001078216,0
1596160402.9656787,337.06163845477164,0.9925500001078216,0
1596160402.9756787,338.85961971697867,0.9925500001078216,0
1596160402.9856787,340.6588455241686,0.9925500001078216,0
1596160402.9956787,342.4614616435534,0.9925500001078216,0
1596160403.0056787,344.2621036571032,0.9925500001078216,0
1596160403.0156786,346.06167278704703,0.9925500001078216,0
1596160403.0256786,347.86132774767935,0.9925500001078216,0
1596160403.0356786,349.6617980998522,0.9925500001078216,0
1596160403.0456786,351.45887813983023,0.9925500001078216,0
1596160403.0556786,353.26110802111685,0.9925500001078216,0
1596160403.0656786,355.05891762194693,0.9925500001078216,0
1596160403.0756786,356.8590446513659,0.9925500001078216,0
1596160403.0856786,358.66226158557,0.9925500001078216,0
1596160403.0931358,360,0.9925500001078216,1
1596160403.0931358,0,0,0
1596160403.1031358,281.22217241845016,1.5523401666527261,0
1596160403.1131358,283.02259985527877,1.5523401666527261,0
1596160403.1231358,284.8237997683037,1.5523401666527261,0
1596160403.1331358,286.6240126284111,1.5523401666527261,0
1596160403.1431358,288.4228521975029,1.5523401666527261,0
1596160403.1531358,290.2228504808891,1.5523401666527261,0
1596160403.1631358,292.0237070711601,1.5523401666527261,0
1596160403.1731358,293.82327620110397,1.5523401666527261,0
1596160403.1831357,295.6234890612114,1.5523401666527261,0
1596160403.1931357,297.42228571495895,1.5523401666527261,0
1596160403.2031357,299.2243010195244,1.5523401666527261,0
1596160403.2131357,301.02155272087936,1.5523401666527261,0
1596160403.2231357,302.82365385613326,1.5523401666527261,0
1596160403.2331357,304.6241242083061,1.5523401666527261,0
1596160403.2431357,306.4215904863823,1.5523401666527261,0
1596160403.2531357,308.2244640978325,1.5523401666527261,0
1596160403.2631357,310.0235611589897,1.5523401666527261,0
1596160403.2731357,311.82132784447555,1.5523401666527261,0
1596160403.2831357,313.6244589479912,1.5523401666527261,0
1596160403.2931356,315.42316977105025,1.5523401666527261,0
1596160403.3031356,317.2223097475517,1.5523401666527261,0
1596160403.3131356,319.02376715264205,1.5523401666527261,0
1596160403.3231356,320.8229071291435,1.5523401666527261,0
1596160403.3331356,322.6242787035454,1.5523401666527261,0
1596160403.3431356,324.4234615953911,1.5523401666527261,0
1596160403.3531356,326.2231165560234,1.5523401666527261,0
1596160403.3631356,328.02135531029586,1.5523401666527261,0
1596160403.3731356,329.8231560381401,1.5523401666527261,0
1596160403.3831356,331.6217810305107,1.5523401666527261,0
1596160403.3931355,333.4219938906181,1.5523401666527261,0
1596160403.4031355,335.221391359185,1.5523401666527261,0
1596160403.4131355,337.0228058489311,1.5523401666527261,0
1596160403.4231355,338.82258955559615,1.5523401666527261,0
1596160403.4331355,340.6229311617363,1.5523401666527261,0
1596160403.4431355,342.4216849001396,1.5523401666527261,0
1596160403.4531355,344.22348562798385,1.5523401666527261,0
1596160403.4631355,346.022024789666,1.5523401666527261,0
1596160403.4731355,347.82365385613326,1.5523401666527261,0
1596160403.4831355,349.6230942400444,1.5523401666527261,0
1596160403.4931355,351.42433706841354,1.5523401666527261,0
1596160403.5031354,353.2214600237358,1.5523401666527261,0
1596160403.5131354,355.02347532830123,1.5523401666527261,0
1596160403.5231354,356.8236452730644,1.5523401666527261,0
1596160403.5331354,358.6227852495659,1.5523401666527261,0
1596160403.540813,360,1.5523401666527261,1
1596160403.540813,0,0,0
1596160403.550813,1.8013715744018555,0,0
1596160403.560813,3.600940704345703,0,0
1596160403.570813,5.4001665115356445,0,0
1596160403.580813,7.202138900756836,0,0
1596160403.590813,9.002523422241211,0,0
1596160403.600813,10.800161361694336,0,0
1596160403.610813,12.601318359375,0,0
1596160403.6178432,13.865432739257812,0,0
1596160403.6178432,13.865432739257812,0,0
1596160403.620813,14.400629997253418,0,0
1596160403.630813,16.200714111328125,0,0
1596160403.6408129,18.00260066986084,0,0
1596160403.6508129,19.80010986328125,0,0
1596160403.6608129,21.600279808044434,0,0
1596160403.6708128,23.40036392211914,0,0
1596160403.6808128,25.20014762878418,0,0
1596160403.6908128,27.002248764038086,0,0
1596160403.7008128,28.80241870880127,0,0
1596160403.7108128,30.602245330810547,0,0
1596160403.7208128,32.402329444885254,0,0
1596160403.7308128,34.20151233673096,0,0
1596160403.7408128,36.001038551330566,0,0
1596160403.7508128,37.80077934265137,0,0
1596160403.7608128,39.60043430328369,0,0
1596160403.7708127,41.40214920043945,0,0
1596160403.7808127,43.20124626159668,0,0
1596160403.7908127,45.001888275146484,0,0
1596160403.8008127,46.80171489715576,0,0
1596160403.8108127,48.601884841918945,0,0
1596160403.8208127,50.40334224700928,0,0
1596160403.8308127,52.20106601715088,0,0
1596160403.8408127,54.00303840637207,0,0
1596160403.8508127,55.799946784973145,0,0
1596160403.8608127,57.600717544555664,0,0
1596160403.8708127,59.4001579284668,0,0
1596160403.8808126,61.20088577270508,0,0
1596160403.8908126,63.003244400024414,0,0
1596160403.9008126,64.8002815246582,0,0
1596160403.9108126,66.60208225250244,0,0
1596160403.9208126,68.40019226074219,0,0
1596160403.9308126,70.20014762878418,0,0
1596160403.9408126,72.00078964233398,0,0
1596160403.9508126,73.80224704742432,0,0
1596160403.9604802,75.54010391235352,0,0
1596160403.9604802,75.54010391235352,0,0
1596160403.9608126,75.60009956359863,0,0
1596160403.9708126,77.40129947662354,0,0
1596160403.9808125,79.20138359069824,0,0
1596160403.9908125,81.00262641906738,0,0
1596160404.0008125,82.803053855896,0,0
1596160404.0108125,84.60069179534912,0,0
1596160404.0208125,86.40322208404541,0,0
1596160404.0308125,88.20133209228516,0,0
1596160404.0408125,90.00038623809814,0,0
1596160404.0508125,91.80201530456543,0,0
1596160404.0608125,93.60171318054199,0,0
1596160404.0708125,95.40029525756836,0,0
1596160404.0808125,97.20192432403564,0,0
1596160404.0908124,99.00179386138916,0,0
1596160404.1008124,100.80299377441406,0,0
1596160404.1108124,102.60179042816162,0,0
1596160404.1208124,104.40191745758057,0,0
1596160404.1308124,106.20298862457275,0,0
1596160404.1408124,108.00285816192627,0,0
1596160404.1508124,109.80023860931396,0,0
1596160404.1608124,111.60251140594482,0,0
1596160404.1708124,113.40306758880615,0,0
1596160404.1808124,115.20216464996338,0,0
1596160404.1908123,117.00173377990723,0,0
1596160404.2008123,118.8032341003418,0,0
1596160404.2108123,120.60091495513916,0,0
1596160404.2208123,122.40005493164062,0,0
1596160404.2308123,124.20228481292725,0,0
1596160404.2408123,126.00266933441162,0,0
1596160404.2508123,127.80163764953613,0,0
1596160404.2608123,129.60069179534912,0,0
1596160404.2708123,131.40236377716064,0,0
1596160404.2808123,133.20253372192383,0,0
1596160404.2908123,135.0031328201294,0,0
1596160404.3008122,136.80047035217285,0,0
1596160404.3080487,138.10243606567383,0,0
1596160404.3080487,138.10243606567383,0,0
1596160404.3108122,138.60141277313232,0,0
1596160404.3208122,140.40059566497803,0,0
1596160404.3308122,142.2032117843628,0,0
1596160404.3408122,144.00132179260254,0,0
1596160404.3508122,145.80316543579102,0,0
1596160404.3608122,147.60174751281738,0,0
1596160404.3708122,149.402174949646,0,0
1596160404.3808122,151.2022590637207,0,0
1596160404.3908122,153.00260066986084,0,0
1596160404.4008121,154.80122566223145,0,0
1596160404.4108121,156.60096645355225,0,0
1596160404.4208121,158.40130805969238,0,0
1596160404.4308121,160.20122051239014,0,0
1596160404.440812,162.00134754180908,0,0
1596160404.450812,163.80220413208008,0,0
1596160404.460812,165.6017303466797,0,0
1596160404.470812,167.4012565612793,0,0
1596160404.480812,169.20172691345215,0,0
1596160404.490812,171.0025405883789,0,0
1596160404.500812,172.802152633667,0,0
1596160404.510812,174.60215091705322,0,0
1596160404.520812,176.40283584594727,0,0
1596160404.530812,178.2008171081543,0,0
1596160404.540812,180.00025749206543,0,0
1596160404.5507116,181.78175926208496,0,0
1596160404.5507116,181.78175926208496,0,0
1596160404.550812,181.80338859558105,0,0
1596160404.560812,183.60278606414795,0,0
1596160404.570812,185.40072441101074,0,0
1596160404.580812,187.2029972076416,0,0
1596160404.590812,189.00175094604492,0,0
1596160404.600812,190.8026933670044,0,0
1596160404.610812,192.60329246520996,0,0
1596160404.620812,194.40243244171143,0,0
1596160404.630812,196.2022590637207,0,0
1596160404.640812,198.00272941589355,0,0
1596160404.650812,199.80315685272217,0,0
1596160404.660812,201.6022539138794,0,0
1596160404.670812,203.40306758880615,0,0
1596160404.680812,205.20216464996338,0,0
1596160404.6908119,207.0012617111206,0,0
1596160404.7008119,208.8008737564087,0,0
1596160404.7108119,210.60082912445068,0,0
1596160404.7208118,212.40211486816406,0,0
1596160404.7308118,214.20073986053467,0,0
1596160404.7408118,216.00043773651123,0,0
1596160404.7508118,217.80086517333984,0,0
1596160404.7608118,219.60210800170898,0,0
1596160404.7708118,221.40004634857178,0,0
1596160404.7808118,223.20163249969482,0,0
1596160404.7908118,225.00261783599854,0,0
1596160404.8008118,226.80167198181152,0,0
1596160404.8108118,228.602614402771,0,0
1596160404.8208117,230.40278434753418,0,0
1596160404.8308117,232.2000789642334,0,0
1596160404.8408117,234.00243759155273,0,0
1596160404.8508117,235.8003330230713,0,0
1596160404.8608117,237.60320663452148,0,0
1596160404.8708117,239.40264701843262,0,0
1596160404.8808117,241.20221614837646,0,0
1596160404.8908117,243.0022144317627,0,0
1596160404.9008117,244.80315685272217,0,0
1596160404.9108117,246.60242557525635,0,0
1596160404.9208117,248.40070724487305,0,0
1596160404.9308116,250.20250797271729,0,0
1596160404.9408116,252.00040340423584,0,0
1596160404.9508116,253.80035877227783,0,0
1596160404.9608116,255.60147285461426,0,0
1596160404.9708116,257.400484085083,0,0
1596160404.9808116,259.2012548446655,0,0
1596160404.9908116,261.0033130645752,0,0
1596160405.0008116,262.8011226654053,0,0
1596160405.0108116,264.6018075942993,0,0
1596160405.0208116,266.40227794647217,0,0
1596160405.0308115,268.2028341293335,0,0
1596160405.0408115,270.00171661376953,0,0
1596160405.0508115,271.8005132675171,0,0
1596160405.0608115,273.6014986038208,0,0
1596160405.0708115,275.40016651153564,0,0
1596160405.0808115,277.20003604888916,0,0
1596160405.0908115,279.0017509460449,0,0
1596160405.1008115,280.8026075363159,0,0
1596160405.1108115,282.60204792022705,0,0
1596160405.1208115,284.40268993377686,0,0
1596160405.1308115,286.1998987197876,0,0
1596160405.1408114,288.0006694793701,0,0
1596160405.1508114,289.8016548156738,0,0
1596160405.1608114,291.60062313079834,0,0
1596160405.1708114,293.402681350708,0,0
1596160405.1808114,295.2009630203247,0,0
1596160405.1908114,297.00242042541504,0,0
1596160405.2008114,298.79992961883545,0,0
1596160405.2108114,300.60203075408936,0,0
1596160405.2208114,302.40185737609863,0,0
1596160405.2308114,304.20129776000977,0,0
1596160405.2408113,305.9997510910034,0,0
1596160405.2508113,307.8026247024536,0,0
1596160405.2608113,309.6018934249878,0,0
1596160405.2708113,311.40270709991455,0,0
1596160405.2808113,313.20000171661377,0,0
1596160405.2908113,315.00051498413086,0,0
1596160405.3008113,316.800856590271,0,0
1596160405.3108113,318.6012840270996,0,0
1596160405.3208113,320.39973735809326,0,0
1596160405.3308113,322.2030830383301,0,0
1596160405.3408113,324.00157928466797,0,0
1596160405.3508112,325.79981803894043,0,0
1596160405.3608112,327.6000738143921,0,0
1596160405.3708112,329.4016170501709,0,0
1596160405.3808112,331.1996841430664,0,0
1596160405.3908112,333.0023431777954,0,0
1596160405.4008112,334.802041053772,0,0
1596160405.4108112,336.60289764404297,0,0
1596160405.4208112,338.40173721313477,0,0
1596160405.4308112,340.20044803619385,0,0
1596160405.4408112,341.9999313354492,0,0
1596160405.4508111,343.80237579345703,0,0
1596160405.4608111,345.60112953186035,0,0
1596160405.4708111,347.3999261856079,0,0
1596160405.480811,349.20271396636963,0,0
1596160405.490811,350.99987983703613,0,0
1596160405.500811,352.801251411438,0,0
1596160405.510811,354.5996618270874,0,0
1596160405.520811,356.40172004699707,0,0
1596160405.530811,358.2025337219238,0,0
1596160405.5408237,360,0,1
1596160405.5408237,0,0,0
1596160405.5508237,144.99417376626562,0.7955200976855794,0
1596160405.5608237,146.79584574807714,0.7955200976855794,0
1596160405.5708237,148.5968739997251,0.7955200976855794,0
1596160405.5808237,150.39631438363622,0.7955200976855794,0
1596160405.5908237,152.19674182046484,0.7955200976855794,0
1596160405.6008236,153.99571013558935,0.7955200976855794,0
1596160405.6108236,155.79678130258154,0.7955200976855794,0
1596160405.6208236,157.596822501312,0.7955200976855794,0
1596160405.6308236,159.39519000161718,0.7955200976855794,0
1596160405.6408236,161.19488787759374,0.7955200976855794,0
1596160405.6508236,162.99617362130712,0.7955200976855794,0
1596160405.6608236,164.79698729623388,0.7955200976855794,0
1596160405.6708236,166.59544062722753,0.7955200976855794,0
1596160405.6808236,168.39509558785986,0.7955200976855794,0
1596160405.6908236,170.1964671622617,0.7955200976855794,0
1596160405.7008235,171.9957358847959,0.7955200976855794,0
1596160405.7108235,173.7947041999204,0.7955200976855794,0
1596160405.7208235,175.59538912881445,0.7955200976855794,0
1596160405.7308235,177.39371371377538,0.7955200976855794,0
1596160405.7408235,179.19405531991552,0.7955200976855794,0
1596160405.7508235,180.99392485726904,0.7955200976855794,0
1596160405.7608235,182.7950818549497,0.7955200976855794,0
1596160405.7708235,184.59430766213964,0.7955200976855794,0
1596160405.7808235,186.39469218362402,0.7955200976855794,0
1596160405.7908235,188.19413256753515,0.7955200976855794,0
1596160405.8008235,189.99451708901952,0.7955200976855794,0
1596160405.8108234,191.79687571633886,0.7955200976855794,0
1596160405.8208234,193.59382701028417,0.7955200976855794,0
1596160405.8308234,195.3951556693418,0.7955200976855794,0
1596160405.8408234,197.1961410056455,0.7955200976855794,0
1596160405.8508234,198.994208098541,0.7955200976855794,0
1596160405.8608234,200.79656672586034,0.7955200976855794,0
1596160405.8708234,202.5936896811826,0.7955200976855794,0
1596160405.8808234,204.39536166299413,0.7955200976855794,0
1596160405.8908234,206.19355750192236,0.7955200976855794,0
1596160405.9008234,207.9960448752744,0.7955200976855794,0
1596160405.9108233,209.79518485177587,0.7955200976855794,0
1596160405.9208233,211.5942819129331,0.7955200976855794,0
1596160405.9308233,213.39668345559667,0.7955200976855794,0
1596160405.9408233,215.1943213950498,0.7955200976855794,0
1596160405.9508233,216.99577880014013,0.7955200976855794,0
1596160405.9595664,218.56729579080175,0.7955200976855794,0
1596160405.9595664,218.56729579080175,0.7955200976855794,0
1596160405.9608233,218.79427504647802,0.7955200976855794,0
1596160405.9708233,220.59551787484716,0.7955200976855794,0
1596160405.9808233,222.3966319571836,0.7955200976855794,0
1596160405.9908233,224.19529986489843,0.7955200976855794,0
1596160406.0008233,225.9966714393003,0.7955200976855794,0
1596160406.0108232,227.7950818549497,0.7955200976855794,0
1596160406.0208232,229.59366393197607,0.7955200976855794,0
1596160406.0308232,231.39542174447607,0.7955200976855794,0
1596160406.0408232,233.1941754828794,0.7955200976855794,0
1596160406.0508232,234.99353003610204,0.7955200976855794,0
1596160406.0608232,236.79382872689794,0.7955200976855794,0
1596160406.0708232,238.59455657113622,0.7955200976855794,0
1596160406.0808232,240.39579939950536,0.7955200976855794,0
1596160406.0908232,242.1943385611875,0.7955200976855794,0
1596160406.1008232,243.99425101388525,0.7955200976855794,0
1596160406.1108232,245.79412055123876,0.7955200976855794,0
1596160406.1208231,247.59643626321386,0.7955200976855794,0
1596160406.1308231,249.39694953073095,0.7955200976855794,0
1596160406.1408231,251.19368624795507,0.7955200976855794,0
1596160406.150823,252.9960448752744,0.7955200976855794,0
1596160406.160823,254.79449820626806,0.7955200976855794,0
1596160406.170823,256.5955693732603,0.7955200976855794,0
1596160406.180823,258.3936364661558,0.7955200976855794,0
1596160406.190823,260.19646716226174,0.7955200976855794,0
1596160406.200823,261.996293784271,0.7955200976855794,0
1596160406.210823,263.79607749093606,0.7955200976855794,0
1596160406.220823,265.5941874991758,0.7955200976855794,0
1596160406.230823,267.39422869790627,0.7955200976855794,0
1596160406.240823,269.1948707114561,0.7955200976855794,0
1596160406.250823,270.9955556403501,0.7955200976855794,0
1596160406.260823,272.79688429940774,0.7955200976855794,0
1596160406.270823,274.5947797309263,0.7955200976855794,0
1596160406.280823,276.39516425241067,0.7955200976855794,0
1596160406.290823,278.1942613135679,0.7955200976855794,0
1596160406.300823,279.9950320731504,0.7955200976855794,0
1596160406.310823,281.7967898856504,0.7955200976855794,0
1596160406.320823,283.5959727774961,0.7955200976855794,0
1596160406.330823,285.3950269233091,0.7955200976855794,0
1596160406.340823,287.19558310617043,0.7955200976855794,0
1596160406.350823,288.99536681283547,0.7955200976855794,0
1596160406.360823,290.79622340310647,0.7955200976855794,0
1596160406.370823,292.5935609351499,0.7955200976855794,0
1596160406.380823,294.39420294869973,0.7955200976855794,0
1596160406.390823,296.1934716712339,0.7955200976855794,0
1596160406.4008229,297.99346995462014,0.7955200976855794,0
1596160406.4108229,299.7945411216123,0.7955200976855794,0
1596160406.4208229,301.59664225686623,0.7955200976855794,0
1596160406.4308228,303.39651179421975,0.7955200976855794,0
1596160406.4408228,305.193634749542,0.7955200976855794,0
1596160406.4508228,306.9951350699766,0.7955200976855794,0
1596160406.4608228,308.79676413644387,0.7955200976855794,0
1596160406.4708228,310.5963332663877,0.7955200976855794,0
1596160406.4808228,312.39590239633156,0.7955200976855794,0
1596160406.4908228,314.19594359506203,0.7955200976855794,0
1596160406.5008228,315.9963281165464,0.7955200976855794,0
1596160406.5108228,317.794953108917,0.7955200976855794,0
1596160406.5208228,319.5951230536802,0.7955200976855794,0
1596160406.5308228,321.3967521201475,0.7955200976855794,0
1596160406.5408227,323.1955058585508,0.7955200976855794,0
1596160406.5508227,324.9952466498716,0.7955200976855794,0
1596160406.550941,325.0147302161558,0.7955200976855794,0
1596160406.550941,325.0147302161558,0.7955200976855794,0
1596160406.5608227,326.79593157876565,0.7955200976855794,0
1596160406.5708227,328.5968310843809,0.7955200976855794,0
1596160406.5808227,330.39562773812844,0.7955200976855794,0
1596160406.5908227,332.19472479928567,0.7955200976855794,0
1596160406.6008227,333.99489474404885,0.7955200976855794,0
1596160406.6108227,335.7934768210752,0.7955200976855794,0
1596160406.6208227,337.5964362632139,0.7955200976855794,0
1596160406.6308227,339.3955333243711,0.7955200976855794,0
1596160406.6408226,341.19420123208596,0.7955200976855794,0
1596160406.6508226,342.99595904458596,0.7955200976855794,0
1596160406.6608226,344.7943694602354,0.7955200976855794,0
1596160406.6708226,346.5949256430967,0.7955200976855794,0
1596160406.6808226,348.39415145028664,0.7955200976855794,0
1596160406.6908226,350.19603800881936,0.7955200976855794,0
1596160406.7008226,351.9943625937803,0.7955200976855794,0
1596160406.7108226,353.7956483374937,0.7955200976855794,0
1596160406.7208226,355.5949599753721,0.7955200976855794,0
1596160406.7308226,357.39444327462746,0.7955200976855794,0
1596160406.7408226,359.19452738870217,0.7955200976855794,0
1596160406.74531,360,0.7955200976855794,1
1596160406.74531,0,0,0
1596160406.75531,191.97923223517296,1.056538663547456,0
1596160406.76531,193.78030340216515,1.056538663547456,0
1596160406.77531,195.57867090247032,1.056538663547456,0
1596160406.78531,197.38008539221642,1.056538663547456,0
1596160406.79531,199.17896787665245,1.056538663547456,0
1596160406.80531,200.9799961283004,1.056538663547456,0
1596160406.81531,202.7784065439498,1.056538663547456,0
1596160406.82531,204.57874815008995,1.056538663547456,0
1596160406.83531,206.37805978796837,1.056538663547456,0
1596160406.84531,208.17702810309288,1.056538663547456,0
1596160406.85531,209.97964422247765,1.056538663547456,0
1596160406.86531,211.77826921484825,1.056538663547456,0
1596160406.87531,213.58024160406944,1.056538663547456,0
1596160406.88531,215.3775791361129,1.056538663547456,0
1596160406.89531,217.1800235941207,1.056538663547456,0
1596160406.90531,218.97753278754112,1.056538663547456,0
1596160406.91531,220.77984849951622,1.056538663547456,0
1596160406.92531,222.577786846379,1.056538663547456,0
1596160406.93531,224.37890092871544,1.056538663547456,0
1596160406.9453099,226.17752592108604,1.056538663547456,0
1596160406.9553099,227.97997037909386,1.056538663547456,0
1596160406.9653099,229.77799455664513,1.056538663547456,0
1596160406.9753098,231.57966653845665,1.056538663547456,0
1596160406.9853098,233.3777765466964,1.056538663547456,0
1596160406.9953098,235.1796631052291,1.056538663547456,0
1596160407.0053098,236.97923223517296,1.056538663547456,0
1596160407.0153098,238.77918760321495,1.056538663547456,0
1596160407.0253098,240.57940046332237,1.056538663547456,0
1596160407.0353098,242.37935583136436,1.056538663547456,0
1596160407.0453098,244.1785816385543,1.056538663547456,0
1596160407.0553098,245.97733537695763,1.056538663547456,0
1596160407.0653098,247.77754823706505,1.056538663547456,0
1596160407.0673096,248.13687841437218,1.056538663547456,0
1596160407.0673096,248.13687841437218,1.056538663547456,0
1596160407.0753098,249.57874815008995,1.056538663547456,0
1596160407.0853097,251.37874643347618,1.056538663547456,0
1596160407.0953097,253.17758600256798,1.056538663547456,0
1596160407.1053097,254.9801592066085,1.056538663547456,0
1596160407.1153097,256.77861253760216,1.056538663547456,0
1596160407.1253097,258.5771516992843,1.056538663547456,0
1596160407.1353097,260.3789095117843,1.056538663547456,0
1596160407.1453097,262.1793369486129,1.056538663547456,0
1596160407.1553097,263.98015062353966,1.056538663547456,0
1596160407.1653097,265.7777027323043,1.056538663547456,0
1596160407.1753097,267.5778726770675,1.056538663547456,0
1596160407.1853096,269.37971632025597,1.056538663547456,0
1596160407.1953096,271.1775688364303,1.056538663547456,0
1596160407.2053096,272.9779962732589,1.056538663547456,0
1596160407.2153096,274.77735082648155,1.056538663547456,0
1596160407.2253096,276.57730619452354,1.056538663547456,0
1596160407.2353096,278.3770040705001,1.056538663547456,0
1596160407.2453096,280.17713109991905,1.056538663547456,0
1596160407.2553096,281.9771722986495,1.056538663547456,0
1596160407.2653096,283.77974550269005,1.056538663547456,0
1596160407.2753096,285.5777696802413,1.056538663547456,0
1596160407.2853096,287.3800853922164,1.056538663547456,0
1596160407.2953095,289.177809162358,1.056538663547456,0
1596160407.3053095,290.9792236521041,1.056538663547456,0
1596160407.3153095,292.7788356973922,1.056538663547456,0
1596160407.3253095,294.58007852576134,1.056538663547456,0
1596160407.3353095,296.37861768744347,1.056538663547456,0
1596160407.3453095,298.17878763220665,1.056538663547456,0
1596160407.3553095,299.97685472510216,1.056538663547456,0
1596160407.3653095,301.77814046881554,1.056538663547456,0
1596160407.3753095,303.57822458289024,1.056538663547456,0
1596160407.3853095,305.3769354059493,1.056538663547456,0
1596160407.3953094,307.17804948828575,1.056538663547456,0
1596160407.4053094,308.9784340097701,1.056538663547456,0
1596160407.4153094,310.77705900214073,1.056538663547456,0
1596160407.4253094,312.57860223791954,1.056538663547456,0
1596160407.4353094,314.37714139960167,1.056538663547456,0
1596160407.4453094,316.1782554819381,1.056538663547456,0
1596160407.4553094,317.9792408182418,1.056538663547456,0
1596160407.4653094,319.7787670328414,1.056538663547456,0
1596160407.4753094,321.58013860724327,1.056538663547456,0
1596160407.4853094,323.37683240912315,1.056538663547456,0
1596160407.4953094,325.17867605231163,1.056538663547456,0
1596160407.5053093,326.9800905420577,1.056538663547456,0
1596160407.5153093,328.7783292963302,1.056538663547456,0
1596160407.5253093,330.5791858866012,1.056538663547456,0
1596160407.5353093,332.3779396250045,1.056538663547456,0
1596160407.5453093,334.17819540045616,1.056538663547456,0
1596160407.5553093,335.9791807367599,1.056538663547456,0
1596160407.5653093,337.77823488257286,1.056538663547456,0
1596160407.5753093,339.5787910654342,1.056538663547456,0
1596160407.5853093,341.3788751795089,1.056538663547456,0
1596160407.5953093,343.177586002568,1.056538663547456,0
1596160407.6053092,344.9770263864791,1.056538663547456,0
1596160407.6153092,346.780028743962,1.056538663547456,0
1596160407.6253092,348.577280445317,1.056538663547456,0
1596160407.6353092,350.37989656470177,1.056538663547456,0
1596160407.6453092,352.17693368933556,1.056538663547456,0
1596160407.6553092,353.9774040415084,1.056538663547456,0
1596160407.6653092,355.77877561591026,1.056538663547456,0
1596160407.6753092,357.5798896982467,1.056538663547456,0
1596160407.6853092,359.37902967474815,1.056538663547456,0
1596160407.6887856,360,1.056538663547456,1
1596160407.6887856,0,0,0
1596160407.6987855,88.61420105674154,0.4822937355426884,0
1596160407.703645,89.4875712273348,0.4822937355426884,0
1596160407.703645,89.4875712273348,0.4822937355426884,0
1596160407.7087855,90.41587303855306,0.4822937355426884,0
1596160407.7187855,92.21647213675863,0.4822937355426884,0
1596160407.7287855,94.01290844657308,0.4822937355426884,0
1596160407.7387855,95.81509541251546,0.4822937355426884,0
1596160407.7487855,97.61603783347493,0.4822937355426884,0
1596160407.7587855,99.41625069358236,0.4822937355426884,0
1596160407.7687855,101.21406029441243,0.4822937355426884,0
1596160407.7787855,103.01294277884847,0.4822937355426884,0
1596160407.7887855,104.81624554374105,0.4822937355426884,0
1596160407.7987854,106.61298226096517,0.4822937355426884,0
1596160407.8087854,108.41405342795736,0.4822937355426884,0
1596160407.8187854,110.21336506583577,0.4822937355426884,0
1596160407.8287854,112.01374958732015,0.4822937355426884,0
1596160407.8387854,113.81469200827962,0.4822937355426884,0
1596160407.8487854,115.61469029166585,0.4822937355426884,0
1596160407.8587854,117.4146027443636,0.4822937355426884,0
1596160407.8687854,119.21284149863607,0.4822937355426884,0
1596160407.8787854,121.01468514182454,0.4822937355426884,0
1596160407.8887854,122.81528424003011,0.4822937355426884,0
1596160407.8987854,124.61622666098958,0.4822937355426884,0
1596160407.9087853,126.41330670096761,0.4822937355426884,0
1596160407.9187853,128.2140345452059,0.4822937355426884,0
1596160407.9287853,130.01441906669027,0.4822937355426884,0
1596160407.9387853,131.81343029715902,0.4822937355426884,0
1596160407.9487853,133.61458729483968,0.4822937355426884,0
1596160407.9550495,134.7403855202425,0.4822937355426884,0
1596160407.9550495,134.7403855202425,0.4822937355426884,0
1596160407.9587853,135.41574429252034,0.4822937355426884,0
1596160407.9687853,137.2143263695467,0.4822937355426884,0
1596160407.9787853,139.01299427726155,0.4822937355426884,0
1596160407.9887853,140.81453751304036,0.4822937355426884,0
1596160407.9987853,142.61346291282064,0.4822937355426884,0
1596160408.0087852,144.41419075705892,0.4822937355426884,0
1596160408.0187852,146.21620606162435,0.4822937355426884,0
1596160408.0287852,148.0141014931429,0.4822937355426884,0
1596160408.0387852,149.8149580834139,0.4822937355426884,0
1596160408.0487852,151.61306809165364,0.4822937355426884,0
1596160408.0587852,153.41456841208822,0.4822937355426884,0
1596160408.0687852,155.21611164786702,0.4822937355426884,0
1596160408.0787852,157.01310585715657,0.4822937355426884,0
1596160408.0887852,158.8147778389681,0.4822937355426884,0
1596160408.0987852,160.613274085306,0.4822937355426884,0
1596160408.1087852,162.4131436226595,0.4822937355426884,0
1596160408.1187851,164.21610306479818,0.4822937355426884,0
1596160408.1287851,166.01592968680745,0.4822937355426884,0
1596160408.1387851,167.81511257865316,0.4822937355426884,0
1596160408.148785,169.6151108620394,0.4822937355426884,0
1596160408.1564357,170.98990391471273,0.4822937355426884,0
1596160408.1564357,170.98990391471273,0.4822937355426884,0
1596160408.158785,171.41403626181966,0.4822937355426884,0
1596160408.168785,173.21390579917318,0.4822937355426884,0
1596160408.178785,175.01484822013265,0.4822937355426884,0
1596160408.188785,176.81377361991292,0.4822937355426884,0
1596160408.198785,178.6157460091341,0.4822937355426884,0
1596160408.208785,180.41449974753743,0.4822937355426884,0
1596160408.218785,182.21548508384114,0.4822937355426884,0
1596160408.228785,184.01501129844075,0.4822937355426884,0
1596160408.238785,185.81556748130208,0.4822937355426884,0
1596160408.248785,187.61457871177083,0.4822937355426884,0
1596160408.258785,189.41479157187825,0.4822937355426884,0
1596160408.268785,191.21620606162435,0.4822937355426884,0
1596160408.278785,193.0153460381258,0.4822937355426884,0
1596160408.288785,194.81367062308675,0.4822937355426884,0
1596160408.298785,196.61426972129232,0.4822937355426884,0
1596160408.308785,198.4133238671053,0.4822937355426884,0
1596160408.318785,200.21624039389974,0.4822937355426884,0
1596160408.328785,202.01460789420491,0.4822937355426884,0
1596160408.338785,203.8129753945101,0.4822937355426884,0
1596160408.348785,205.615076529764,0.4822937355426884,0
1596160408.358785,207.41451691367513,0.4822937355426884,0
1596160408.368785,209.21550224997884,0.4822937355426884,0
1596160408.378785,211.01481388785726,0.4822937355426884,0
1596160408.388785,212.81575630881673,0.4822937355426884,0
1596160408.3987849,214.61292217948323,0.4822937355426884,0
1596160408.4087849,216.41373585441,0.4822937355426884,0
1596160408.4187849,218.21343373038655,0.4822937355426884,0
1596160408.4287848,220.0159211037386,0.4822937355426884,0
1596160408.4387848,221.81338738181478,0.4822937355426884,0
1596160408.4487848,223.61308525779134,0.4822937355426884,0
1596160408.4587848,225.4159159538973,0.4822937355426884,0
1596160408.4687848,227.21582840659505,0.4822937355426884,0
1596160408.4787848,229.0135950920809,0.4822937355426884,0
1596160408.4887848,230.81565331199056,0.4822937355426884,0
1596160408.4987848,232.6132054207552,0.4822937355426884,0
1596160408.5087848,234.41603611686116,0.4822937355426884,0
1596160408.5187848,236.21577690818197,0.4822937355426884,0
1596160408.5287848,238.0129856941927,0.4822937355426884,0
1596160408.5387847,239.8134989617098,0.4822937355426884,0
1596160408.5487847,241.61371182181722,0.4822937355426884,0
1596160408.5587847,243.41594170310384,0.4822937355426884,0
1596160408.5687847,245.2158541558016,0.4822937355426884,0
1596160408.5787847,247.01319168784505,0.4822937355426884,0
1596160408.5887847,248.8154644844759,0.4822937355426884,0
1596160408.5987847,250.6156344292391,0.4822937355426884,0
1596160408.6087847,252.41271446921712,0.4822937355426884,0
1596160408.6187847,254.21507309653646,0.4822937355426884,0
1596160408.6287847,256.0140843270052,0.4822937355426884,0
1596160408.6387846,257.81373928763753,0.4822937355426884,0
1596160408.6487846,259.61408089377767,0.4822937355426884,0
1596160408.6587846,261.41613911368734,0.4822937355426884,0
1596160408.6687846,263.21523617484456,0.4822937355426884,0
1596160408.6787846,265.01295994498616,0.4822937355426884,0
1596160408.6887846,266.81360195853597,0.4822937355426884,0
1596160408.6987846,268.6160464165438,0.4822937355426884,0
1596160408.7087846,270.41282604911214,0.4822937355426884,0
1596160408.7187846,272.2157425759066,0.4822937355426884,0
1596160408.7287846,274.01453922965413,0.4822937355426884,0
1596160408.7302942,274.2844338295687,0.4822937355426884,0
1596160408.7302942,274.2844338295687,0.4822937355426884,0
1596160408.7387846,275.81294964530355,0.4822937355426884,0
1596160408.7487845,277.61457871177083,0.4822937355426884,0
1596160408.7587845,279.4141478417147,0.4822937355426884,0
1596160408.7687845,281.21431778647786,0.4822937355426884,0
1596160408.7787845,283.0154318688143,0.4822937355426884,0
1596160408.7887845,284.813713538431,0.4822937355426884,0
1596160408.7987845,286.6138834831942,0.4822937355426884,0
1596160408.8087845,288.413624274515,0.4822937355426884,0
1596160408.8187845,290.21469544150716,0.4822937355426884,0
1596160408.8287845,292.01396416404134,0.4822937355426884,0
1596160408.8387845,293.8135762093294,0.4822937355426884,0
1596160408.8487844,295.6128449318636,0.4822937355426884,0
1596160408.8587844,297.4150748131502,0.4822937355426884,0
1596160408.8687844,299.21279858329183,0.4822937355426884,0
1596160408.8787844,301.014770972513,0.4822937355426884,0
1596160408.8887844,302.8145975945223,0.4822937355426884,0
1596160408.8987844,304.6127934334505,0.4822937355426884,0
1596160408.9087844,306.4154524681795,0.4822937355426884,0
1596160408.9187844,308.21549366691,0.4822937355426884,0
1596160408.9287844,310.0151486275423,0.4822937355426884,0
1596160408.9387844,311.8148465035189,0.4822937355426884,0
1596160408.9487844,313.61342858054525,0.4822937355426884,0
1596160408.9587843,315.4129118798006,0.4822937355426884,0
1596160408.9687843,317.2132105705965,0.4822937355426884,0
1596160408.9787843,319.01398133017904,0.4822937355426884,0
1596160408.9887843,320.8158249733675,0.4822937355426884,0
1596160408.9987843,322.61457871177083,0.4822937355426884,0
1596160409.0087843,324.4126887200106,0.4822937355426884,0
1596160409.0187843,326.2148327706087,0.4822937355426884,0
1596160409.0287843,328.01491688468343,0.4822937355426884,0
1596160409.0387843,329.81568764426595,0.4822937355426884,0
1596160409.0487843,331.61474179007894,0.4822937355426884,0
1596160409.0587842,333.413452613138,0.4822937355426884,0
1596160409.0687842,335.21413754203206,0.4822937355426884,0
1596160409.0787842,337.01568077781087,0.4822937355426884,0
1596160409.0887842,338.815121161722,0.4822937355426884,0
1596160409.0987842,340.61546276786214,0.4822937355426884,0
1596160409.1087842,342.41331528403646,0.4822937355426884,0
1596160409.1187842,344.2153305886019,0.4822937355426884,0
1596160409.1287842,346.0127110359896,0.4822937355426884,0
1596160409.1387842,347.8144688484896,0.4822937355426884,0
1596160409.1487842,349.61360882499105,0.4822937355426884,0
1596160409.1587842,351.41502331473714,0.4822937355426884,0
1596160409.1687841,353.2143778679598,0.4822937355426884,0
1596160409.1787841,355.01587818839437,0.4822937355426884,0
1596160409.1887841,356.8147606728304,0.4822937355426884,0
1596160409.198784,358.6159605858553,0.4822937355426884,0
1596160409.2064986,360,0.4822937355426884,1
1596160409.2064986,0,0,0
1596160409.2164986,236.0358646455395,1.3012848578906655,0
1596160409.2264986,237.8326871934521,1.3012848578906655,0
1596160409.2364986,239.63251381546138,1.3012848578906655,0
1596160409.2464986,241.43615990310786,1.3012848578906655,0
1596160409.2564986,243.23276787429927,1.3012848578906655,0
1596160409.2664986,245.0314357820141,1.3012848578906655,0
1596160409.2764986,246.83559685379146,1.3012848578906655,0
1596160409.2864985,248.63177567154048,1.3012848578906655,0
1596160409.2964985,250.43525009781,1.3012848578906655,0
1596160409.3064985,252.23142891555904,1.3012848578906655,0
1596160409.3164985,254.03477459579585,1.3012848578906655,0
1596160409.3264985,255.83271294265865,1.3012848578906655,0
1596160409.3364985,257.635972792207,1.3012848578906655,0
1596160409.3464985,259.4343832078564,1.3012848578906655,0
1596160409.3564985,261.2312915864575,1.3012848578906655,0
1596160409.3664985,263.0317190232861,1.3012848578906655,0
1596160409.3764985,264.8354080262768,1.3012848578906655,0
1596160409.3864985,266.6349342408764,1.3012848578906655,0
1596160409.3964984,268.4358766618359,1.3012848578906655,0
1596160409.4064984,270.23141174942134,1.3012848578906655,0
1596160409.4164984,272.036173636018,1.3012848578906655,0
1596160409.4264984,273.8355281892407,1.3012848578906655,0
1596160409.4364984,275.6317070069897,1.3012848578906655,0
1596160409.4464984,277.4346664491284,1.3012848578906655,0
1596160409.4564984,279.2316606584179,1.3012848578906655,0
1596160409.4664984,281.0323026719677,1.3012848578906655,0
1596160409.4764984,282.83466129928706,1.3012848578906655,0
1596160409.4864984,284.6343591752636,1.3012848578906655,0
1596160409.4964983,286.4343145433056,1.3012848578906655,0
1596160409.5064983,288.23208122879146,1.3012848578906655,0
1596160409.5164983,290.0314357820141,1.3012848578906655,0
1596160409.5228772,291.17942124038814,1.3012848578906655,0
1596160409.5228772,291.17942124038814,1.3012848578906655,0
1596160409.5264983,291.83928757339595,1.3012848578906655,0
1596160409.5364983,293.63589554458736,1.3012848578906655,0
1596160409.5464983,295.43786793380855,1.3012848578906655,0
1596160409.5564983,297.23481922775386,1.3012848578906655,0
1596160409.5664983,299.03387337356685,1.3012848578906655,0
1596160409.5764983,300.83382874160884,1.3012848578906655,0
1596160409.5864983,302.63232498794673,1.3012848578906655,0
1596160409.5964983,304.43455486923335,1.3012848578906655,0
1596160409.6064982,306.2354972901928,1.3012848578906655,0
1596160409.6164982,308.03571015030025,1.3012848578906655,0
1596160409.6264982,309.83188896804927,1.3012848578906655,0
1596160409.6364982,311.63128643661616,1.3012848578906655,0
1596160409.6464982,313.4349754396069,1.3012848578906655,0
1596160409.6564982,315.23398667007564,1.3012848578906655,0
1596160409.6664982,317.03574448257564,1.3012848578906655,0
1596160409.6764982,318.83561401992915,1.3012848578906655,0
1596160409.6864982,320.6356552186596,1.3012848578906655,0
1596160409.6964982,322.4343660417187,1.3012848578906655,0
1596160409.7064981,324.23517971664546,1.3012848578906655,0
1596160409.7164981,326.03131561905025,1.3012848578906655,0
1596160409.7264981,327.8335884156811,1.3012848578906655,0
1596160409.736498,329.63122635513423,1.3012848578906655,0
1596160409.746498,331.4313533845532,1.3012848578906655,0
1596160409.756498,333.23328285843013,1.3012848578906655,0
1596160409.766498,335.0351265016186,1.3012848578906655,0
1596160409.776498,336.8347385469067,1.3012848578906655,0
1596160409.786498,338.63430767685054,1.3012848578906655,0
1596160409.796498,340.433447653352,1.3012848578906655,0
1596160409.806498,342.2350767198193,1.3012848578906655,0
1596160409.816498,344.03353005081294,1.3012848578906655,0
1596160409.826498,345.8349016252148,1.3012848578906655,0
1596160409.836498,347.6313808503735,1.3012848578906655,0
1596160409.846498,349.43455486923335,1.3012848578906655,0
1596160409.856498,351.2333515229809,1.3012848578906655,0
1596160409.866498,353.031161123811,1.3012848578906655,0
1596160409.876498,354.83141689926265,1.3012848578906655,0
1596160409.886498,356.63532047897456,1.3012848578906655,0
1596160409.896498,358.4337738099682,1.3012848578906655,0
1596160409.9052165,360,1.3012848578906655,1
1596160409.9052165,0,0,0
1596160409.9152164,103.67297084954632,0.5659538061435163,0
1596160409.9252164,105.47275455621136,0.5659538061435163,0
1596160409.9352164,107.27408321526897,0.5659538061435163,0
1596160409.9452164,109.07232196954143,0.5659538061435163,0
1596160409.9552164,110.87214859155071,0.5659538061435163,0
1596160409.9652164,112.67279060510052,0.5659538061435163,0
1596160409.9752164,114.47180183556927,0.5659538061435163,0
1596160409.9852164,116.2738171401347,0.5659538061435163,0
1596160409.9952164,118.07394416955364,0.5659538061435163,0
