Type = Reachback Firefly,Function = Reachback Firefly (ln/e^),Refract = 0,Epsilon = 0.3,Start_phase = 147
Timestamp,Phase,Offset,Ping?
1596160445,147,0,0
1596160445.01,148.79729461669922,0.8166666666666667,0
1596160445.02,150.59660625457764,0.8166666666666667,0
1596160445.03,152.39849281311035,0.8166666666666667,0
1596160445.04,154.19947814941406,0.8166666666666667,0
1596160445.05,155.99707317352295,0.8166666666666667,0
1596160445.06,157.79861640930176,0.8166666666666667,0
1596160445.07,159.59925842285156,0.8166666666666667,0
1596160445.08,161.39719676971436,0.8166666666666667,0
1596160445.09,163.19874000549316,0.8166666666666667,0
1596160445.1,164.99603462219238,0.8166666666666667,0
1596160445.11,166.7979211807251,0.8166666666666667,0
1596160445.12,168.59864902496338,0.8166666666666667,0
1596160445.1299999,170.39714527130127,0.8166666666666667,0
1596160445.1399999,172.19654273986816,0.8166666666666667,0
1596160445.1499999,173.9959831237793,0.8166666666666667,0
1596160445.1599998,175.79623889923096,0.8166666666666667,0
1596160445.1699998,177.59795379638672,0.8166666666666667,0
1596160445.1799998,179.39872455596924,0.8166666666666667,0
1596160445.1899998,181.1982078552246,0.8166666666666667,0
1596160445.1999998,182.99820613861084,0.8166666666666667,0
1596160445.2099998,184.79829025268555,0.8166666666666667,0
1596160445.2199998,186.5961856842041,0.8166666666666667,0
1596160445.2299998,188.39687061309814,0.8166666666666667,0
1596160445.2399998,190.19871425628662,0.8166666666666667,0
1596160445.2499998,191.99648094177246,0.8166666666666667,0
1596160445.2599998,193.7962646484375,0.8166666666666667,0
1596160445.2699997,195.5991382598877,0.8166666666666667,0
1596160445.2799997,197.39694786071777,0.8166666666666667,0
1596160445.2899997,199.19900608062744,0.8166666666666667,0
1596160445.2999997,200.99638652801514,0.8166666666666667,0
1596160445.3099997,202.79874515533447,0.8166666666666667,0
1596160445.3199997,204.59642601013184,0.8166666666666667,0
1596160445.3299997,206.39844131469727,0.8166666666666667,0
1596160445.3399997,208.19882583618164,0.8166666666666667,0
1596160445.3499997,209.99624919891357,0.8166666666666667,0
1596160445.3599997,211.79890823364258,0.8166666666666667,0
1596160445.3699996,213.5962028503418,0.8166666666666667,0
1596160445.3799996,215.39620113372803,0.8166666666666667,0
1596160445.3899996,217.19722938537598,0.8166666666666667,0
1596160445.3999996,218.99885845184326,0.8166666666666667,0
1596160445.4099996,220.796067237854,0.8166666666666667,0
1596160445.4199996,222.59619426727295,0.8166666666666667,0
1596160445.4299996,224.39915370941162,0.8166666666666667,0
1596160445.4399996,226.19687747955322,0.8166666666666667,0
1596160445.4499996,227.9967041015625,0.8166666666666667,0
1596160445.4599996,229.79820442199707,0.8166666666666667,0
1596160445.4699996,231.5959711074829,0.8166666666666667,0
1596160445.4799995,233.39665603637695,0.8166666666666667,0
1596160445.4899995,235.19819927215576,0.8166666666666667,0
1596160445.4999995,236.9978542327881,0.8166666666666667,0
1596160445.5099995,238.79780960083008,0.8166666666666667,0
1596160445.5199995,240.5978078842163,0.8166666666666667,0
1596160445.5299995,242.39930820465088,0.8166666666666667,0
1596160445.5399995,244.19831943511963,0.8166666666666667,0
1596160445.5499995,245.99642944335938,0.8166666666666667,0
1596160445.5599995,247.79651355743408,0.8166666666666667,0
1596160445.5699995,249.59591102600098,0.8166666666666667,0
1596160445.5799994,251.39818382263184,0.8166666666666667,0
1596160445.5899994,253.1959934234619,0.8166666666666667,0
1596160445.5999994,254.9963779449463,0.8166666666666667,0
1596160445.6099994,256.79865074157715,0.8166666666666667,0
1596160445.6199994,258.5993356704712,0.8166666666666667,0
1596160445.6299994,260.3967161178589,0.8166666666666667,0
1596160445.6399994,262.1983880996704,0.8166666666666667,0
1596160445.6499994,263.99714183807373,0.8166666666666667,0
1596160445.6599994,265.7989854812622,0.8166666666666667,0
1596160445.6699994,267.5964946746826,0.8166666666666667,0
1596160445.6799994,269.3987674713135,0.8166666666666667,0
1596160445.6899993,271.1960620880127,0.8166666666666667,0
1596160445.6999993,272.9960174560547,0.8166666666666667,0
1596160445.7099993,274.79906272888184,0.8166666666666667,0
1596160445.7199993,276.5970869064331,0.8166666666666667,0
1596160445.7299993,278.3977289199829,0.8166666666666667,0
1596160445.7399993,280.1978130340576,0.8166666666666667,0
1596160445.7499993,281.9993133544922,0.8166666666666667,0
1596160445.7599993,283.7973804473877,0.8166666666666667,0
1596160445.7699993,285.5968208312988,0.8166666666666667,0
1596160445.7799993,287.3990936279297,0.8166666666666667,0
1596160445.7899992,289.19879150390625,0.8166666666666667,0
1596160445.7999992,290.9983606338501,0.8166666666666667,0
1596160445.8099992,292.79840183258057,0.8166666666666667,0
1596160445.8199992,294.5962972640991,0.8166666666666667,0
1596160445.8299992,296.39784049987793,0.8166666666666667,0
1596160445.8399992,298.19728088378906,0.8166666666666667,0
1596160445.8499992,299.9990816116333,0.8166666666666667,0
1596160445.8599992,301.7986078262329,0.8166666666666667,0
1596160445.8699992,303.59894943237305,0.8166666666666667,0
1596160445.8799992,305.3967590332031,0.8166666666666667,0
1596160445.8899992,307.1988172531128,0.8166666666666667,0
1596160445.8999991,308.9965410232544,0.8166666666666667,0
1596160445.9099991,310.79825592041016,0.8166666666666667,0
1596160445.9199991,312.5963659286499,0.8166666666666667,0
1596160445.929999,314.3973512649536,0.8166666666666667,0
1596160445.939999,316.19769287109375,0.8166666666666667,0
1596160445.949999,317.9960603713989,0.8166666666666667,0
1596160445.959999,319.79683113098145,0.8166666666666667,0
1596160445.969999,321.5960569381714,0.8166666666666667,0
1596160445.979999,323.3958406448364,0.8166666666666667,0
1596160445.989999,325.19849967956543,0.8166666666666667,0
1596160445.999999,326.9978971481323,0.8166666666666667,0
1596160446.009999,328.79776668548584,0.8166666666666667,0
1596160446.019999,330.59819412231445,0.8166666666666667,0
1596160446.026255,331.7218894958496,0.8166666666666667,0
1596160446.026255,331.7218894958496,0.8166666666666667,0
1596160446.029999,332.3959608078003,0.8166666666666667,0
1596160446.039999,334.1968173980713,0.8166666666666667,0
1596160446.049999,335.9959144592285,0.8166666666666667,0
1596160446.059999,337.79758644104004,0.8166666666666667,0
1596160446.069999,339.59689807891846,0.8166666666666667,0
1596160446.079999,341.39857006073,0.8166666666666667,0
1596160446.089999,343.197452545166,0.8166666666666667,0
1596160446.099999,344.9963779449463,0.8166666666666667,0
1596160446.109999,346.79920864105225,0.8166666666666667,0
1596160446.119999,348.59680366516113,0.8166666666666667,0
1596160446.129999,350.39701652526855,0.8166666666666667,0
1596160446.139999,352.1967144012451,0.8166666666666667,0
1596160446.149999,353.99739933013916,0.8166666666666667,0
1596160446.159999,355.7989854812622,0.8166666666666667,0
1596160446.169999,357.59653759002686,0.8166666666666667,0
1596160446.1799989,359.3984670639038,0.8166666666666667,0
1596160446.1833682,360,0.8166666666666667,1
1596160446.1833682,0,0,0
1596160446.1933682,117.85775417975357,0.6447545816993145,0
1596160446.2033682,119.65728039435318,0.6447545816993145,0
1596160446.2133682,121.45586247137955,0.6447545816993145,0
1596160446.2233682,123.2574486225026,0.6447545816993145,0
1596160446.2333682,125.05706066779068,0.6447545816993145,0
1596160446.2433681,126.85684437445572,0.6447545816993145,0
1596160446.2533681,128.6577867954152,0.6447545816993145,0
1596160446.2633681,130.4592012851613,0.6447545816993145,0
1596160446.2733681,132.25718254736833,0.6447545816993145,0
1596160446.283368,134.05602211646013,0.6447545816993145,0
1596160446.293368,135.85679287604265,0.6447545816993145,0
1596160446.303368,137.65764946631364,0.6447545816993145,0
1596160446.313368,139.45636028937272,0.6447545816993145,0
1596160446.323368,141.2573027103322,0.6447545816993145,0
1596160446.333368,143.0568289249318,0.6447545816993145,0
1596160446.343368,144.85695595435075,0.6447545816993145,0
1596160446.353368,146.65807003668718,0.6447545816993145,0
1596160446.363368,148.45630879095964,0.6447545816993145,0
1596160446.373368,150.25729412726335,0.6447545816993145,0
1596160446.383368,152.058451124944,0.6447545816993145,0
1596160446.393368,153.85656113318376,0.6447545816993145,0
1596160446.403368,155.65733189276628,0.6447545816993145,0
1596160446.413368,157.45599980048112,0.6447545816993145,0
1596160446.423368,159.259173819341,0.6447545816993145,0
1596160446.428884,160.24867291144304,0.6447545816993145,0
1596160446.428884,160.24867291144304,0.6447545816993145,0
1596160446.433368,161.05921501807146,0.6447545816993145,0
1596160446.443368,162.85852665594987,0.6447545816993145,0
1596160446.453368,164.6562933414357,0.6447545816993145,0
1596160446.463368,166.45775074652605,0.6447545816993145,0
1596160446.473368,168.25590367011003,0.6447545816993145,0
1596160446.483368,170.05869145087175,0.6447545816993145,0
1596160446.493368,171.85899014166765,0.6447545816993145,0
1596160446.503368,173.6587738483327,0.6447545816993145,0
1596160446.513368,175.4580854862111,0.6447545816993145,0
1596160446.523368,177.25855583838396,0.6447545816993145,0
1596160446.5333679,179.05593628577165,0.6447545816993145,0
1596160446.5433679,180.85893864325456,0.6447545816993145,0
1596160446.5533679,182.65915150336198,0.6447545816993145,0
1596160446.5633678,184.45726151160173,0.6447545816993145,0
1596160446.5733678,186.2578606098073,0.6447545816993145,0
1596160446.5833678,188.05845970801286,0.6447545816993145,0
1596160446.5933678,189.85639805487565,0.6447545816993145,0
1596160446.6033678,191.657855459966,0.6447545816993145,0
1596160446.6133678,193.45600838354997,0.6447545816993145,0
1596160446.6233678,195.2562212436574,0.6447545816993145,0
1596160446.6333678,197.05815071753435,0.6447545816993145,0
1596160446.6433678,198.85870690039567,0.6447545816993145,0
1596160446.6533678,200.6585764377492,0.6447545816993145,0
1596160446.6633677,202.45904678992204,0.6447545816993145,0
1596160446.6733677,204.2589592426198,0.6447545816993145,0
1596160446.6833677,206.05767006567888,0.6447545816993145,0
1596160446.6933677,207.85685295752458,0.6447545816993145,0
1596160446.7033677,209.65732330969743,0.6447545816993145,0
1596160446.7133677,211.45852322272233,0.6447545816993145,0
1596160446.7233677,213.25895065955095,0.6447545816993145,0
1596160446.7333677,215.05710358313493,0.6447545816993145,0
1596160446.7433677,216.85808891943864,0.6447545816993145,0
1596160446.7533677,218.6577867954152,0.6447545816993145,0
1596160446.7633677,220.4579567401784,0.6447545816993145,0
1596160446.7733676,222.258384177007,0.6447545816993145,0
1596160446.7833676,224.05670876196794,0.6447545816993145,0
1596160446.7933676,225.8558487384694,0.6447545816993145,0
1596160446.8033676,227.65666241339616,0.6447545816993145,0
1596160446.8133676,229.45820564917497,0.6447545816993145,0
1596160446.8233676,231.25631565741472,0.6447545816993145,0
1596160446.8333676,233.05575604132585,0.6447545816993145,0
1596160446.8433676,234.8560118167775,0.6447545816993145,0
1596160446.8533676,236.65871376685075,0.6447545816993145,0
1596160446.8633676,238.45755333594255,0.6447545816993145,0
1596160446.8733675,240.25626415900163,0.6447545816993145,0
1596160446.8833675,242.05716366461687,0.6447545816993145,0
1596160446.8933675,243.85759110144548,0.6447545816993145,0
1596160446.9033675,245.6587051837819,0.6447545816993145,0
1596160446.9133675,247.45853180579118,0.6447545816993145,0
1596160446.9233675,249.25771469763689,0.6447545816993145,0
1596160446.9333675,251.05595345190935,0.6447545816993145,0
1596160446.9433675,252.85646671942644,0.6447545816993145,0
1596160446.9533675,254.65663666418962,0.6447545816993145,0
1596160446.9633675,256.45599121741225,0.6447545816993145,0
1596160446.9733675,258.2585644214528,0.6447545816993145,0
1596160446.9833674,260.05624527625014,0.6447545816993145,0
1596160446.9933674,261.85701603583266,0.6447545816993145,0
1596160447.0033674,263.6556839435475,0.6447545816993145,0
1596160447.0133674,265.45615429572035,0.6447545816993145,0
1596160447.0233674,267.2570967166798,0.6447545816993145,0
1596160447.0333674,269.05597920111586,0.6447545816993145,0
1596160447.0433674,270.8582519977467,0.6447545816993145,0
1596160447.0533674,272.65576119116713,0.6447545816993145,0
1596160447.0633674,274.45696110419203,0.6447545816993145,0
1596160447.0733674,276.25876183203627,0.6447545816993145,0
1596160447.0833673,278.05734390906264,0.6447545816993145,0
1596160447.0933673,279.8583721607106,0.6447545816993145,0
1596160447.1033673,281.65648216895033,0.6447545816993145,0
1596160447.1133673,283.4569954364674,0.6447545816993145,0
1596160447.1233673,285.2589678256886,0.6447545816993145,0
1596160447.1333673,287.05888027838637,0.6447545816993145,0
1596160447.1433673,288.8562178104298,0.6447545816993145,0
1596160447.1533673,290.65643067053725,0.6447545816993145,0
1596160447.1633673,292.4562572925465,0.6447545816993145,0
1596160447.1733673,294.25724262885024,0.6447545816993145,0
1596160447.1833673,296.05612511328627,0.6447545816993145,0
1596160447.1933672,297.85685295752455,0.6447545816993145,0
1596160447.2033672,299.65637917212416,0.6447545816993145,0
1596160447.2133672,301.4587377994435,0.6447545816993145,0
1596160447.2233672,303.2569336383717,0.6447545816993145,0
1596160447.2333672,305.056760260381,0.6447545816993145,0
1596160447.2433672,306.85868973425795,0.6447545816993145,0
1596160447.2489998,307.8695177524464,0.6447545816993145,0
1596160447.2489998,307.8695177524464,0.6447545816993145,0
1596160447.2533672,308.6583876102345,0.6447545816993145,0
1596160447.2633672,310.4567551105397,0.6447545816993145,0
1596160447.2733672,312.2586416690724,0.6447545816993145,0
1596160447.2833672,314.0570520847218,0.6447545816993145,0
1596160447.2933671,315.85803742102553,0.6447545816993145,0
1596160447.3033671,317.65580410651137,0.6447545816993145,0
1596160447.3133671,319.4563602893727,0.6447545816993145,0
1596160447.323367,321.2590193241017,0.6447545816993145,0
1596160447.333367,323.0556272952931,0.6447545816993145,0
1596160447.343367,324.85798592261244,0.6447545816993145,0
1596160447.353367,326.65704006842543,0.6447545816993145,0
1596160447.363367,328.4557508914845,0.6447545816993145,0
1596160447.373367,330.25755161932875,0.6447545816993145,0
1596160447.383367,332.05716366461684,0.6447545816993145,0
1596160447.393367,333.8587927310841,0.6447545816993145,0
1596160447.403367,335.6584906070607,0.6447545816993145,0
1596160447.413367,337.45608563116957,0.6447545816993145,0
1596160447.423367,339.2576288669484,0.6447545816993145,0
1596160447.433367,341.0572838275807,0.6447545816993145,0
1596160447.443367,342.8568100421803,0.6447545816993145,0
1596160447.453367,344.6558641879933,0.6447545816993145,0
1596160447.463367,346.45757908514906,0.6447545816993145,0
1596160447.473367,348.25877899817397,0.6447545816993145,0
1596160447.483367,350.0559877841847,0.6447545816993145,0
1596160447.493367,351.85826058081557,0.6447545816993145,0
1596160447.503367,353.6568855731862,0.6447545816993145,0
1596160447.513367,355.4567980258839,0.6447545816993145,0
1596160447.523367,357.2564959018605,0.6447545816993145,0
1596160447.533367,359.0558075397389,0.6447545816993145,0
1596160447.5386312,360,0.6447545816993145,1
1596160447.5386312,0,0,0
1596160447.5486312,165.57621441126395,0.9098626221683581,0
1596160447.5586312,167.3775859856658,0.9098626221683581,0
1596160447.5686312,169.17724094629813,0.9098626221683581,0
1596160447.5786312,170.97599468470145,0.9098626221683581,0
1596160447.5886312,172.7782674813323,0.9098626221683581,0
1596160447.5986311,174.57659206629324,0.9098626221683581,0
1596160447.6086311,176.37843570948172,0.9098626221683581,0
1596160447.6186311,178.17585907221365,0.9098626221683581,0
1596160447.628631,179.9780031228118,0.9098626221683581,0
1596160447.638631,181.7757268929534,0.9098626221683581,0
1596160447.648631,183.57830009699393,0.9098626221683581,0
1596160447.658631,185.3755517983489,0.9098626221683581,0
1596160447.668631,187.1777387642913,0.9098626221683581,0
1596160447.678631,188.97820911646414,0.9098626221683581,0
1596160447.688631,190.7755466485076,0.9098626221683581,0
1596160447.698631,192.57859192133475,0.9098626221683581,0
1596160447.708631,194.37597236872244,0.9098626221683581,0
1596160447.718631,196.177472689157,0.9098626221683581,0
1596160447.728631,197.97644100428153,0.9098626221683581,0
1596160447.738631,199.7777267479949,0.9098626221683581,0
1596160447.748631,201.57536468744803,0.9098626221683581,0
1596160447.758631,203.37532005549002,0.9098626221683581,0
1596160447.768631,205.17669162989188,0.9098626221683581,0
1596160447.778631,206.9772478127532,0.9098626221683581,0
1596160447.788631,208.7764307045989,0.9098626221683581,0
1596160447.798631,210.57848892450858,0.9098626221683581,0
1596160447.808631,212.37548313379813,0.9098626221683581,0
1596160447.818631,214.1769834542327,0.9098626221683581,0
1596160447.828631,215.97659549952078,0.9098626221683581,0
1596160447.838631,217.77586422205496,0.9098626221683581,0
1596160447.848631,219.57573375940848,0.9098626221683581,0
1596160447.858631,221.378306963449,0.9098626221683581,0
1596160447.868631,223.17521534205008,0.9098626221683581,0
1596160447.8786309,224.97748813868094,0.9098626221683581,0
1596160447.8886309,226.77770099878836,0.9098626221683581,0
1596160447.8986309,228.57611141443778,0.9098626221683581,0
1596160447.9086308,230.37658176661063,0.9098626221683581,0
1596160447.9186308,232.17692337275076,0.9098626221683581,0
1596160447.9286308,233.9761491799407,0.9098626221683581,0
1596160447.9386308,235.77567539454031,0.9098626221683581,0
1596160447.9486308,237.5760599160247,0.9098626221683581,0
1596160447.9586308,239.37863312006522,0.9098626221683581,0
1596160447.9686308,241.1773439431243,0.9098626221683581,0
1596160447.9786308,242.97717056513358,0.9098626221683581,0
1596160447.9886308,244.77811298609305,0.9098626221683581,0
1596160447.9986308,246.57815418482352,0.9098626221683581,0
1596160448.0086308,248.3777662301116,0.9098626221683581,0
1596160448.0186307,250.1775070214324,0.9098626221683581,0
1596160448.0265775,251.6056009316497,0.9098626221683581,0
1596160448.0265775,251.6056009316497,0.9098626221683581,0
1596160448.0286307,251.97754822016287,0.9098626221683581,0
1596160448.0386307,253.77827606440115,0.9098626221683581,0
1596160448.0486307,255.57827434778739,0.9098626221683581,0
1596160448.0586307,257.37788639307547,0.9098626221683581,0
1596160448.0686307,259.17818508387137,0.9098626221683581,0
1596160448.0786307,260.97779712915946,0.9098626221683581,0
1596160448.0886307,262.77706585169364,0.9098626221683581,0
1596160448.0986307,264.5766778969817,0.9098626221683581,0
1596160448.1086307,266.3771911644988,0.9098626221683581,0
1596160448.1186306,268.1783481621795,0.9098626221683581,0
1596160448.1286306,269.9778743767791,0.9098626221683581,0
1596160448.1386306,271.7764993691497,0.9098626221683581,0
1596160448.1486306,273.57572517633963,0.9098626221683581,0
1596160448.1586306,275.3766675972991,0.9098626221683581,0
1596160448.1686306,277.17722378016043,0.9098626221683581,0
1596160448.1786306,278.97520504236746,0.9098626221683581,0
1596160448.1886306,280.77752075434256,0.9098626221683581,0
1596160448.1986306,282.5764032387786,0.9098626221683581,0
1596160448.2086306,284.3756719613128,0.9098626221683581,0
1596160448.2186306,286.17751560450125,0.9098626221683581,0
1596160448.2286305,287.9784580254607,0.9098626221683581,0
1596160448.2386305,289.7776409173064,0.9098626221683581,0
1596160448.2486305,291.57862625361014,0.9098626221683581,0
1596160448.2586305,293.3775516533904,0.9098626221683581,0
1596160448.2686305,295.1778074288421,0.9098626221683581,0
1596160448.2786305,296.9762607598357,0.9098626221683581,0
1596160448.2886305,298.776087381845,0.9098626221683581,0
1596160448.2986305,300.57552776575614,0.9098626221683581,0
1596160448.3086305,302.3781438851409,0.9098626221683581,0
1596160448.3186305,304.17792759180594,0.9098626221683581,0
1596160448.3286304,305.97848377466727,0.9098626221683581,0
1596160448.3386304,307.7759071373992,0.9098626221683581,0
1596160448.3486304,309.57714996576834,0.9098626221683581,0
1596160448.3586304,311.3778348946624,0.9098626221683581,0
1596160448.3686304,313.17564449549246,0.9098626221683581,0
1596160448.3786304,314.9770160698943,0.9098626221683581,0
1596160448.3886304,316.77546940088797,0.9098626221683581,0
1596160448.3986304,318.5759397530608,0.9098626221683581,0
1596160448.4086304,320.3773113274627,0.9098626221683581,0
1596160448.4186304,322.1777387642913,0.9098626221683581,0
1596160448.4286304,323.9762779259734,0.9098626221683581,0
1596160448.4386303,325.7755466485076,0.9098626221683581,0
1596160448.4486303,327.5763174080901,0.9098626221683581,0
1596160448.4586303,329.3758007073455,0.9098626221683581,0
1596160448.4686303,331.1751981759124,0.9098626221683581,0
1596160448.4786303,332.9754968667083,0.9098626221683581,0
1596160448.4886303,334.7774692559295,0.9098626221683581,0
1596160448.4986303,336.578240015512,0.9098626221683581,0
1596160448.5086303,338.37635002375174,0.9098626221683581,0
1596160448.5186303,340.1765199685149,0.9098626221683581,0
1596160448.5286303,341.97673282862235,0.9098626221683581,0
1596160448.5386302,343.7782331490569,0.9098626221683581,0
1596160448.5486302,345.5765148186736,0.9098626221683581,0
1596160448.5586302,347.37694225550223,0.9098626221683581,0
1596160448.5686302,349.17625389338065,0.9098626221683581,0
1596160448.5786302,350.97822628260184,0.9098626221683581,0
1596160448.5886302,352.77762375116873,0.9098626221683581,0
1596160448.5986302,354.57637748957205,0.9098626221683581,0
1596160448.6086302,356.3765903496795,0.9098626221683581,0
1596160448.6186302,358.17628822565604,0.9098626221683581,0
1596160448.6286302,359.9775739693694,0.9098626221683581,0
1596160448.628782,360,0.9098626221683581,1
1596160448.628782,0,0,0
1596160448.638782,89.82935204818509,0.4890357528966147,0
1596160448.648782,91.6292215855386,0.4890357528966147,0
1596160448.658782,93.42831864669583,0.4890357528966147,0
1596160448.668782,95.22737279250882,0.4890357528966147,0
1596160448.678782,97.02702775314114,0.4890357528966147,0
1596160448.688782,98.82754102065823,0.4890357528966147,0
1596160448.698782,100.62822594955227,0.4890357528966147,0
1596160448.708782,102.42916837051175,0.4890357528966147,0
1596160448.718782,104.22766461684964,0.4890357528966147,0
1596160448.728782,106.0273624928262,0.4890357528966147,0
1596160448.738782,107.82972112014554,0.4890357528966147,0
1596160448.748782,109.62890401199124,0.4890357528966147,0
1596160448.758782,111.42984643295071,0.4890357528966147,0
1596160448.768782,113.22842850997708,0.4890357528966147,0
1596160448.778782,115.02743974044583,0.4890357528966147,0
1596160448.788782,116.82855382278225,0.4890357528966147,0
1596160448.7987819,118.62893834426663,0.4890357528966147,0
1596160448.8087819,120.42790665939114,0.4890357528966147,0
1596160448.8187819,122.22811951949856,0.4890357528966147,0
1596160448.8287818,124.02786031081936,0.4890357528966147,0
1596160448.8387818,125.82841649368069,0.4890357528966147,0
1596160448.8487818,127.62815728500149,0.4890357528966147,0
1596160448.8587818,129.42639603927395,0.4890357528966147,0
1596160448.8592405,129.5089651615884,0.4890357528966147,0
1596160448.8592405,129.5089651615884,0.4890357528966147,0
1596160448.8687818,131.22699513747952,0.4890357528966147,0
1596160448.8787818,133.02665009811184,0.4890357528966147,0
1596160448.8887818,134.8287083180215,0.4890357528966147,0
1596160448.8987818,136.6284491093423,0.4890357528966147,0
1596160448.9087818,138.42776074722073,0.4890357528966147,0
1596160448.9187818,140.22921815231106,0.4890357528966147,0
1596160448.9287817,142.02986016586087,0.4890357528966147,0
1596160448.9387817,143.8276268513467,0.4890357528966147,0
1596160448.9487817,145.62805428817532,0.4890357528966147,0
1596160448.9587817,147.42715134933255,0.4890357528966147,0
1596160448.9687817,149.22646298721097,0.4890357528966147,0
1596160448.9787817,151.02822079971097,0.4890357528966147,0
1596160448.9887817,152.82714619949124,0.4890357528966147,0
1596160448.9987817,154.62675824477932,0.4890357528966147,0
1596160449.0087817,156.429717686918,0.4890357528966147,0
1596160449.0187817,158.22714104964993,0.4890357528966147,0
1596160449.0287817,160.0289846928384,0.4890357528966147,0
1596160449.0387816,161.82640805557034,0.4890357528966147,0
1596160449.0487816,163.62953915908597,0.4890357528966147,0
1596160449.0587816,165.42970910384915,0.4890357528966147,0
1596160449.0687816,167.22833409621975,0.4890357528966147,0
1596160449.0787816,169.02652993514798,0.4890357528966147,0
1596160449.0887816,170.82936063125393,0.4890357528966147,0
1596160449.0987816,172.62755647018216,0.4890357528966147,0
1596160449.1087816,174.42785516097805,0.4890357528966147,0
1596160449.1187816,176.22841134383938,0.4890357528966147,0
1596160449.1287816,178.02763715102932,0.4890357528966147,0
1596160449.1387815,179.82742085769436,0.4890357528966147,0
1596160449.1487815,181.62952199294827,0.4890357528966147,0
1596160449.1587815,183.4269453556802,0.4890357528966147,0
1596160449.1687815,185.22917523696682,0.4890357528966147,0
1596160449.1787815,187.02840104415677,0.4890357528966147,0
1596160449.1887815,188.828399327543,0.4890357528966147,0
1596160449.1987815,190.62818303420804,0.4890357528966147,0
1596160449.2087815,192.42689385726712,0.4890357528966147,0
1596160449.2187815,194.22779336288235,0.4890357528966147,0
1596160449.2287815,196.02774873092434,0.4890357528966147,0
1596160449.2387815,197.82684579208157,0.4890357528966147,0
1596160449.2480986,199.5034195454385,0.4890357528966147,0
1596160449.2480986,199.5034195454385,0.4890357528966147,0
1596160449.2487814,199.6290756733682,0.4890357528966147,0
1596160449.2587814,201.42675652816555,0.4890357528966147,0
1596160449.2687814,203.2281281025674,0.4890357528966147,0
1596160449.2787814,205.02881303146145,0.4890357528966147,0
1596160449.2887814,206.82709470107815,0.4890357528966147,0
1596160449.2987814,208.6268784077432,0.4890357528966147,0
1596160449.3087814,210.42816415145657,0.4890357528966147,0
1596160449.3187814,212.22769036605618,0.4890357528966147,0
1596160449.3287814,214.02816071822903,0.4890357528966147,0
1596160449.3387814,215.8287598164346,0.4890357528966147,0
1596160449.3487813,217.62777104690335,0.4890357528966147,0
1596160449.3587813,219.42665353133938,0.4890357528966147,0
1596160449.3687813,221.22896924331448,0.4890357528966147,0
1596160449.3787813,223.02866711929104,0.4890357528966147,0
1596160449.3887813,224.82939496352932,0.4890357528966147,0
1596160449.3987813,226.62913575485013,0.4890357528966147,0
1596160449.4087813,228.42823281600735,0.4890357528966147,0
1596160449.4187813,230.2270294697549,0.4890357528966147,0
1596160449.4287813,232.02801480605862,0.4890357528966147,0
1596160449.4387813,233.82724061324856,0.4890357528966147,0
1596160449.4487813,235.6272388966348,0.4890357528966147,0
1596160449.4587812,237.4286533863809,0.4890357528966147,0
1596160449.4687812,239.22680630996487,0.4890357528966147,0
1596160449.4787812,241.02852120712063,0.4890357528966147,0
1596160449.4887812,242.8264166386392,0.4890357528966147,0
1596160449.4987812,244.62735905959866,0.4890357528966147,0
1596160449.5087812,246.42843022659085,0.4890357528966147,0
1596160449.5187812,248.22726979568264,0.4890357528966147,0
1596160449.5287812,250.0280834706094,0.4890357528966147,0
1596160449.5387812,251.8272663624551,0.4890357528966147,0
1596160449.5487812,253.6273504765298,0.4890357528966147,0
1596160449.5587811,255.42799249007962,0.4890357528966147,0
1596160449.5687811,257.22923531844873,0.4890357528966147,0
1596160449.5787811,259.02695908859033,0.4890357528966147,0
1596160449.588781,260.8270002873208,0.4890357528966147,0
1596160449.598781,262.6272131474282,0.4890357528966147,0
1596160449.608781,264.4268251927163,0.4890357528966147,0
1596160449.618781,266.23051419570703,0.4890357528966147,0
1596160449.628781,268.0276371510293,0.4890357528966147,0
1596160449.638781,269.8263479740884,0.4890357528966147,0
1596160449.648781,271.626775410917,0.4890357528966147,0
1596160449.658781,273.42861905410547,0.4890357528966147,0
1596160449.668781,275.2282740147378,0.4890357528966147,0
1596160449.678781,277.029173520353,0.4890357528966147,0
1596160449.688781,278.82839932754297,0.4890357528966147,0
1596160449.698781,280.6268526585366,0.4890357528966147,0
1596160449.708781,282.4267651112344,0.4890357528966147,0
1596160449.718781,284.22938123061914,0.4890357528966147,0
1596160449.728781,286.028049138334,0.4890357528966147,0
1596160449.738781,287.8268028767373,0.4890357528966147,0
1596160449.748781,289.6271873982217,0.4890357528966147,0
1596160449.758781,291.4296318562295,0.4890357528966147,0
1596160449.768781,293.2275702030923,0.4890357528966147,0
1596160449.778781,295.02949967696924,0.4890357528966147,0
1596160449.788781,296.8273951084878,0.4890357528966147,0
1596160449.798781,298.62898125961084,0.4890357528966147,0
1596160449.808781,300.42850747421045,0.4890357528966147,0
1596160449.813226,301.22634663894434,0.4890357528966147,0
1596160449.813226,301.22634663894434,0.4890357528966147,0
1596160449.818781,302.2285486729409,0.4890357528966147,0
1596160449.828781,304.0270449192788,0.4890357528966147,0
1596160449.8387809,305.82785859420557,0.4890357528966147,0
1596160449.8487809,307.6282002003457,0.4890357528966147,0
1596160449.8587809,309.4282843144204,0.4890357528966147,0
1596160449.8687809,311.22819676711816,0.4890357528966147,0
1596160449.8787808,313.0296541722085,0.4890357528966147,0
1596160449.8887808,314.8289658100869,0.4890357528966147,0
1596160449.8987808,316.6273333103921,0.4890357528966147,0
1596160449.9087808,318.4278894932534,0.4890357528966147,0
1596160449.9187808,320.2279736073281,0.4890357528966147,0
1596160449.9287808,322.0277143986489,0.4890357528966147,0
1596160449.9387808,323.8287855656411,0.4890357528966147,0
1596160449.9487808,325.629084256437,0.4890357528966147,0
1596160449.9587808,327.4265934498574,0.4890357528966147,0
1596160449.9687808,329.22903790786523,0.4890357528966147,0
1596160449.9787807,331.0283066303994,0.4890357528966147,0
1596160449.9887807,332.8283907444741,0.4890357528966147,0
1596160449.9987807,334.62735905959863,0.4890357528966147,0
1596160450.0087807,336.42847314193506,0.4890357528966147,0
1596160450.0187807,338.2290722401406,0.4890357528966147,0
1596160450.0287807,340.02774014785547,0.4890357528966147,0
1596160450.0387807,341.82902589156885,0.4890357528966147,0
1596160450.0487807,343.62730756118555,0.4890357528966147,0
1596160450.0587807,345.4276491673257,0.4890357528966147,0
1596160450.0687807,347.2279478581216,0.4890357528966147,0
1596160450.0787807,349.0293623478677,0.4890357528966147,0
1596160450.0887806,350.8275581867959,0.4890357528966147,0
1596160450.0987806,352.62948766067285,0.4890357528966147,0
1596160450.1087806,354.4290567906167,0.4890357528966147,0
1596160450.1187806,356.22939839675684,0.4890357528966147,0
1596160450.1287806,358.0291821034219,0.4890357528966147,0
1596160450.1387806,359.8275066883828,0.4890357528966147,0
1596160450.139756,360,0.4890357528966147,1
1596160450.139756,0,0,0
1596160450.149756,222.29508430443158,1.2249698390939694,0
1596160450.159756,224.09714252434125,1.2249698390939694,0
1596160450.169756,225.8972695537602,1.2249698390939694,0
1596160450.179756,227.69653827629438,1.2249698390939694,0
1596160450.189756,229.49718028984418,1.2249698390939694,0
1596160450.199756,231.2951615520512,1.2249698390939694,0
1596160450.209756,233.09584648094526,1.2249698390939694,0
1596160450.219756,234.89773303947797,1.2249698390939694,0
1596160450.2297559,236.69507057152143,1.2249698390939694,0
1596160450.2345579,237.5589135356938,1.2249698390939694,0
1596160450.2345579,237.5589135356938,1.2249698390939694,0
1596160450.2397559,238.49665672264447,1.2249698390939694,0
1596160450.2497559,240.2977708049809,1.2249698390939694,0
1596160450.2597558,242.09703952751508,1.2249698390939694,0
1596160450.2697558,243.89549285850873,1.2249698390939694,0
1596160450.2797558,245.69703609428754,1.2249698390939694,0
1596160450.2897558,247.4959614940678,1.2249698390939694,0
1596160450.2997558,249.29510147056928,1.2249698390939694,0
1596160450.3097558,251.09707385979047,1.2249698390939694,0
1596160450.3197558,252.89664298973432,1.2249698390939694,0
1596160450.3297558,254.69719917259565,1.2249698390939694,0
1596160450.3397558,256.4953520961796,1.2249698390939694,0
1596160450.3497558,258.29771072349894,1.2249698390939694,0
1596160450.3597558,260.0958636470829,1.2249698390939694,0
1596160450.3697557,261.8971493907963,1.2249698390939694,0
1596160450.3797557,263.6974480815922,1.2249698390939694,0
1596160450.3897557,265.4958584972416,1.2249698390939694,0
1596160450.3997557,267.2964575954472,1.2249698390939694,0
1596160450.4097557,269.09697086296427,1.2249698390939694,0
1596160450.4197557,270.8961966701542,1.2249698390939694,0
1596160450.4297557,272.6967099376713,1.2249698390939694,0
1596160450.4397557,274.4960215755497,1.2249698390939694,0
1596160450.4497557,276.29782230339396,1.2249698390939694,0
1596160450.4597557,278.09563190422404,1.2249698390939694,0
1596160450.4697556,279.8972180553471,1.2249698390939694,0
1596160450.4797556,281.69622928581583,1.2249698390939694,0
1596160450.4897556,283.496399230579,1.2249698390939694,0
1596160450.4997556,285.29725582085,1.2249698390939694,0
1596160450.5097556,287.0951941677128,1.2249698390939694,0
1596160450.5197556,288.8954928585087,1.2249698390939694,0
1596160450.5297556,290.6964352794682,1.2249698390939694,0
1596160450.5397556,292.49694854698527,1.2249698390939694,0
1596160450.5497556,294.2973759838139,1.2249698390939694,0
1596160450.5597556,296.09505683861124,1.2249698390939694,0
1596160450.5697556,297.89660007439005,1.2249698390939694,0
1596160450.5797555,299.69591171226847,1.2249698390939694,0
1596160450.5897555,301.4974978633915,1.2249698390939694,0
1596160450.5997555,303.2961228557621,1.2249698390939694,0
1596160450.6097555,305.0974085994755,1.2249698390939694,0
1596160450.6197555,306.8965056606327,1.2249698390939694,0
1596160450.6297555,308.6962464519535,1.2249698390939694,0
1596160450.6397555,310.49512893638956,1.2249698390939694,0
1596160450.6497555,312.2948268123661,1.2249698390939694,0
1596160450.6521764,312.7302458950077,1.2249698390939694,0
1596160450.6521764,312.7302458950077,1.2249698390939694,0
1596160450.6597555,314.09551174126017,1.2249698390939694,0
1596160450.6697555,315.8967545696293,1.2249698390939694,0
1596160450.6797554,317.69786865196573,1.2249698390939694,0
1596160450.6897554,319.4945624538456,1.2249698390939694,0
1596160450.6997554,321.2974360652958,1.2249698390939694,0
1596160450.7097554,323.0952456661259,1.2249698390939694,0
1596160450.7197554,324.89648849449503,1.2249698390939694,0
1596160450.7297554,326.69537097893107,1.2249698390939694,0
1596160450.7397554,328.49609882316935,1.2249698390939694,0
1596160450.7497554,330.2953246303593,1.2249698390939694,0
1596160450.7597554,332.0954945751225,1.2249698390939694,0
1596160450.7697554,333.89690906486857,1.2249698390939694,0
1596160450.7797554,335.6965640255009,1.2249698390939694,0
1596160450.7897553,337.49570400200236,1.2249698390939694,0
1596160450.7997553,339.29510147056925,1.2249698390939694,0
1596160450.8097553,341.0969021984135,1.2249698390939694,0
1596160450.8197553,342.89763004265177,1.2249698390939694,0
1596160450.8297553,344.6944955059086,1.2249698390939694,0
1596160450.8397553,346.49706870994913,1.2249698390939694,0
1596160450.8497553,348.29650909386027,1.2249698390939694,0
1596160450.8597553,350.0967219539677,1.2249698390939694,0
1596160450.8697553,351.89732105217325,1.2249698390939694,0
1596160450.8797553,353.6968901821171,1.2249698390939694,0
1596160450.8897552,355.4971030422245,1.2249698390939694,0
1596160450.8997552,357.29551345787394,1.2249698390939694,0
1596160450.9097552,359.0945246883427,1.2249698390939694,0
1596160450.914805,360,1.2249698390939694,1
1596160450.914805,0,0,0
1596160450.924805,194.3279706196133,1.069575050780146,0
1596160450.934805,196.12586605113185,1.069575050780146,0
1596160450.944805,197.92698013346828,1.069575050780146,0
1596160450.954805,199.7271929935757,1.069575050780146,0
1596160450.964805,201.52792083781398,1.069575050780146,0
1596160450.9748049,203.32530128520168,1.069575050780146,0
1596160450.9848049,205.1257287220303,1.069575050780146,0
1596160450.9948049,206.92619907420314,1.069575050780146,0
1596160451.0048048,208.72817146342433,1.069575050780146,0
1596160451.0148048,210.52756893199123,1.069575050780146,0
1596160451.0248048,212.32791053813136,1.069575050780146,0
1596160451.0348048,214.12717926066554,1.069575050780146,0
1596160451.0448048,215.92636215251125,1.069575050780146,0
1596160451.0548048,217.7282916263882,1.069575050780146,0
1596160451.0648048,219.52846157115138,1.069575050780146,0
1596160451.0748048,221.32725822489894,1.069575050780146,0
1596160451.0848048,223.12811481516994,1.069575050780146,0
1596160451.0948048,224.92618190806544,1.069575050780146,0
1596160451.1048048,226.7273389057461,1.069575050780146,0
1596160451.1148047,228.52570640605128,1.069575050780146,0
1596160451.1248047,230.32630550425685,1.069575050780146,0
1596160451.1348047,232.12763416331447,1.069575050780146,0
1596160451.1448047,233.92660247843898,1.069575050780146,0
1596160451.1548047,235.72728740733302,1.069575050780146,0
1596160451.1648047,237.52805816691554,1.069575050780146,0
1596160451.1748047,239.32522403758205,1.069575050780146,0
1596160451.1848047,241.12633811991847,1.069575050780146,0
1596160451.1948047,242.92595016520656,1.069575050780146,0
1596160451.2048047,244.72710716288722,1.069575050780146,0
1596160451.2148046,246.5252600864712,1.069575050780146,0
1596160451.2248046,248.3266745762173,1.069575050780146,0
1596160451.2348046,250.1271020130459,1.069575050780146,0
1596160451.2448046,251.9279586033169,1.069575050780146,0
1596160451.2548046,253.72641193431056,1.069575050780146,0
1596160451.2648046,255.5264102176968,1.069575050780146,0
1596160451.2748046,257.32494937937895,1.069575050780146,0
1596160451.2848046,259.1264496998135,1.069575050780146,0
1596160451.2948046,260.92631923716704,1.069575050780146,0
1596160451.3048046,262.72494422953764,1.069575050780146,0
1596160451.3148046,264.52524292033354,1.069575050780146,0
1596160451.3248045,266.3269578174893,1.069575050780146,0
1596160451.3348045,268.12553989451567,1.069575050780146,0
1596160451.3448045,269.92673980754057,1.069575050780146,0
1596160451.3548045,271.726051445419,1.069575050780146,0
1596160451.3648045,273.52484809916655,1.069575050780146,0
1596160451.3748045,275.3245030597989,1.069575050780146,0
1596160451.3848045,277.1249734119717,1.069575050780146,0
1596160451.3948045,278.9253579334561,1.069575050780146,0
1596160451.4048045,280.7248841480557,1.069575050780146,0
1596160451.4148045,282.52479660075346,1.069575050780146,0
1596160451.4248044,284.3270693973843,1.069575050780146,0
1596160451.4348044,286.12595188182036,1.069575050780146,0
1596160451.4448044,287.9274092869107,1.069575050780146,0
1596160451.4548044,289.72530471842924,1.069575050780146,0
1596160451.4648044,291.5265475467984,1.069575050780146,0
1596160451.4748044,293.3271037296597,1.069575050780146,0
1596160451.4848044,295.1265011982266,1.069575050780146,0
1596160451.4948044,296.9248686985318,1.069575050780146,0
1596160451.5048044,298.72533905070463,1.069575050780146,0
1596160451.5148044,300.52679645579497,1.069575050780146,0
1596160451.5248044,302.3272668079678,1.069575050780146,0
1596160451.5348043,304.125634308273,1.069575050780146,0
1596160451.5448043,305.9270487980191,1.069575050780146,0
1596160451.5548043,307.7276049808804,1.069575050780146,0
1596160451.5648043,309.52524292033354,1.069575050780146,0
1596160451.5748043,311.32601367991606,1.069575050780146,0
1596160451.5848043,313.1268273548428,1.069575050780146,0
1596160451.5948043,314.9270831302945,1.069575050780146,0
1596160451.6048043,316.72515022319,1.069575050780146,0
1596160451.6148043,318.5255776600186,1.069575050780146,0
1596160451.6248043,320.32604801219145,1.069575050780146,0
1596160451.6348042,322.1258746342007,1.069575050780146,0
1596160451.6448042,323.92698871653715,1.069575050780146,0
1596160451.6548042,325.72763073008696,1.069575050780146,0
1596160451.6648042,327.52445327799956,1.069575050780146,0
1596160451.6748042,329.32440864604155,1.069575050780146,0
1596160451.6848042,331.12436401408354,1.069575050780146,0
1596160451.6948042,332.9265080646817,1.069575050780146,0
1596160451.7048042,334.7251759723965,1.069575050780146,0
1596160451.7148042,336.5245734409634,1.069575050780146,0
1596160451.7248042,338.3246146396939,1.069575050780146,0
1596160451.7348042,340.1259432987515,1.069575050780146,0
1596160451.7448041,341.9266711429898,1.069575050780146,0
1596160451.7548041,343.7273131565396,1.069575050780146,0
1596160451.7648041,345.5249510959927,1.069575050780146,0
1596160451.774804,347.32516395610014,1.069575050780146,0
1596160451.784804,349.12739383738676,1.069575050780146,0
1596160451.794804,350.92464553874174,1.069575050780146,0
1596160451.804804,352.72640335124174,1.069575050780146,0
1596160451.8123276,354.077592964584,1.069575050780146,0
1596160451.8123276,354.077592964584,1.069575050780146,0
1596160451.814804,354.52695953410307,1.069575050780146,0
1596160451.824804,356.3241683201138,1.069575050780146,0
1596160451.834804,358.12674152415434,1.069575050780146,0
1596160451.844804,359.92639648478666,1.069575050780146,0
1596160451.8452363,360,1.069575050780146,1
1596160451.8452363,0,0,0
1596160451.8552363,125.67926559922466,0.688206469244282,0
1596160451.8652363,127.47793350693951,0.688206469244282,0
1596160451.8752363,129.2790046739317,0.688206469244282,0
1596160451.8852363,131.0790887880064,0.688206469244282,0
1596160451.8952363,132.877713780377,0.688206469244282,0
1596160451.9052362,134.6796861695982,0.688206469244282,0
1596160451.9152362,136.47981319901714,0.688206469244282,0
1596160451.9252362,138.27757988450298,0.688206469244282,0
1596160451.9352362,140.0796810197569,0.688206469244282,0
1596160451.9452362,141.87907848832378,0.688206469244282,0
1596160451.9552362,143.67890511033306,0.688206469244282,0
1596160451.9652362,145.4783454942442,0.688206469244282,0
1596160451.9752362,147.27838669297466,0.688206469244282,0
1596160451.9852362,149.07812748429546,0.688206469244282,0
1596160451.9952362,150.87859783646832,0.688206469244282,0
1596160452.0052361,152.68052731034527,0.688206469244282,0
1596160452.0152361,154.4797531175352,0.688206469244282,0
1596160452.0252361,156.2771335649229,0.688206469244282,0
1596160452.0352361,158.08009300706158,0.688206469244282,0
1596160452.045236,159.87730179307232,0.688206469244282,0
1596160452.055236,161.67785797593365,0.688206469244282,0
1596160452.065236,163.4786716508604,0.688206469244282,0
1596160452.075236,165.2789703416563,0.688206469244282,0
1596160452.085236,167.07986984727154,0.688206469244282,0
1596160452.095236,168.879009823773,0.688206469244282,0
1596160452.105236,170.67995224473248,0.688206469244282,0
1596160452.115236,172.4792638826109,0.688206469244282,0
1596160452.125236,174.27870426652203,0.688206469244282,0
1596160452.135236,176.08024750230084,0.688206469244282,0
1596160452.145236,177.87775669572125,0.688206469244282,0
1596160452.155236,179.67715416428814,0.688206469244282,0
1596160452.165236,181.48041401383648,0.688206469244282,0
1596160452.175236,183.27766571519146,0.688206469244282,0
1596160452.185236,185.07719192979107,0.688206469244282,0
1596160452.195236,186.8771902131773,0.688206469244282,0
1596160452.205236,188.6801925706602,0.688206469244282,0
1596160452.215236,190.47731552598248,0.688206469244282,0
1596160452.225236,192.279888730023,0.688206469244282,0
1596160452.235236,194.07864246842632,0.688206469244282,0
1596160452.245236,195.87743912217388,0.688206469244282,0
1596160452.255236,197.6796690034605,0.688206469244282,0
1596160452.265236,199.47837982651959,0.688206469244282,0
1596160452.275236,201.27927933213482,0.688206469244282,0
1596160452.285236,203.07902012345562,0.688206469244282,0
1596160452.2952359,204.87880383012066,0.688206469244282,0
1596160452.3052359,206.67875919816265,0.688206469244282,0
1596160452.3152359,208.4783283281065,0.688206469244282,0
1596160452.3252358,210.28047237870464,0.688206469244282,0
1596160452.3352358,212.07969818589459,0.688206469244282,0
1596160452.3452358,213.87862358567486,0.688206469244282,0
1596160452.3552358,215.67973766801128,0.688206469244282,0
1596160452.3652358,217.47707520005474,0.688206469244282,0
1596160452.3752358,219.28029213425884,0.688206469244282,0
1596160452.3852358,221.07977543351421,0.688206469244282,0
1596160452.3952358,222.87930164811382,0.688206469244282,0
1596160452.4052358,224.67895660874615,0.688206469244282,0
1596160452.4152358,226.48024235245953,0.688206469244282,0
1596160452.4252357,228.27968273637066,0.688206469244282,0
1596160452.4352357,230.08028183457623,0.688206469244282,0
1596160452.4452357,231.8780914354063,0.688206469244282,0
1596160452.4552357,233.67830429551373,0.688206469244282,0
1596160452.4652357,235.47950420853863,0.688206469244282,0
1596160452.4752357,237.28018913743267,0.688206469244282,0
1596160452.4852357,239.07885704514752,0.688206469244282,0
1596160452.4952357,240.87752495286236,0.688206469244282,0
1596160452.5052357,242.67803822037945,0.688206469244282,0
1596160452.5152357,244.47820816514263,0.688206469244282,0
1596160452.5252357,246.27923641679058,0.688206469244282,0
1596160452.5352356,248.0798784303404,0.688206469244282,0
1596160452.5452356,249.8773876237608,0.688206469244282,0
1596160452.5552356,251.67828712937603,0.688206469244282,0
1596160452.5652356,253.47935829636822,0.688206469244282,0
1596160452.5752356,255.27969990250836,0.688206469244282,0
1596160452.5852356,257.07841072556744,0.688206469244282,0
1596160452.5952356,258.879009823773,0.688206469244282,0
1596160452.6052356,260.6790939378477,0.688206469244282,0
1596160452.6152356,262.4773756074644,0.688206469244282,0
1596160452.6252356,264.2799058961607,0.688206469244282,0
1596160452.6352355,266.07793007371197,0.688206469244282,0
1596160452.6452355,267.8801599549986,0.688206469244282,0
1596160452.65371,269.40241013047466,0.688206469244282,0
1596160452.65371,269.40241013047466,0.688206469244282,0
1596160452.6552355,269.67771206376324,0.688206469244282,0
1596160452.6652355,271.47912655350933,0.688206469244282,0
1596160452.6752355,273.2801548051573,0.688206469244282,0
1596160452.6852355,275.07860813615093,0.688206469244282,0
1596160452.6952355,276.87882099625836,0.688206469244282,0
1596160452.7052355,278.67920551774273,0.688206469244282,0
1596160452.7152355,280.4791179704405,0.688206469244282,0
1596160452.7252355,282.28027496812115,0.688206469244282,0
1596160452.7352355,284.08023033616314,0.688206469244282,0
1596160452.7452354,285.8786836671568,0.688206469244282,0
1596160452.7552354,287.6795402574278,0.688206469244282,0
1596160452.7652354,289.47936687943707,0.688206469244282,0
1596160452.7752354,291.2789360093809,0.688206469244282,0
1596160452.7852354,293.07871971604595,0.688206469244282,0
1596160452.7952354,294.8790613221861,0.688206469244282,0
1596160452.8052354,296.67730007645855,0.688206469244282,0
1596160452.8152354,298.4797016191221,0.688206469244282,0
1596160452.8252354,300.2799573945738,0.688206469244282,0
1596160452.8352354,302.0777240800596,0.688206469244282,0
1596160452.8452353,303.87918148514996,0.688206469244282,0
1596160452.8550377,305.6414142656065,0.688206469244282,0
1596160452.8550377,305.6414142656065,0.688206469244282,0
1596160452.8552353,305.678965191815,0.688206469244282,0
1596160452.8652353,307.4781480836607,0.688206469244282,0
1596160452.8752353,309.2800346421934,0.688206469244282,0
1596160452.8852353,311.07870254990826,0.688206469244282,0
1596160452.8952353,312.88024578568707,0.688206469244282,0
1596160452.9052353,314.6780983018614,0.688206469244282,0
1596160452.9152353,316.47856865403423,0.688206469244282,0
1596160452.9252353,318.2781377839781,0.688206469244282,0
1596160452.9352353,320.07796440598736,0.688206469244282,0
1596160452.9452353,321.8790784883238,0.688206469244282,0
1596160452.9552352,323.67821846482525,0.688206469244282,0
1596160452.9652352,325.47963295457134,0.688206469244282,0
1596160452.9752352,327.2796312379576,0.688206469244282,0
1596160452.9852352,329.079844098065,0.688206469244282,0
1596160452.9952352,330.8788124131895,0.688206469244282,0
1596160453.0052352,332.6772228288389,0.688206469244282,0
1596160453.0152352,334.47936687943707,0.688206469244282,0
1596160453.0252352,336.27863560197125,0.688206469244282,0
1596160453.0352352,338.0786338853575,0.688206469244282,0
1596160453.0452352,339.8794904756285,0.688206469244282,0
1596160453.0552351,341.67820129868755,0.688206469244282,0
1596160453.0652351,343.4778991746641,0.688206469244282,0
1596160453.0752351,345.2788415956236,0.688206469244282,0
1596160453.085235,347.07695160386334,0.688206469244282,0
1596160453.095235,348.8796535539366,0.688206469244282,0
1596160453.105235,350.67870769974957,0.688206469244282,0
1596160453.115235,352.47934971329937,0.688206469244282,0
1596160453.125235,354.27973423478375,0.688206469244282,0
1596160453.135235,356.0790029573179,0.688206469244282,0
1596160453.145235,357.8774992036558,0.688206469244282,0
1596160453.155235,359.67792664048443,0.688206469244282,0
1596160453.1570466,360,0.688206469244282,1
1596160453.1570466,0,0,0
1596160453.1670465,202.9861620117229,1.1176897039286526,0
1596160453.1770465,204.7844436813396,1.1176897039286526,0
1596160453.1870465,206.58714563141285,1.1176897039286526,0
1596160453.1970465,208.3858135391277,1.1176897039286526,0
1596160453.2070465,210.1871421981853,1.1176897039286526,0
1596160453.2170465,211.9870975662273,1.1176897039286526,0
1596160453.2270465,213.78555089722096,1.1176897039286526,0
1596160453.2370465,215.5875662017864,1.1176897039286526,0
1596160453.2470465,217.3859766174358,1.1176897039286526,0
1596160453.2570465,219.18653280029713,1.1176897039286526,0
1596160453.2670465,220.98700315246998,1.1176897039286526,0
1596160453.2770464,222.78571397552906,1.1176897039286526,0
1596160453.2870464,224.58704263458668,1.1176897039286526,0
1596160453.2970464,226.38536721954762,1.1176897039286526,0
1596160453.3070464,228.1864383865398,1.1176897039286526,0
1596160453.3170464,229.98703748474537,1.1176897039286526,0
1596160453.3270464,231.78660661468922,1.1176897039286526,0
1596160453.3370464,233.58433038483082,1.1176897039286526,0
1596160453.3470464,235.38475782165943,1.1176897039286526,0
1596160453.3570464,237.1850135971111,1.1176897039286526,0
1596160453.3670464,238.98750097046315,1.1176897039286526,0
1596160453.3770463,240.78694135437428,1.1176897039286526,0
1596160453.3870463,242.58410722504078,1.1176897039286526,0
1596160453.3970463,244.38736707458912,1.1176897039286526,0
1596160453.4070463,246.18646413574635,1.1176897039286526,0
1596160453.4170463,247.9872778106731,1.1176897039286526,0
1596160453.4270463,249.7841003585857,1.1176897039286526,0
1596160453.4370463,251.5864160705608,1.1176897039286526,0
1596160453.4470463,253.3872726608318,1.1176897039286526,0
1596160453.4570463,255.18671304474293,1.1176897039286526,0
1596160453.4670463,256.9853809524578,1.1176897039286526,0
1596160453.4770463,258.78542215118824,1.1176897039286526,0
1596160453.4870462,260.58619291077076,1.1176897039286526,0
1596160453.4970462,262.38537580261647,1.1176897039286526,0
1596160453.5070462,264.1841295410198,1.1176897039286526,0
1596160453.5170462,265.9844282318157,1.1176897039286526,0
1596160453.5270462,267.78446943054615,1.1176897039286526,0
1596160453.5370462,269.5842531372112,1.1176897039286526,0
1596160453.5470462,271.3841226745647,1.1176897039286526,0
1596160453.5570462,273.1864383865398,1.1176897039286526,0
1596160453.5670462,274.98557836304127,1.1176897039286526,0
1596160453.5770462,276.78407460937916,1.1176897039286526,0
1596160453.5870461,278.5860040832561,1.1176897039286526,0
1596160453.5970461,280.38510114441334,1.1176897039286526,0
1596160453.6070461,282.18733102569996,1.1176897039286526,0
1596160453.617046,283.9850977111858,1.1176897039286526,0
1596160453.627046,285.78578264007984,1.1176897039286526,0
1596160453.637046,287.58530885467945,1.1176897039286526,0
1596160453.647046,289.3863371063274,1.1176897039286526,0
1596160453.657046,291.1871078659099,1.1176897039286526,0
1596160453.667046,292.98491746674,1.1176897039286526,0
1596160453.677046,294.78525907288014,1.1176897039286526,0
1596160453.687046,296.5865019012493,1.1176897039286526,0
1596160453.697046,298.3854702163738,1.1176897039286526,0
1596160453.707046,300.18752843628346,1.1176897039286526,0
1596160453.717046,301.98533803711354,1.1176897039286526,0
1596160453.7264466,303.6761596847576,1.1176897039286526,0
1596160453.7264466,303.6761596847576,1.1176897039286526,0
1596160453.727046,303.78632337341725,1.1176897039286526,0
1596160453.737046,305.5845621276897,1.1176897039286526,0
1596160453.747046,307.387092416386,1.1176897039286526,0
1596160453.757046,309.1872623611492,1.1176897039286526,0
1596160453.767046,310.98627359161793,1.1176897039286526,0
1596160453.777046,312.78670102844654,1.1176897039286526,0
1596160453.787046,314.5869568038982,1.1176897039286526,0
1596160453.797046,316.3854530502361,1.1176897039286526,0
1596160453.807046,318.1856659103435,1.1176897039286526,0
1596160453.817046,319.9871662307781,1.1176897039286526,0
1596160453.827046,321.7851474929851,1.1176897039286526,0
1596160453.837046,323.58501703033863,1.1176897039286526,0
1596160453.847046,325.385401551823,1.1176897039286526,0
1596160453.857046,327.1860006500286,1.1176897039286526,0
1596160453.8670459,328.98625642548024,1.1176897039286526,0
1596160453.8715315,329.79143411407887,1.1176897039286526,0
1596160453.8715315,329.79143411407887,1.1176897039286526,0
1596160453.8770459,330.7851818252605,1.1176897039286526,0
1596160453.8870459,332.5862529922527,1.1176897039286526,0
1596160453.8970459,334.38492089996754,1.1176897039286526,0
1596160453.9070458,336.18680745850025,1.1176897039286526,0
1596160453.9170458,337.9871490646404,1.1176897039286526,0
1596160453.9270458,339.78684694061695,1.1176897039286526,0
1596160453.9370458,341.5842703033489,1.1176897039286526,0
1596160453.9470458,343.38521272430836,1.1176897039286526,0
1596160453.9570458,345.18461019287525,1.1176897039286526,0
1596160453.9670458,346.9860675979656,1.1176897039286526,0
1596160453.9770458,348.7851217437786,1.1176897039286526,0
1596160453.9870458,350.58606416473805,1.1176897039286526,0
1596160453.9970458,352.3851612258953,1.1176897039286526,0
1596160454.0070457,354.18610364685475,1.1176897039286526,0
1596160454.0170457,355.9854582000774,1.1176897039286526,0
1596160454.0270457,357.784083192448,1.1176897039286526,0
1596160454.0370457,359.5855835128826,1.1176897039286526,0
1596160454.0393715,360,1.1176897039286526,1
1596160454.0393715,0,0,0
1596160454.0493715,223.42558857890265,1.2312456500250044,0
1596160454.0593715,225.22747513743536,1.2312456500250044,0
1596160454.0693715,227.02674385996954,1.2312456500250044,0
1596160454.0793715,228.8263129899134,1.2312456500250044,0
1596160454.0893714,230.62510964366095,1.2312456500250044,0
1596160454.0993714,232.42515084239142,1.2312456500250044,0
1596160454.1093714,234.22725197764532,1.2312456500250044,0
1596160454.1193714,236.02587697001593,1.2312456500250044,0
1596160454.1293714,237.82505986186163,1.2312456500250044,0
1596160454.1393714,239.62703225108282,1.2312456500250044,0
1596160454.1493714,241.4250564286341,1.2312456500250044,0
1596160454.1593714,243.22690007182257,1.2312456500250044,0
1596160454.1693714,245.02586838694708,1.2312456500250044,0
1596160454.1793714,246.8259525010218,1.2312456500250044,0
1596160454.1893713,248.6271524140467,1.2312456500250044,0
1596160454.1993713,250.4252195069422,1.2312456500250044,0
1596160454.2093713,252.22521779032843,1.2312456500250044,0
1596160454.2193713,254.025816888534,1.2312456500250044,0
1596160454.2293713,255.8273601243128,1.2312456500250044,0
1596160454.2393713,257.6273154923548,1.2312456500250044,0
1596160454.2493713,259.4263696381678,1.2312456500250044,0
1596160454.2593713,261.224565477096,1.2312456500250044,0
1596160454.2693713,263.0243920991053,1.2312456500250044,0
1596160454.2793713,264.8248195359339,1.2312456500250044,0
1596160454.2893713,266.62662026377814,1.2312456500250044,0
1596160454.2993712,268.4254169175257,1.2312456500250044,0
1596160454.3093712,270.22610184641974,1.2312456500250044,0
1596160454.3193712,272.02584263774054,1.2312456500250044,0
1596160454.3293712,273.8274287888636,1.2312456500250044,0
1596160454.3393712,275.6264829346766,1.2312456500250044,0
1596160454.3493712,277.42596623393194,1.2312456500250044,0
1596160454.3593712,279.2263078400721,1.2312456500250044,0
1596160454.3693712,281.0249328324427,1.2312456500250044,0
1596160454.3793712,282.82711979838507,1.2312456500250044,0
1596160454.3893712,284.62681767436163,1.2312456500250044,0
1596160454.3993711,286.42655846568243,1.2312456500250044,0
1596160454.4093711,288.2275008866419,1.2312456500250044,0
1596160454.4193711,290.0265550324549,1.2312456500250044,0
1596160454.429371,291.8269824692835,1.2312456500250044,0
1596160454.439371,293.6249208161463,1.2312456500250044,0
1596160454.449371,295.42607781382696,1.2312456500250044,0
1596160454.459371,297.2274493882288,1.2312456500250044,0
1596160454.469371,299.02641770335333,1.2312456500250044,0
1596160454.479371,300.82448479624884,1.2312456500250044,0
1596160454.489371,302.62602803202765,1.2312456500250044,0
1596160454.499371,304.4258546540369,1.2312456500250044,0
1596160454.509371,306.2249087998499,1.2312456500250044,0
1596160454.519371,308.02546498271124,1.2312456500250044,0
1596160454.529371,309.82687947245734,1.2312456500250044,0
1596160454.539371,311.6260194489588,1.2312456500250044,0
1596160454.549371,313.4265756318201,1.2312456500250044,0
1596160454.559371,315.22532937022345,1.2312456500250044,0
1596160454.569371,317.02429768534796,1.2312456500250044,0
1596160454.579371,318.8275575348963,1.2312456500250044,0
1596160454.589371,320.6269550034632,1.2312456500250044,0
1596160454.599371,322.42442128153937,1.2312456500250044,0
1596160454.609371,324.2245053956141,1.2312456500250044,0
1596160454.619371,326.02420327159064,1.2312456500250044,0
1596160454.629371,327.8253602692713,1.2312456500250044,0
1596160454.639371,329.62548729869025,1.2312456500250044,0
1596160454.649371,331.4251851746668,1.2312456500250044,0
1596160454.659371,333.2266854951014,1.2312456500250044,0
1596160454.669371,335.0272416779627,1.2312456500250044,0
1596160454.6793709,336.8258666703333,1.2312456500250044,0
1596160454.6893709,338.62745282145636,1.2312456500250044,0
1596160454.6993709,340.4274940201868,1.2312456500250044,0
1596160454.7093709,342.2247457215418,1.2312456500250044,0
1596160454.7193708,344.0262460419764,1.2312456500250044,0
1596160454.7293708,345.82594391795294,1.2312456500250044,0
1596160454.7393708,347.624826402389,1.2312456500250044,0
1596160454.7493708,349.42589756938116,1.2312456500250044,0
1596160454.7593708,351.2255525300135,1.2312456500250044,0
1596160454.7666435,352.5331830689539,1.2312456500250044,0
1596160454.7666435,352.5331830689539,1.2312456500250044,0
1596160454.7693708,353.02447792979376,1.2312456500250044,0
1596160454.7793708,354.8252486893763,1.2312456500250044,0
1596160454.7893708,356.6255902955164,1.2312456500250044,0
1596160454.7993708,358.42434403391974,1.2312456500250044,0
1596160454.808137,360,1.2312456500250044,1
1596160454.808137,0,0,0
1596160454.818137,125.13748107302683,0.685204661441539,0
1596160454.823056,126.02226672518748,0.685204661441539,0
1596160454.823056,126.02226672518748,0.685204661441539,0
1596160454.828137,126.93730769503611,0.685204661441539,0
1596160454.838137,128.73756347048777,0.685204661441539,0
1596160454.848137,130.5388062988569,0.685204661441539,0
1596160454.858137,132.33768878329295,0.685204661441539,0
1596160454.868137,134.1368287597944,0.685204661441539,0
1596160454.8781369,135.9380286728193,0.685204661441539,0
1596160454.8881369,137.73768363345164,0.685204661441539,0
1596160454.8981369,139.5377248321821,0.685204661441539,0
1596160454.9081368,141.34064135897654,0.685204661441539,0
1596160454.9181368,143.13694892275828,0.685204661441539,0
1596160454.9281368,144.941539147978,0.685204661441539,0
1596160454.9381368,146.74076495516795,0.685204661441539,0
1596160454.9481368,148.54140696871775,0.685204661441539,0
1596160454.9581368,150.34084735262888,0.685204661441539,0
1596160454.9681368,152.13874278414744,0.685204661441539,0
1596160454.9781368,153.93783984530467,0.685204661441539,0
1596160454.9881368,155.73813853610056,0.685204661441539,0
1596160454.9981368,157.5377076660444,0.685204661441539,0
1596160455.0081367,159.33719096529978,0.685204661441539,0
1596160455.0181367,161.13839087832469,0.685204661441539,0
1596160455.0281367,162.93774543154734,0.685204661441539,0
1596160455.0381367,164.7386878525068,0.685204661441539,0
1596160455.0481367,166.54057441103953,0.685204661441539,0
1596160455.0581367,168.3413022552778,0.685204661441539,0
1596160455.0681367,170.13739524233836,0.685204661441539,0
1596160455.0781367,171.93850932467478,0.685204661441539,0
1596160455.0881367,173.7387221847822,0.685204661441539,0
1596160455.0981367,175.53820548403758,0.685204661441539,0
1596160455.1081367,177.3385470901777,0.685204661441539,0
1596160455.1181366,179.14167819369334,0.685204661441539,0
1596160455.1281366,180.93820033419627,0.685204661441539,0
1596160455.1381366,182.73746905673045,0.685204661441539,0
1596160455.1481366,184.5372527633955,0.685204661441539,0
1596160455.1581366,186.33763728487986,0.685204661441539,0
1596160455.1681366,188.13802180636424,0.685204661441539,0
1596160455.1781366,189.94166789401072,0.685204661441539,0
1596160455.1881366,191.74106536257761,0.685204661441539,0
1596160455.1981366,193.54162154543894,0.685204661441539,0
1596160455.2081366,195.34050402987498,0.685204661441539,0
1596160455.2181365,197.13681159365672,0.685204661441539,0
1596160455.2281365,198.93835482943553,0.685204661441539,0
1596160455.2381365,200.7369369064619,0.685204661441539,0
1596160455.2481365,202.53732142794627,0.685204661441539,0
1596160455.2581365,204.3369763885786,0.685204661441539,0
1596160455.2681365,206.1376184021284,0.685204661441539,0
1596160455.2781365,207.93718753207224,0.685204661441539,0
1596160455.2881365,209.74040446627635,0.685204661441539,0
1596160455.2981365,211.54147563326853,0.685204661441539,0
1596160455.3081365,213.33675322878855,0.685204661441539,0
1596160455.3181365,215.14108596194285,0.685204661441539,0
1596160455.3281364,216.93799434054392,0.685204661441539,0
1596160455.3381364,218.74159751284617,0.685204661441539,0
1596160455.3481364,220.54000792849558,0.685204661441539,0
1596160455.3581364,222.33743129122752,0.685204661441539,0
1596160455.3681364,224.1372579132368,0.685204661441539,0
1596160455.3781364,225.93686995852488,0.685204661441539,0
1596160455.3881364,227.7383273636152,0.685204661441539,0
1596160455.3981364,229.53695235598582,0.685204661441539,0
1596160455.4081364,231.34055552828806,0.685204661441539,0
1596160455.4181364,233.13806472170847,0.685204661441539,0
1596160455.4281363,234.937033036833,0.685204661441539,0
1596160455.4381363,236.73827586520213,0.685204661441539,0
1596160455.4481363,238.53814540255564,0.685204661441539,0
1596160455.4581363,240.33724246371287,0.685204661441539,0
1596160455.4681363,242.14058814394969,0.685204661441539,0
1596160455.4781363,243.93814025271433,0.685204661441539,0
1596160455.4881363,245.73809562075633,0.685204661441539,0
1596160455.4981363,247.541055062895,0.685204661441539,0
1596160455.5081363,249.3413537536909,0.685204661441539,0
1596160455.5181363,251.1412232910444,0.685204661441539,0
1596160455.5281363,252.94079242098826,0.685204661441539,0
1596160455.5381362,254.7373145614912,0.685204661441539,0
1596160455.5481362,256.5413468872358,0.685204661441539,0
1596160455.5581362,258.34065852511424,0.685204661441539,0
1596160455.5681362,260.14031348574656,0.685204661441539,0
1596160455.5781362,261.93722186434763,0.685204661441539,0
1596160455.5881362,263.740481713896,0.685204661441539,0
1596160455.5981362,265.53975043643015,0.685204661441539,0
1596160455.6081362,267.3380750213911,0.685204661441539,0
1596160455.6181362,269.13687167513865,0.685204661441539,0
1596160455.6281362,270.93751368868845,0.685204661441539,0
1596160455.6381361,272.7411168609907,0.685204661441539,0
1596160455.6481361,274.53798232424754,0.685204661441539,0
1596160455.6581361,276.3376802002241,0.685204661441539,0
1596160455.6681361,278.13759265292185,0.685204661441539,0
1596160455.678136,279.9398225342085,0.685204661441539,0
1596160455.688136,281.74055037844676,0.685204661441539,0
1596160455.698136,283.5405915771772,0.685204661441539,0
1596160455.708136,285.3397744690229,0.685204661441539,0
1596160455.718136,287.1397298370649,0.685204661441539,0
1596160455.728136,288.9396852051069,0.685204661441539,0
1596160455.738136,290.7404130493452,0.685204661441539,0
1596160455.748136,292.53732142794627,0.685204661441539,0
1596160455.758136,294.3401521240522,0.685204661441539,0
1596160455.768136,296.1406653915693,0.685204661441539,0
1596160455.778136,297.9409640823652,0.685204661441539,0
1596160455.788136,299.7395890747358,0.685204661441539,0
1596160455.798136,301.53701243746775,0.685204661441539,0
1596160455.808136,303.3367103134443,0.685204661441539,0
1596160455.818136,305.141472200041,0.685204661441539,0
1596160455.828136,306.94082675326365,0.685204661441539,0
1596160455.838136,308.7373918091108,0.685204661441539,0
1596160455.848136,310.53953585970896,0.685204661441539,0
1596160455.858136,312.34095034945506,0.685204661441539,0
1596160455.868136,314.1371291672041,0.685204661441539,0
1596160455.878136,315.9374707733442,0.685204661441539,0
1596160455.888136,317.7404302154829,0.685204661441539,0
1596160455.898136,319.54158721316355,0.685204661441539,0
1596160455.908136,321.3394826446821,0.685204661441539,0
1596160455.918136,323.13737807620066,0.685204661441539,0
1596160455.9281359,324.9372476135542,0.685204661441539,0
1596160455.9381359,326.7372458969404,0.685204661441539,0
1596160455.9481359,328.53947577822703,0.685204661441539,0
1596160455.9581358,330.3405469452192,0.685204661441539,0
1596160455.9681358,332.1403735672285,0.685204661441539,0
1596160455.9781358,333.94105849612254,0.685204661441539,0
1596160455.9881358,335.7394259964277,0.685204661441539,0
1596160455.9981358,337.5407117401411,0.685204661441539,0
1596160456.0081358,339.3367618118574,0.685204661441539,0
1596160456.0181358,341.1374038254072,0.685204661441539,0
1596160456.0281358,342.94001994479197,0.685204661441539,0
1596160456.0381358,344.741606095915,0.685204661441539,0
1596160456.0481358,346.5392011200239,0.685204661441539,0
1596160456.0581357,348.3372252975752,0.685204661441539,0
1596160456.0681357,350.1410001312544,0.685204661441539,0
1596160456.0781357,351.939625123625,0.685204661441539,0
1596160456.0881357,353.7371343170454,0.685204661441539,0
1596160456.0981357,355.5406945740034,0.685204661441539,0
1596160456.1081357,357.33961997378367,0.685204661441539,0
1596160456.1181357,359.14146361697215,0.685204661441539,0
1596160456.1229334,360,0.685204661441539,1
1596160456.1229334,0,0,0
1596160456.1329334,45.89012699391804,0.24494444424721717,0
1596160456.1429334,47.69055443074665,0.24494444424721717,0
1596160456.1529334,49.49076729085407,0.24494444424721717,0
1596160456.1629333,51.29007892873249,0.24494444424721717,0
1596160456.1729333,53.0901630428072,0.24494444424721717,0
1596160456.1829333,54.890805056357,0.24494444424721717,0
1596160456.1929333,56.69088917043171,0.24494444424721717,0
1596160456.2029333,58.49011497762165,0.24494444424721717,0
1596160456.2129333,60.29157238271198,0.24494444424721717,0
1596160456.2229333,62.09075527455769,0.24494444424721717,0
1596160456.2329333,63.891783526205636,0.24494444424721717,0
1596160456.2429333,65.69276886250934,0.24494444424721717,0
1596160456.2529333,67.49019222524127,0.24494444424721717,0
1596160456.2629333,69.29023342397174,0.24494444424721717,0
1596160456.2729332,71.09242038991412,0.24494444424721717,0
1596160456.2829332,72.89284782674274,0.24494444424721717,0
1596160456.2929332,74.69061451222858,0.24494444424721717,0
1596160456.3029332,76.49014072682819,0.24494444424721717,0
1596160456.3129332,78.2931430843111,0.24494444424721717,0
1596160456.315683,78.78491001393756,0.24494444424721717,0
1596160456.315683,78.78491001393756,0.24494444424721717,0
1596160456.3229332,80.0899656322237,0.24494444424721717,0
1596160456.3329332,81.89013557698688,0.24494444424721717,0
1596160456.3429332,83.69155006673297,0.24494444424721717,0
1596160456.3529332,85.49124794270953,0.24494444424721717,0
1596160456.3629332,87.29236202504596,0.24494444424721717,0
1596160456.3729331,89.09090118672809,0.24494444424721717,0
1596160456.3829331,90.89330272939166,0.24494444424721717,0
1596160456.3929331,92.69171314504108,0.24494444424721717,0
1596160456.4029331,94.49098186757526,0.24494444424721717,0
1596160456.412933,96.29243927266559,0.24494444424721717,0
1596160456.422933,98.09183674123248,0.24494444424721717,0
1596160456.432933,99.89063339498004,0.24494444424721717,0
1596160456.442933,101.6908891704317,0.24494444424721717,0
1596160456.452933,103.49161701466998,0.24494444424721717,0
1596160456.462933,105.29255943562946,0.24494444424721717,0
1596160456.472933,107.09264354970416,0.24494444424721717,0
1596160456.482933,108.89075355794391,0.24494444424721717,0
1596160456.492933,110.69276886250934,0.24494444424721717,0
1596160456.502933,112.49298172261676,0.24494444424721717,0
1596160456.512933,114.2913063075777,0.24494444424721717,0
1596160456.522933,116.09289245870075,0.24494444424721717,0
1596160456.532933,117.89319114949664,0.24494444424721717,0
1596160456.542933,119.69104366567096,0.24494444424721717,0
1596160456.552933,121.49215774800739,0.24494444424721717,0
1596160456.562933,123.29254226949176,0.24494444424721717,0
1596160456.572933,125.09314136769733,0.24494444424721717,0
1596160456.582933,126.89069347646198,0.24494444424721717,0
1596160456.592933,128.6930091884371,0.24494444424721717,0
1596160456.602933,130.49099045064412,0.24494444424721717,0
1596160456.612933,132.29085998799764,0.24494444424721717,0
1596160456.622933,134.09085827138387,0.24494444424721717,0
1596160456.632933,135.8924444225069,0.24494444424721717,0
1596160456.642933,137.69085483815633,0.24494444424721717,0
1596160456.652933,139.4917972591158,0.24494444424721717,0
1596160456.6629329,141.29213886525594,0.24494444424721717,0
1596160456.6729329,143.09256630208455,0.24494444424721717,0
1596160456.6829329,144.89084797170125,0.24494444424721717,0
1596160456.6929328,146.69011669423543,0.24494444424721717,0
1596160456.7029328,148.49281864430867,0.24494444424721717,0
1596160456.7129328,150.29054241445027,0.24494444424721717,0
1596160456.7229328,152.09230022695027,0.24494444424721717,0
1596160456.7329328,153.89165478017293,0.24494444424721717,0
1596160456.7429328,155.6919105556246,0.24494444424721717,0
1596160456.7529328,157.4905355479952,0.24494444424721717,0
1596160456.7629328,159.29147796895467,0.24494444424721717,0
1596160456.7729328,161.0922487285372,0.24494444424721717,0
1596160456.7829328,162.89091663625203,0.24494444424721717,0
1596160456.7929327,164.6916444804903,0.24494444424721717,0
1596160456.8029327,166.4921577480074,0.24494444424721717,0
1596160456.8129327,168.29018192555867,0.24494444424721717,0
1596160456.82204,169.9292047527071,0.24494444424721717,0
1596160456.82204,169.9292047527071,0.24494444424721717,0
1596160456.8229327,170.09224014546834,0.24494444424721717,0
1596160456.8329327,171.88996391560994,0.24494444424721717,0
1596160456.8429327,173.6907775905367,0.24494444424721717,0
1596160456.8529327,175.48987465169392,0.24494444424721717,0
1596160456.8629327,177.29214744832478,0.24494444424721717,0
1596160456.8729327,179.09085827138387,0.24494444424721717,0
1596160456.8829327,180.89175777699907,0.24494444424721717,0
1596160456.8929327,182.69132690694292,0.24494444424721717,0
1596160456.9029326,184.49166851308306,0.24494444424721717,0
1596160456.9129326,186.29098015096147,0.24494444424721717,0
1596160456.9229326,188.09149341847856,0.24494444424721717,0
1596160456.9329326,189.8916204478975,0.24494444424721717,0
1596160456.9429326,191.6906745937105,0.24494444424721717,0
1596160456.9529326,193.4909732845064,0.24494444424721717,0
1596160456.9629326,195.290499499106,0.24494444424721717,0
1596160456.9729326,197.09118442800005,0.24494444424721717,0
1596160456.9829326,198.89058189656694,0.24494444424721717,0
1596160456.9929326,200.69246845509966,0.24494444424721717,0
1596160457.0029325,202.49302463796099,0.24494444424721717,0
1596160457.0129325,204.2907484081026,0.24494444424721717,0
1596160457.0229325,206.09169082906206,0.24494444424721717,0
1596160457.0329325,207.89100246694048,0.24494444424721717,0
1596160457.0429325,209.69001369740923,0.24494444424721717,0
1596160457.0529325,211.4906127956148,0.24494444424721717,0
1596160457.0629325,213.29245643880327,0.24494444424721717,0
1596160457.0729325,215.09073810841997,0.24494444424721717,0
1596160457.0829325,216.89099388387163,0.24494444424721717,0
1596160457.0929325,218.69000511434038,0.24494444424721717,0
1596160457.1029325,220.49184875752886,0.24494444424721717,0
1596160457.1129324,222.2914178874727,0.24494444424721717,0
1596160457.1229324,224.09197407033403,0.24494444424721717,0
1596160457.1329324,225.89244442250688,0.24494444424721717,0
1596160457.1429324,227.6914127376314,0.24494444424721717,0
1596160457.1529324,229.49068146016558,0.24494444424721717,0
1596160457.1629324,231.29308300282915,0.24494444424721717,0
1596160457.1729324,233.09037761952837,0.24494444424721717,0
1596160457.1829324,234.8925216701265,0.24494444424721717,0
1596160457.1929324,236.6904600169893,0.24494444424721717,0
1596160457.2029324,238.49028663899858,0.24494444424721717,0
1596160457.2129323,240.291400721335,0.24494444424721717,0
1596160457.2229323,242.09298687245806,0.24494444424721717,0
1596160457.2329323,243.89216976430376,0.24494444424721717,0
1596160457.2429323,245.693069269919,0.24494444424721717,0
1596160457.2529323,247.49014930989702,0.24494444424721717,0
1596160457.2629323,249.2901905086275,0.24494444424721717,0
1596160457.2729323,251.0904033687349,0.24494444424721717,0
1596160457.2829323,252.89138870503862,0.24494444424721717,0
1596160457.2929323,254.6923311259981,0.24494444424721717,0
1596160457.3029323,256.4926727321382,0.24494444424721717,0
1596160457.3129323,258.29258518483596,0.24494444424721717,0
1596160457.3221285,259.94512634541945,0.24494444424721717,0
1596160457.3221285,259.94512634541945,0.24494444424721717,0
1596160457.3229322,260.0924976375337,0.24494444424721717,0
1596160457.3329322,261.8901784923311,0.24494444424721717,0
1596160457.3429322,263.6920650508638,0.24494444424721717,0
1596160457.3529322,265.4923637416597,0.24494444424721717,0
1596160457.3629322,267.2906454112764,0.24494444424721717,0
1596160457.3729322,269.0918882396455,0.24494444424721717,0
1596160457.3829322,270.88995533254104,0.24494444424721717,0
1596160457.3929322,272.6927001979585,0.24494444424721717,0
1596160457.4029322,274.490767290854,0.24494444424721717,0
1596160457.4129322,276.2900360133882,0.24494444424721717,0
1596160457.4229321,278.09140758779006,0.24494444424721717,0
1596160457.4329321,279.8930795696016,0.24494444424721717,0
1596160457.4429321,281.6928632762666,0.24494444424721717,0
1596160457.4529321,283.4911020305391,0.24494444424721717,0
1596160457.462932,285.29268818166213,0.24494444424721717,0
1596160457.472932,287.0907981899019,0.24494444424721717,0
1596160457.482932,288.8910968806978,0.24494444424721717,0
1596160457.492932,290.69169597890334,0.24494444424721717,0
1596160457.502932,292.4912651088472,0.24494444424721717,0
1596160457.512932,294.29117756154494,0.24494444424721717,0
1596160457.522932,296.08993129994826,0.24494444424721717,0
1596160457.532932,297.89190368916945,0.24494444424721717,0
1596160457.542932,299.69018535878615,0.24494444424721717,0
1596160457.552932,301.4923294093843,0.24494444424721717,0
1596160457.562932,303.2917268779512,0.24494444424721717,0
1596160457.572932,305.0920684840913,0.24494444424721717,0
1596160457.582932,306.8930109050508,0.24494444424721717,0
1596160457.592932,308.6924942043062,0.24494444424721717,0
1596160457.602932,310.49279289510207,0.24494444424721717,0
1596160457.612932,312.29158954884963,0.24494444424721717,0
1596160457.622932,314.0906007793184,0.24494444424721717,0
1596160457.632932,315.891929438376,0.24494444424721717,0
1596160457.642932,317.69295769002395,0.24494444424721717,0
1596160457.652932,319.490037730002,0.24494444424721717,0
1596160457.662932,321.2928255107637,0.24494444424721717,0
1596160457.672932,323.09286670949416,0.24494444424721717,0
1596160457.682932,324.8902042415376,0.24494444424721717,0
1596160457.692932,326.68998794820266,0.24494444424721717,0
1596160457.702932,328.49273281362014,0.24494444424721717,0
1596160457.7129319,330.2911003139253,0.24494444424721717,0
1596160457.7229319,332.0926435497041,0.24494444424721717,0
1596160457.7329319,333.8908823039766,0.24494444424721717,0
1596160457.7429318,335.69225387837844,0.24494444424721717,0
1596160457.7529318,337.4913938548799,0.24494444424721717,0
1596160457.7629318,339.2903621700044,0.24494444424721717,0
1596160457.7729318,341.09284954335646,0.24494444424721717,0
1596160457.7829318,342.89259033467727,0.24494444424721717,0
1596160457.7929318,344.691601565146,0.24494444424721717,0
1596160457.8029318,346.49293022420363,0.24494444424721717,0
1596160457.8129318,348.290611079001,0.24494444424721717,0
1596160457.8229318,350.09073810841994,0.24494444424721717,0
1596160457.8329318,351.89013557698684,0.24494444424721717,0
1596160457.8385344,352.8981740977998,0.24494444424721717,0
1596160457.8385344,352.8981740977998,0.24494444424721717,0
1596160457.8429317,353.6906488445039,0.24494444424721717,0
1596160457.8529317,355.4929216411348,0.24494444424721717,0
1596160457.8629317,357.28983001973586,0.24494444424721717,0
1596160457.8729317,359.0897424724336,0.24494444424721717,0
1596160457.8779895,360,0.24494444424721717,1
1596160457.8779895,0,0,0
1596160457.8879895,303.2268385391675,1.6745747219088134,0
1596160457.8979895,305.0236610870801,1.6745747219088134,0
1596160457.9079895,306.8267492752515,1.6745747219088134,0
1596160457.9179895,308.6260609131299,1.6745747219088134,0
1596160457.9279895,310.42352719120606,1.6745747219088134,0
1596160457.9379895,312.2262291412793,1.6745747219088134,0
1596160457.9479895,314.02524037174805,1.6745747219088134,0
1596160457.9579895,315.8252386551343,1.6745747219088134,0
1596160457.9679894,317.6263527374707,1.6745747219088134,0
1596160457.9779894,319.4251923065625,1.6745747219088134,0
1596160457.9879894,321.22476143650636,1.6745747219088134,0
1596160457.9979894,323.02596134953126,1.6745747219088134,0
1596160458.0079894,324.8246292572461,1.6745747219088134,0
1596160458.0179894,326.62488503269776,1.6745747219088134,0
1596160458.0279894,328.42629952244386,1.6745747219088134,0
1596160458.0379894,330.22513909153565,1.6745747219088134,0
1596160458.0479894,332.02440781406983,1.6745747219088134,0
1596160458.0579894,333.82483525089845,1.6745747219088134,0
1596160458.0679893,335.62513394169434,1.6745747219088134,0
1596160458.0779893,337.42500347904786,1.6745747219088134,0
1596160458.0879893,339.2252592544995,1.6745747219088134,0
1596160458.0979893,341.0259870987378,1.6745747219088134,0
1596160458.1079893,342.8258566360913,1.6745747219088134,0
1596160458.1179893,344.62495369724854,1.6745747219088134,0
1596160458.1279893,346.42469448856934,1.6745747219088134,0
1596160458.1379893,348.22400612644776,1.6745747219088134,0
1596160458.1479893,350.02632183842286,1.6745747219088134,0
1596160458.1579893,351.82537598423585,1.6745747219088134,0
1596160458.1679893,353.62464470677,1.6745747219088134,0
1596160458.1779892,355.4236559372388,1.6745747219088134,0
1596160458.1879892,357.226357887312,1.6745747219088134,0
1596160458.1979892,359.02622742466554,1.6745747219088134,0
1596160458.2034335,360,1.6745747219088134,1
1596160458.2034335,0,0,0
1596160458.2134335,1.8012428283691406,0,0
1596160458.2234335,3.6004257202148438,0,0
1596160458.2334335,5.402827262878418,0,0
1596160458.2434335,7.202353477478027,0,0
1596160458.2534335,9.000892639160156,0,0
1596160458.2634335,10.80080509185791,0,0
1596160458.2734334,12.600631713867188,0,0
1596160458.2834334,14.402990341186523,0,0
1596160458.2934334,16.202731132507324,0,0
1596160458.3034334,18.001527786254883,0,0
1596160458.3134334,19.801912307739258,0,0
1596160458.3234334,21.599979400634766,0,0
1596160458.3334334,23.401050567626953,0,0
1596160458.3434334,25.200533866882324,0,0
1596160458.3534334,27.00040340423584,0,0
1596160458.3634334,28.80168914794922,0,0
1596160458.3734334,30.602846145629883,0,0
1596160458.3834333,32.400054931640625,0,0
1596160458.3934333,34.20310020446777,0,0
1596160458.4034333,36.000823974609375,0,0
1596160458.4134333,37.801594734191895,0,0
1596160458.4234333,39.60318088531494,0,0
1596160458.4334333,41.40339374542236,0,0
1596160458.4434333,43.20176124572754,0,0
1596160458.4534333,45.0029182434082,0,0
1596160458.4634333,46.801371574401855,0,0
1596160458.4734333,48.600382804870605,0,0
1596160458.4834332,50.4023551940918,0,0
1596160458.4934332,52.20110893249512,0,0
1596160458.5034332,54.00012016296387,0,0
1596160458.5134332,55.80127716064453,0,0
1596160458.5234332,57.602949142456055,0,0
1596160458.5334332,59.40204620361328,0,0
1596160458.5434332,61.200714111328125,0,0
1596160458.5534332,63.00281524658203,0,0
1596160458.5634332,64.80328559875488,0,0
1596160458.5734332,66.60336971282959,0,0
1596160458.5834332,68.4025526046753,0,0
1596160458.5934331,70.20306587219238,0,0
1596160458.6034331,72.00280666351318,0,0
1596160458.6134331,73.80254745483398,0,0
1596160458.623433,75.60280323028564,0,0
1596160458.633433,77.40009784698486,0,0
1596160458.643433,79.20121192932129,0,0
1596160458.653433,80.99992275238037,0,0
1596160458.663433,82.80198097229004,0,0
1596160458.673433,84.60159301757812,0,0
1596160458.683433,86.4025354385376,0,0
1596160458.693433,88.20077419281006,0,0
1596160458.703433,90.00012874603271,0,0
1596160458.713433,91.802659034729,0,0
1596160458.723433,93.60012531280518,0,0
1596160458.733433,95.40321350097656,0,0
1596160458.743433,97.20140933990479,0,0
1596160458.753433,99.00226593017578,0,0
1596160458.763433,100.80260753631592,0,0
1596160458.773433,102.60114669799805,0,0
1596160458.783433,104.40062999725342,0,0
1596160458.793433,106.20273113250732,0,0
1596160458.7936158,106.23281478881836,0,0
1596160458.7936158,106.23281478881836,0,0
1596160458.803433,108.00247192382812,0,0
1596160458.813433,109.79989528656006,0,0
1596160458.823433,111.60122394561768,0,0
1596160458.833433,113.40311050415039,0,0
1596160458.843433,115.20233631134033,0,0
1596160458.853433,117.0027208328247,0,0
1596160458.863433,118.80271911621094,0,0
1596160458.8734329,120.6018590927124,0,0
1596160458.8834329,122.40078449249268,0,0
1596160458.8934329,124.20305728912354,0,0
1596160458.9034328,126.00301265716553,0,0
1596160458.9134328,127.80133724212646,0,0
1596160458.9234328,129.60004806518555,0,0
1596160458.9334328,131.40103340148926,0,0
1596160458.9434328,133.20184707641602,0,0
1596160458.9534328,135.00240325927734,0,0
1596160458.9634328,136.79991245269775,0,0
1596160458.9734328,138.60008239746094,0,0
1596160458.9834328,140.3999948501587,0,0
1596160458.9934328,142.2028684616089,0,0
1596160459.0034328,144.00290966033936,0,0
1596160459.0134327,145.79998970031738,0,0
1596160459.0234327,147.60114669799805,0,0
1596160459.0334327,149.40226078033447,0,0
1596160459.0434327,151.2011432647705,0,0
1596160459.0534327,153.00169944763184,0,0
1596160459.0634327,154.80221271514893,0,0
1596160459.0734327,156.6005802154541,0,0
1596160459.0834327,158.40238094329834,0,0
1596160459.0934327,160.20023345947266,0,0
1596160459.1034327,162.00263500213623,0,0
1596160459.1134326,163.8017749786377,0,0
1596160459.1234326,165.60048580169678,0,0
1596160459.1334326,167.40129947662354,0,0
1596160459.1434326,169.20146942138672,0,0
1596160459.1534326,171.00159645080566,0,0
1596160459.1634326,172.80266761779785,0,0
1596160459.1734326,174.60275173187256,0,0
1596160459.1834326,176.4008617401123,0,0
1596160459.1934326,178.20090293884277,0,0
1596160459.2034326,180.00150203704834,0,0
1596160459.2134326,181.802659034729,0,0
1596160459.2234325,183.6011552810669,0,0
1596160459.2334325,185.40081024169922,0,0
1596160459.2434325,187.2023105621338,0,0
1596160459.2534325,189.00084972381592,0,0
1596160459.2634325,190.80149173736572,0,0
1596160459.2734325,192.6007604598999,0,0
1596160459.2834325,194.40294742584229,0,0
1596160459.2934325,196.20273113250732,0,0
1596160459.3034325,198.0019998550415,0,0
1596160459.3134325,199.80298519134521,0,0
1596160459.3162806,200.3124761581421,0,0
1596160459.3162806,200.3124761581421,0,0
1596160459.3234324,201.60272598266602,0,0
1596160459.3334324,203.40105056762695,0,0
1596160459.3434324,205.2020788192749,0,0
1596160459.3534324,207.00151920318604,0,0
1596160459.3634324,208.80284786224365,0,0
1596160459.3734324,210.60014247894287,0,0
1596160459.3834324,212.40211486816406,0,0
1596160459.3934324,214.20254230499268,0,0
1596160459.4034324,216.001296043396,0,0
1596160459.4134324,217.8006076812744,0,0
1596160459.4234324,219.60150718688965,0,0
1596160459.4334323,221.40249252319336,0,0
1596160459.4434323,223.20111751556396,0,0
1596160459.4534323,225.0031328201294,0,0
1596160459.4634323,226.8017578125,0,0
1596160459.4734323,228.60188484191895,0,0
1596160459.4834323,230.40020942687988,0,0
1596160459.4934323,232.2020959854126,0,0
1596160459.5034323,234.0005922317505,0,0
1596160459.5134323,235.8003330230713,0,0
1596160459.5234323,237.60003089904785,0,0
1596160459.5334322,239.39985752105713,0,0
1596160459.5434322,241.202130317688,0,0
1596160459.5438972,241.28345489501953,0,0
1596160459.5438972,241.28345489501953,0,0
1596160459.5534322,243.00238609313965,0,0
1596160459.5634322,244.80066776275635,0,0
1596160459.5734322,246.60070896148682,0,0
1596160459.5834322,248.40281009674072,0,0
1596160459.5934322,250.20079135894775,0,0
1596160459.6034322,252.0029354095459,0,0
1596160459.6134322,253.8013458251953,0,0
1596160459.6234322,255.60254573822021,0,0
1596160459.6334321,257.40018367767334,0,0
1596160459.6434321,259.201340675354,0,0
1596160459.6534321,261.0015535354614,0,0
1596160459.6634321,262.8006935119629,0,0
1596160459.673432,264.6009922027588,0,0
1596160459.683432,266.4004325866699,0,0
1596160459.693432,268.2022762298584,0,0
1596160459.703432,270.00184535980225,0,0
1596160459.713432,271.8030023574829,0,0
1596160459.723432,273.6006832122803,0,0
1596160459.733432,275.4011535644531,0,0
1596160459.743432,277.2027397155762,0,0
1596160459.753432,278.9997339248657,0,0
1596160459.763432,280.80132007598877,0,0
1596160459.773432,282.6016616821289,0,0
1596160459.783432,284.4014883041382,0,0
1596160459.793432,286.2005424499512,0,0
1596160459.803432,288.00058364868164,0,0
1596160459.813432,289.8023843765259,0,0
1596160459.823432,291.6012239456177,0,0
1596160459.833432,293.4003210067749,0,0
1596160459.843432,295.2005338668823,0,0
1596160459.853432,297.00242042541504,0,0
1596160459.863432,298.80138874053955,0,0
1596160459.873432,300.60258865356445,0,0
1596160459.883432,302.4030590057373,0,0
1596160459.893432,304.19983863830566,0,0
1596160459.903432,306.0018539428711,0,0
1596160459.913432,307.8013801574707,0,0
1596160459.9234319,309.59991931915283,0,0
1596160459.9334319,311.4023208618164,0,0
1596160459.9434319,313.2001733779907,0,0
1596160459.9534318,314.99974250793457,0,0
1596160459.9634318,316.8024444580078,0,0
1596160459.9734318,318.60029697418213,0,0
1596160459.9834318,320.40162563323975,0,0
1596160459.9934318,322.19977855682373,0,0
