Type = Mirollor Strogatz (-ish),Function = Mirollor Strogatz,Refract = 0.1,Epsilon = 0.05,B = 5,Start_phase = 0
Timestamp,Phase,Offset,Ping?
1595820131.0000186,0,0,0
1595820131.0100427,1.803131103515625,0.0,0
1595820131.0200274,3.6003828048706055,0.0,0
1595820131.030028,5.400509834289551,0.0,0
1595820131.0400305,7.200937271118164,0.0,0
1595820131.0500355,9.001836776733398,0.0,0
1595820131.0600386,10.802392959594727,0.0,0
1595820131.0700421,12.603034973144531,0.0,0
1595820131.0800407,14.402775764465332,0.0,0
1595820131.0900373,16.202173233032227,0.0,0
1595820131.100038,18.002300262451172,0.0,0
1595820131.1100328,19.80135440826416,0.0,0
1595820131.1200407,21.602768898010254,0.0,0
1595820131.1300285,23.400578498840332,0.0,0
1595820131.1400294,25.200748443603516,0.0,0
1595820131.1500359,27.00190544128418,0.0,0
1595820131.1600306,28.800959587097168,0.0,0
1595820131.170035,30.601730346679688,0.0,0
1595820131.1800368,32.402071952819824,0.0,0
1595820131.1900342,34.201598167419434,0.0,0
1595820131.2000306,36.00095272064209,0.0,0
1595820131.2100413,37.80288219451904,0.0,0
1595820131.2200272,39.600348472595215,0.0,0
1595820131.2300289,41.40064716339111,0.0,0
1595820131.2400434,43.20326328277588,0.0,0
1595820131.2500436,45.00330448150635,0.0,0
1595820131.2600393,46.80253028869629,0.0,0
1595820131.2700381,48.60231399536133,0.0,0
1595820131.2800279,50.40046691894531,0.0,0
1595820131.2900355,52.20183849334717,0.0,0
1595820131.3000345,54.001665115356445,0.0,0
1595820131.3100436,55.80329418182373,0.0,0
1595820131.3200288,57.60063171386719,0.0,0
1595820131.3300424,59.403076171875,0.0,0
1595820131.3400362,61.201958656311035,0.0,0
1595820131.3500443,63.00341606140137,0.0,0
1595820131.3600368,64.80208396911621,0.0,0
1595820131.370038,66.60229682922363,0.0,0
1595820131.3800414,68.4028959274292,0.0,0
1595820131.390031,70.20104885101318,0.0,0
1595820131.4000282,72.00053215026855,0.0,0
1595820131.410034,73.8015604019165,0.0,0
1595820131.4200435,75.60327529907227,0.0,0
1595820131.4300272,77.4003553390503,0.0,0
1595820131.4400377,79.20224189758301,0.0,0
1595820131.4500384,81.00236892700195,0.0,0
1595820131.46004,82.80266761779785,0.0,0
1595820131.470025,84.59996223449707,0.0,0
1595820131.4800282,86.4005184173584,0.0,0
1595820131.4900277,88.20043087005615,0.0,0
1595820131.5000417,90.00296115875244,0.0,0
1595820131.5100398,91.80261611938477,0.0,0
1595820131.5200374,93.60218524932861,0.0,0
1595820131.5300388,95.40244102478027,0.0,0
1595820131.540035,97.20175266265869,0.0,0
1595820131.5500405,99.0027379989624,0.0,0
1595820131.5600438,100.80333709716797,0.0,0
1595820131.5700362,102.60196208953857,0.0,0
1595820131.580043,104.40320491790771,0.0,0
1595820131.5900402,106.20268821716309,0.0,0
1595820131.6000378,108.00225734710693,0.0,0
1595820131.6100302,109.80088233947754,0.0,0
1595820131.6200423,111.60306930541992,0.0,0
1595820131.6300378,113.40225219726562,0.0,0
1595820131.6400259,115.20010471343994,0.0,0
1595820131.6500368,117.00207710266113,0.0,0
1595820131.6600413,118.80289077758789,0.0,0
1595820131.6700258,120.60009956359863,0.0,0
1595820131.6800394,122.40254402160645,0.0,0
1595820131.690029,124.20065402984619,0.0,0
1595820131.7000253,126.00000858306885,0.0,0
1595820131.710026,127.8001356124878,0.0,0
1595820131.7200344,129.60163593292236,0.0,0
1595820131.7300348,131.40172004699707,0.0,0
1595820131.7400398,133.2026195526123,0.0,0
1595820131.7500334,135.0014591217041,0.0,0
1595820131.760042,136.8030023574829,0.0,0
1595820131.7700388,138.60244274139404,0.0,0
1595820131.780039,140.4024839401245,0.0,0
1595820131.7900326,142.2013235092163,0.0,0
1595820131.800032,144.00119304656982,0.0,0
1595820131.810033,145.80140590667725,0.0,0
1595820131.8200297,147.60080337524414,0.0,0
1595820131.8300261,149.4001579284668,0.0,0
1595820131.840033,151.20140075683594,0.0,0
1595820131.8500247,152.99989700317383,0.0,0
1595820131.8600247,154.79989528656006,0.0,0
1595820131.8700333,156.60143852233887,0.0,0
1595820131.8800354,158.40182304382324,0.0,0
1595820131.89004,160.20263671875,0.0,0
1595820131.9000418,162.00297832489014,0.0,0
1595820131.9100296,163.80078792572021,0.0,0
1595820131.920039,165.60245990753174,0.0,0
1595820131.9300306,167.40095615386963,0.0,0
1595820131.9400377,169.202241897583,0.0,0
1595820131.950033,171.00138187408447,0.0,0
1595820131.9600263,172.80017852783203,0.0,0
1595820131.97003,174.60086345672607,0.0,0
1595820131.980031,176.40103340148926,0.0,0
1595820131.990026,178.20013046264648,0.0,0
1595820132.0000408,180.0027894973755,0.0,0
1595820132.007191,181.28982067108154,0.0,0
1595820132.007191,233.47436047654605,0.2899141100303584,0
1595820132.0100358,233.98642636399723,0.2899141100303584,0
1595820132.020032,235.78573800187564,0.2899141100303584,0
1595820132.030038,237.58685208421207,0.2899141100303584,0
1595820132.040037,239.3866357908771,0.2899141100303584,0
1595820132.0500417,241.1874923811481,0.2899141100303584,0
1595820132.0600362,242.98650361161685,0.2899141100303584,0
1595820132.0700243,244.78435612779117,0.2899141100303584,0
1595820132.0800347,246.58624268632389,0.2899141100303584,0
1595820132.0900342,248.38615513902164,0.2899141100303584,0
1595820132.1000354,250.18636799912906,0.2899141100303584,0
1595820132.110043,251.98773957353092,0.2899141100303584,0
1595820132.1200368,253.78662205796695,0.2899141100303584,0
1595820132.1300356,255.586405764632,0.2899141100303584,0
1595820132.140035,257.3862753019855,0.2899141100303584,0
1595820132.1500387,259.18696023087955,0.2899141100303584,0
1595820132.1600287,260.9851560698078,0.2899141100303584,0
1595820132.1700425,262.7876434431598,0.2899141100303584,0
1595820132.180036,264.5864830122516,0.2899141100303584,0
1595820132.1900308,266.3855371580646,0.2899141100303584,0
1595820132.2000365,268.18656540971256,0.2899141100303584,0
1595820132.2100348,269.9862632856891,0.2899141100303584,0
1595820132.2200422,271.78759194474674,0.2899141100303584,0
1595820132.230025,273.5845003233478,0.2899141100303584,0
1595820132.2400413,275.38741685014224,0.2899141100303584,0
1595820132.2500322,277.1857843504474,0.2899141100303584,0
1595820132.2600296,278.98531056504703,0.2899141100303584,0
1595820132.2700331,280.78595257859683,0.2899141100303584,0
1595820132.2800279,282.5850067244098,0.2899141100303584,0
1595820132.2900312,284.3856058226154,0.2899141100303584,0
1595820132.300026,286.1846599684284,0.2899141100303584,0
1595820132.310028,287.98504448991275,0.2899141100303584,0
1595820132.3200274,289.78491402726627,0.2899141100303584,0
1595820132.3300297,291.5853414640949,0.2899141100303584,0
1595820132.340037,293.3866701231525,0.2899141100303584,0
1595820132.3500385,295.18692589860416,0.2899141100303584,0
1595820132.360042,296.98756791215396,0.2899141100303584,0
1595820132.3700256,298.78460503678775,0.2899141100303584,0
1595820132.380032,300.5857620344684,0.2899141100303584,0
1595820132.3900354,302.386361132674,0.2899141100303584,0
1595820132.400025,304.18447114091373,0.2899141100303584,0
1595820132.4100308,305.9855423079059,0.2899141100303584,0
1595820132.4200318,307.7857122526691,0.2899141100303584,0
1595820132.430027,309.58485222917056,0.2899141100303584,0
1595820132.4400294,311.3852796659992,0.2899141100303584,0
1595820132.4500346,313.18622208695865,0.2899141100303584,0
1595820132.4600244,314.98437501054264,0.2899141100303584,0
1595820132.47003,316.7854032621906,0.2899141100303584,0
1595820132.4800339,318.5860881910846,0.2899141100303584,0
1595820132.4900343,320.38617230515933,0.2899141100303584,0
1595820132.5000377,322.1867714033649,0.2899141100303584,0
1595820132.510029,323.98522473435855,0.2899141100303584,0
1595820132.5200367,325.7865963087604,0.2899141100303584,0
1595820132.530039,327.587023745589,0.2899141100303584,0
1595820132.540039,329.38702202897525,0.2899141100303584,0
1595820132.550028,331.1850462065265,0.2899141100303584,0
1595820132.5600412,332.98740483384586,0.2899141100303584,0
1595820132.5700405,334.7872743711994,0.2899141100303584,0
1595820132.5800297,336.5853414640949,0.2899141100303584,0
1595820132.590027,338.3848676786945,0.2899141100303584,0
1595820132.600033,340.1859388456867,0.2899141100303584,0
1595820132.6100256,341.9846067534015,0.2899141100303584,0
1595820132.6200316,343.7856779203937,0.2899141100303584,0
1595820132.6300282,345.5850753889606,0.2899141100303584,0
1595820132.6400263,347.3847303495929,0.2899141100303584,0
1595820132.6500266,349.1847715483234,0.2899141100303584,0
1595820132.6600397,350.98713017564273,0.2899141100303584,0
1595820132.6700385,352.7869138823078,0.2899141100303584,0
1595820132.6800303,354.5854530439899,0.2899141100303584,0
1595820132.6900375,356.3867387877033,0.2899141100303584,0
1595820132.7000241,358.18433381181217,0.2899141100303584,0
1595820132.7100332,359.98596287827945,0.2899141100303584,0
1595820132.7101173,360,0.2899141100303584,1
1595820132.7101173,0,0,0
1595820132.7201185,1.8002128601074219,0,0
1595820132.7301314,3.6025285720825195,0,0
1595820132.7401257,5.401496887207031,0,0
1595820132.7501242,7.201237678527832,0,0
1595820132.7601178,9.000077247619629,0,0
1595820132.7701266,10.801663398742676,0,0
1595820132.7801268,12.601704597473145,0,0
1595820132.7901278,14.401874542236328,0,0
1595820132.8001359,16.20333194732666,0,0
1595820132.8101237,18.00114154815674,0,0
1595820132.8201308,19.802427291870117,0,0
1595820132.830122,21.60083770751953,0,0
1595820132.8401225,23.40092182159424,0,0
1595820132.8501258,25.201520919799805,0,0
1595820132.8601317,27.002592086791992,0,0
1595820132.870118,28.800101280212402,0,0
1595820132.8801317,30.602588653564453,0,0
1595820132.8901217,32.400784492492676,0,0
1595820132.9001193,34.20035362243652,0,0
1595820132.9101224,36.00090980529785,0,0
1595820132.9201236,37.80112266540527,0,0
1595820132.9301274,39.601807594299316,0,0
1595820132.9401357,41.40330791473389,0,0
1595820132.9501173,43.20000171661377,0,0
1595820132.960117,44.99995708465576,0,0
1595820132.9701295,46.80218696594238,0,0
1595820132.9801223,48.600897789001465,0,0
1595820132.9901195,50.400381088256836,0,0
1595820133.0001209,52.200636863708496,0,0
1595820133.0101204,54.00054931640625,0,0
1595820133.0201352,55.803208351135254,0,0
1595820133.0301254,57.601447105407715,0,0
1595820133.0401351,59.403204917907715,0,0
1595820133.050126,61.20157241821289,0,0
1595820133.0601335,63.00290107727051,0,0
1595820133.0701325,64.80272769927979,0,0
1595820133.080117,66.59993648529053,0,0
1595820133.0901175,68.40002059936523,0,0
1595820133.1001341,70.20302295684814,0,0
1595820133.110118,72.00010299682617,0,0
1595820133.1201317,73.80259037017822,0,0
1595820133.1301303,75.60233116149902,0,0
1595820133.14013,77.40228652954102,0,0
1595820133.1501358,79.20331478118896,0,0
1595820133.1601353,81.00322723388672,0,0
1595820133.170127,82.80172348022461,0,0
1595820133.1801195,84.60039138793945,0,0
1595820133.1901348,86.40313625335693,0,0
1595820133.2001178,88.20008754730225,0,0
1595820133.210128,90.00193119049072,0,0
1595820133.2201233,91.80107116699219,0,0
1595820133.230128,93.60192775726318,0,0
1595820133.2401223,95.4008960723877,0,0
1595820133.2501338,97.20295429229736,0,0
1595820133.2601256,99.00149345397949,0,0
1595820133.2701318,100.80260753631592,0,0
1595820133.280133,102.60282039642334,0,0
1595820133.2901204,104.40054416656494,0,0
1595820133.3001292,106.20213031768799,0,0
1595820133.3101318,108.00260066986084,0,0
1595820133.3201284,109.80199813842773,0,0
1595820133.3301249,111.60135269165039,0,0
1595820133.3401246,113.40130805969238,0,0
1595820133.3501208,115.2006196975708,0,0
1595820133.3601186,117.00023174285889,0,0
1595820133.3701193,118.80035877227783,0,0
1595820133.3801174,120.60001373291016,0,0
1595820133.390122,122.40082740783691,0,0
1595820133.4001307,124.20241355895996,0,0
1595820133.4101257,126.00151062011719,0,0
1595820133.4201202,127.80052185058594,0,0
1595820133.4301288,129.60206508636475,0,0
1595820133.4401252,131.4014196395874,0,0
1595820133.4501245,133.20128917694092,0,0
1595820133.460119,135.00030040740967,0,0
1595820133.470117,136.799955368042,0,0
1595820133.4801302,138.60231399536133,0,0
1595820133.4901195,140.40038108825684,0,0
1595820133.5001225,142.20093727111816,0,0
1595820133.5101166,143.99986267089844,0,0
1595820133.5201333,145.80286502838135,0,0
1595820133.5301254,147.60144710540771,0,0
1595820133.540129,149.40208911895752,0,0
1595820133.550117,151.19994163513184,0,0
1595820133.5601342,153.00302982330322,0,0
1595820133.570118,154.80010986328125,0,0
1595820133.580119,156.60027980804443,0,0
1595820133.5901215,158.40075016021729,0,0
1595820133.6001267,160.20169258117676,0,0
1595820133.6101315,162.00254917144775,0,0
1595820133.6201334,163.8028907775879,0,0
1595820133.6301348,165.60314655303955,0,0
1595820133.64012,167.400484085083,0,0
1595820133.6501231,169.20104026794434,0,0
1595820133.6601307,171.0024118423462,0,0
1595820133.6701224,172.80090808868408,0,0
1595820133.6801167,174.5998764038086,0,0
1595820133.6901226,176.40094757080078,0,0
1595820133.7001317,178.20257663726807,0,0
1595820133.7101345,180.00308990478516,0,0
1595820133.720128,181.80192947387695,0,0
1595820133.730133,183.6028289794922,0,0
1595820133.740126,185.40153980255127,0,0
1595820133.7501328,187.2027826309204,0,0
1595820133.7601318,189.0026092529297,0,0
1595820133.770135,190.80316543579102,0,0
1595820133.7801285,192.6020050048828,0,0
1595820133.790121,194.40067291259766,0,0
1595820133.7985501,195.91790199279785,0,0
1595820133.7985501,252.25718869100476,0.31299603721226066,0
1595820133.800127,252.54103077779675,0.31299603721226066,0
1595820133.8101301,254.34158696065808,0.31299603721226066,0
1595820133.8201234,256.14038361440566,0.31299603721226066,0
1595820133.8301253,257.9407252205458,0.31299603721226066,0
1595820133.8401222,259.74016560445693,0.31299603721226066,0
1595820133.8501234,261.54037846456436,0.31299603721226066,0
1595820133.86013,263.34157837758926,0.31299603721226066,0
1595820133.8701184,265.1394738091078,0.31299603721226066,0
1595820133.8801162,266.9390858543959,0.31299603721226066,0
1595820133.8901296,268.7414873970595,0.31299603721226066,0
1595820133.900123,270.54028405080703,0.31299603721226066,0
1595820133.9101238,272.3404539955702,0.31299603721226066,0
1595820133.9201324,274.141997231349,0.31299603721226066,0
1595820133.9301324,275.94199551473525,0.31299603721226066,0
1595820133.940135,277.7424658669081,0.31299603721226066,0
1595820133.9501173,279.5392884148207,0.31299603721226066,0
1595820133.960125,281.34065998922256,0.31299603721226066,0
1595820133.9701273,283.1410874260512,0.31299603721226066,0
1595820133.980126,284.940828217372,0.31299603721226066,0
1595820133.9901295,286.7414702309218,0.31299603721226066,0
1595820134.0001202,288.5397948158827,0.31299603721226066,0
1595820134.0101233,290.34035099874404,0.31299603721226066,0
1595820134.0201173,292.1392763985243,0.31299603721226066,0
1595820134.030132,293.9419354332533,0.31299603721226066,0
1595820134.0401301,295.74159039388564,0.31299603721226066,0
1595820134.0501175,297.53931416402725,0.31299603721226066,0
1595820134.0601187,299.33952702413467,0.31299603721226066,0
1595820134.0701284,301.14128483663467,0.31299603721226066,0
1595820134.0801332,302.94214142690566,0.31299603721226066,0
1595820134.0901165,304.7391356361952,0.31299603721226066,0
1595820134.1001308,306.54170884023574,0.31299603721226066,0
1595820134.1101284,308.3412779701796,0.31299603721226066,0
1595820134.1201274,310.14110459218887,0.31299603721226066,0
1595820134.1301172,311.93925751577285,0.31299603721226066,0
1595820134.1401289,313.74135865102676,0.31299603721226066,0
1595820134.150133,315.54208649526504,0.31299603721226066,0
1595820134.1601322,317.34195603261855,0.31299603721226066,0
1595820134.1701322,319.1419543160048,0.31299603721226066,0
1595820134.180116,320.9390343559828,0.31299603721226066,0
1595820134.1901278,322.74117840658096,0.31299603721226066,0
1595820134.2001295,324.54147709737686,0.31299603721226066,0
1595820134.2101176,326.3393296135512,0.31299603721226066,0
1595820134.2201324,328.1419886482802,0.31299603721226066,0
1595820134.230124,329.94048489461807,0.31299603721226066,0
1595820134.240125,331.74065483938125,0.31299603721226066,0
1595820134.25012,333.5397519005385,0.31299603721226066,0
1595820134.260122,335.34013642202285,0.31299603721226066,0
1595820134.2701209,337.1399201286879,0.31299603721226066,0
1595820134.2801323,338.94197834859756,0.31299603721226066,0
1595820134.2901294,340.74146164785293,0.31299603721226066,0
1595820134.3001244,342.54055870901016,0.31299603721226066,0
1595820134.3101308,344.3417157066908,0.31299603721226066,0
1595820134.3201213,346.1399973763075,0.31299603721226066,0
1595820134.3301187,347.93952359090713,0.31299603721226066,0
1595820134.3401272,349.74106682668594,0.31299603721226066,0
1595820134.3501205,351.5398634804335,0.31299603721226066,0
1595820134.3601325,353.34200753103164,0.31299603721226066,0
1595820134.3701305,355.14166249166396,0.31299603721226066,0
1595820134.3801277,356.94114579091934,0.31299603721226066,0
1595820134.3901289,358.74135865102676,0.31299603721226066,0
1595820134.3971298,360,0.31299603721226066,1
1595820134.3971298,0,0,0
1595820134.4071486,1.8033885955810547,0,0
1595820134.4171472,3.6031293869018555,0,0
1595820134.4271297,5.399994850158691,0,0
1595820134.437137,7.20128059387207,0,0
1595820134.4471385,9.001579284667969,0,0
1595820134.4571304,10.800118446350098,0,0
1595820134.4671485,12.603378295898438,0,0
1595820134.477137,14.40131664276123,0,0
1595820134.4871342,16.2007999420166,0,0
1595820134.4971397,18.001785278320312,0,0
1595820134.5071366,19.801225662231445,0,0
1595820134.517142,21.602210998535156,0,0
1595820134.527147,23.40311050415039,0,0
1595820134.5371482,25.203323364257812,0,0
1595820134.547146,27.0029354095459,0,0
1595820134.557146,28.80293369293213,0,0
1595820134.5671341,30.600786209106445,0,0
1595820134.5771422,32.40224361419678,0,0
1595820134.5871358,34.201083183288574,0,0
1595820134.5971372,36.001338958740234,0,0
1595820134.607133,37.800564765930176,0,0
1595820134.6171367,39.60124969482422,0,0
1595820134.627137,41.40129089355469,0,0
1595820134.6371484,43.203349113464355,0,0
1595820134.647141,45.0020170211792,0,0
1595820134.6571426,46.8023157119751,0,0
1595820134.6671467,48.60304355621338,0,0
1595820134.6771467,50.40304183959961,0,0
1595820134.687131,52.20020771026611,0,0
1595820134.6971347,54.000892639160156,0,0
1595820134.7071383,55.80153465270996,0,0
1595820134.71713,57.60003089904785,0,0
1595820134.727132,59.40041542053223,0,0
1595820134.7371323,61.200456619262695,0,0
1595820134.7471323,63.000454902648926,0,0
1595820134.7571485,64.80337142944336,0,0
1595820134.7671442,66.6025972366333,0,0
1595820134.7771428,68.4023380279541,0,0
1595820134.7871435,70.20246505737305,0,0
1595820134.7971408,72.00199127197266,0,0
1595820134.8071363,73.80117416381836,0,0
1595820134.8171327,75.60052871704102,0,0
1595820134.8271315,77.40031242370605,0,0
1595820134.8371432,79.20241355895996,0,0
1595820134.8471432,81.00241184234619,0,0
1595820134.857139,82.80168056488037,0,0
1595820134.8671408,84.60197925567627,0,0
1595820134.8771384,86.40154838562012,0,0
1595820134.8871307,88.20017337799072,0,0
1595820134.8971334,90.00064373016357,0,0
1595820134.9071457,91.8028736114502,0,0
1595820134.9171336,93.60068321228027,0,0
1595820134.9271317,95.4003381729126,0,0
1595820134.9371397,97.20179557800293,0,0
1595820134.947147,99.00308132171631,0,0
1595820134.9571435,100.8024787902832,0,0
1595820134.9671464,102.6029920578003,0,0
1595820134.9771307,104.4001579284668,0,0
1595820134.987141,106.20200157165527,0,0
1595820134.9971297,107.9999828338623,0,0
1595820135.0071404,109.80191230773926,0,0
1595820135.0171432,111.60242557525635,0,0
1595820135.0271466,113.40302467346191,0,0
1595820135.0371354,115.20100593566895,0,0
1595820135.0471475,117.00319290161133,0,0
1595820135.0571308,118.80018711090088,0,0
1595820135.0671332,120.60061454772949,0,0
1595820135.0771325,122.40048408508301,0,0
1595820135.0871387,124.20159816741943,0,0
1595820135.097135,126.00095272064209,0,0
1595820135.10713,127.80004978179932,0,0
1595820135.1171312,129.60026264190674,0,0
1595820135.1271365,131.4012050628662,0,0
1595820135.1371295,133.19995880126953,0,0
1595820135.147135,135.00094413757324,0,0
1595820135.1571336,136.80068492889404,0,0
1595820135.1671424,138.6022710800171,0,0
1595820135.177142,140.40218353271484,0,0
1595820135.1871293,142.19990730285645,0,0
1595820135.1971445,144.00265216827393,0,0
1595820135.2071424,145.802264213562,0,0
1595820135.217129,147.5998592376709,0,0
1595820135.2271395,149.4017457962036,0,0
1595820135.2371476,151.20320320129395,0,0
1595820135.2471414,153.00208568572998,0,0
1595820135.2571325,154.8004961013794,0,0
1595820135.26714,156.601824760437,0,0
1595820135.277142,158.4022092819214,0,0
1595820135.28713,160.2000617980957,0,0
1595820135.297135,162.00096130371094,0,0
1595820135.307132,163.80040168762207,0,0
1595820135.317131,165.60022830963135,0,0
1595820135.327146,167.4029302597046,0,0
1595820135.3371358,169.20108318328857,0,0
1595820135.347132,171.000394821167,0,0
1595820135.3571384,172.80155181884766,0,0
1595820135.3671365,174.60120677947998,0,0
1595820135.3771446,176.4026641845703,0,0
1595820135.387136,178.20111751556396,0,0
1595820135.3971336,180.0006866455078,0,0
1595820135.4071326,181.8005132675171,0,0
1595820135.4171362,183.6011552810669,0,0
1595820135.427145,185.40274143218994,0,0
1595820135.4371326,187.20050811767578,0,0
1595820135.4471462,189.0029525756836,0,0
1595820135.4571316,190.8003330230713,0,0
1595820135.4671314,192.60028839111328,0,0
1595820135.4771364,194.40118789672852,0,0
1595820135.4871411,196.2020444869995,0,0
1595820135.4971359,198.0010986328125,0,0
1595820135.5071456,199.8028564453125,0,0
1595820135.5171397,201.60178184509277,0,0
1595820135.5271387,203.40160846710205,0,0
1595820135.5371435,205.20246505737305,0,0
1595820135.5471292,206.99988842010498,0,0
1595820135.5571396,208.8017749786377,0,0
1595820135.5671303,210.60009956359863,0,0
1595820135.577145,212.40275859832764,0,0
1595820135.5871463,214.20297145843506,0,0
1595820135.597135,216.0009527206421,0,0
1595820135.6071453,217.80279636383057,0,0
1595820135.6171381,219.60150718688965,0,0
1595820135.622404,220.54937839508057,0,0
1595820135.622404,283.88463044208044,0.35186251137222135,0
1595820135.627142,284.73744416278356,0.35186251137222135,0
1595820135.6371412,286.5373137001371,0.35186251137222135,0
1595820135.6471474,288.3384277824735,0.35186251137222135,0
1595820135.657147,290.13834023517126,0.35186251137222135,0
1595820135.667134,291.9360210899686,0.35186251137222135,0
1595820135.6771364,293.73644852679723,0.35186251137222135,0
1595820135.687136,295.536360979495,0.35186251137222135,0
1595820135.6971338,297.3359730247831,0.35186251137222135,0
1595820135.7071419,299.1374304298734,0.35186251137222135,0
1595820135.7171373,300.9366133217191,0.35186251137222135,0
1595820135.7271376,302.7366545204496,0.35186251137222135,0
1595820135.7371294,304.5351936821317,0.35186251137222135,0
1595820135.7471366,306.3364794258451,0.35186251137222135,0
1595820135.7571323,308.135705233035,0.35186251137222135,0
1595820135.767144,309.93780636828893,0.35186251137222135,0
1595820135.7771323,311.7357017998075,0.35186251137222135,0
1595820135.7871332,313.53587174457067,0.35186251137222135,0
1595820135.7971323,315.33569836657995,0.35186251137222135,0
1595820135.807134,317.13599705737585,0.35186251137222135,0
1595820135.8171303,318.9353516105985,0.35186251137222135,0
1595820135.8271341,320.73603653949255,0.35186251137222135,0
1595820135.837139,322.53689312976354,0.35186251137222135,0
1595820135.8471334,324.3359043602323,0.35186251137222135,0
1595820135.857144,326.13783383410924,0.35186251137222135,0
1595820135.8671448,327.9379608635282,0.35186251137222135,0
1595820135.8771286,329.7350409035062,0.35186251137222135,0
1595820135.8871331,331.535854578433,0.35186251137222135,0
1595820135.8971417,333.3373978142118,0.35186251137222135,0
1595820135.9071457,335.13812565845006,0.35186251137222135,0
1595820135.9171374,336.93662190478796,0.35186251137222135,0
1595820135.9271472,338.73837971728796,0.35186251137222135,0
1595820135.937139,340.5369188789701,0.35186251137222135,0
1595820135.9471283,342.3349859718656,0.35186251137222135,0
1595820135.9571471,344.13837456744665,0.35186251137222135,0
1595820135.9671345,345.93609833758825,0.35186251137222135,0
1595820135.9771442,347.73785615008825,0.35186251137222135,0
1595820135.9871447,349.53794026416296,0.35186251137222135,0
1595820135.9971445,351.33789563220495,0.35186251137222135,0
1595820136.0071309,353.1354477409696,0.35186251137222135,0
1595820136.0171309,354.9354460243558,0.35186251137222135,0
1595820136.0271463,356.73823380511755,0.35186251137222135,0
1595820136.0371408,358.5372450355863,0.35186251137222135,0
1595820136.0452783,360,0.35186251137222135,1
1595820136.0452783,0,0,0
1595820136.0552819,1.8006420135498047,0,0
1595820136.0652862,3.601412773132324,0,0
1595820136.0752938,5.40278434753418,0,0
1595820136.0852911,7.202310562133789,0,0
1595820136.095282,9.000678062438965,0,0
1595820136.1052792,10.800161361694336,0,0
1595820136.1152804,12.600374221801758,0,0
1595820136.1252928,14.402604103088379,0,0
1595820136.1352963,16.203246116638184,0,0
1595820136.1452918,18.002429008483887,0,0
1595820136.155297,19.80337142944336,0,0
1595820136.1652975,21.603455543518066,0,0
1595820136.175286,23.40139389038086,0,0
1595820136.185287,25.201563835144043,0,0
1595820136.1952968,27.003321647644043,0,0
1595820136.2052891,28.80194664001465,0,0
1595820136.215291,30.602288246154785,0,0
1595820136.2252781,32.39996910095215,0,0
1595820136.2352927,34.202585220336914,0,0
1595820136.2452836,36.00095272064209,0,0
1595820136.2552807,37.80043601989746,0,0
1595820136.2652864,39.60146427154541,0,0
1595820136.2752883,41.40180587768555,0,0
1595820136.2852964,43.20326328277588,0,0
1595820136.2952795,45.00021457672119,0,0
1595820136.305285,46.8011999130249,0,0
1595820136.3152845,48.601112365722656,0,0
1595820136.3252976,50.40347099304199,0,0
1595820136.3352873,52.20162391662598,0,0
1595820136.3452861,54.001407623291016,0,0
1595820136.3552935,55.80273628234863,0,0
1595820136.3652866,57.60149002075195,0,0
1595820136.3752897,59.40204620361328,0,0
1595820136.3852816,61.20058536529541,0,0
1595820136.3952913,63.00234317779541,0,0
1595820136.4052784,64.80002403259277,0,0
1595820136.4152834,66.60092353820801,0,0
1595820136.4252894,68.4019947052002,0,0
1595820136.4352803,70.20036220550537,0,0
1595820136.4452884,72.0018196105957,0,0
1595820136.4552968,73.80331993103027,0,0
1595820136.4652941,75.60284614562988,0,0
1595820136.4752874,77.40164279937744,0,0
1595820136.4852803,79.20035362243652,0,0
1595820136.4952877,81.00168228149414,0,0
1595820136.5052922,82.8024959564209,0,0
1595820136.5152907,84.6022367477417,0,0
1595820136.5252912,86.4023208618164,0,0
1595820136.5352952,88.20304870605469,0,0
1595820136.545281,90.00047206878662,0,0
1595820136.5552883,91.80180072784424,0,0
1595820136.565286,93.60136985778809,0,0
1595820136.5752852,95.4012393951416,0,0
1595820136.5852928,97.20261096954346,0,0
1595820136.5952888,99.00187969207764,0,0
1595820136.6052797,100.80024719238281,0,0
1595820136.6152844,102.60110378265381,0,0
1595820136.6252851,104.40123081207275,0,0
1595820136.63528,106.20028495788574,0,0
1595820136.6452863,108.0014419555664,0,0
1595820136.6552792,109.80015277862549,0,0
1595820136.6652899,111.60208225250244,0,0
1595820136.6752846,113.40113639831543,0,0
1595820136.685287,115.20156383514404,0,0
1595820136.6952815,117.0005750656128,0,0
1595820136.7052884,118.80181789398193,0,0
1595820136.715283,120.60082912445068,0,0
1595820136.7252903,122.4021577835083,0,0
1595820136.7352848,124.20116901397705,0,0
1595820136.7452965,126.00327014923096,0,0
1595820136.7552853,127.80125141143799,0,0
1595820136.7652793,129.60017681121826,0,0
1595820136.7752802,131.40034675598145,0,0
1595820136.7852814,133.20055961608887,0,0
1595820136.7952855,135.00128746032715,0,0
1595820136.8052933,136.80270195007324,0,0
1595820136.81528,138.60029697418213,0,0
1595820136.825291,140.40226936340332,0,0
1595820136.835292,142.20248222351074,0,0
1595820136.8452804,144.0003776550293,0,0
1595820136.8552969,145.80333709716797,0,0
1595820136.8652928,147.60260581970215,0,0
1595820136.875285,149.40118789672852,0,0
1595820136.885281,151.20049953460693,0,0
1595820136.8952816,153.00058364868164,0,0
1595820136.9052966,154.80328559875488,0,0
1595820136.9152925,156.60255432128906,0,0
1595820136.9252894,158.4019947052002,0,0
1595820136.935294,160.20280838012695,0,0
1595820136.945279,162.00010299682617,0,0
1595820136.9552908,163.80224704742432,0,0
1595820136.965292,165.60245990753174,0,0
1595820136.9752862,167.40142822265625,0,0
1595820136.9852831,169.20086860656738,0,0
1595820136.995294,171.00284099578857,0,0
1595820137.0052793,172.80017852783203,0,0
1595820137.0152774,174.59983348846436,0,0
1595820137.0252795,176.40021800994873,0,0
1595820137.0352874,178.20163249969482,0,0
1595820137.0452886,180.00184535980225,0,0
1595820137.0552802,181.80034160614014,0,0
1595820137.0652802,183.60033988952637,0,0
1595820137.075292,185.4024839401245,0,0
1595820137.0852935,187.20273971557617,0,0
1595820137.0952954,189.0030813217163,0,0
1595820137.1052957,190.80312252044678,0,0
1595820137.1152885,192.60183334350586,0,0
1595820137.1252844,194.40110206604004,0,0
1595820137.1352806,196.20041370391846,0,0
1595820137.1452937,198.0027723312378,0,0
1595820137.1552882,199.80178356170654,0,0
1595820137.1652956,201.60311222076416,0,0
1595820137.1752815,203.40057849884033,0,0
1595820137.185279,205.20010471343994,0,0
1595820137.1952946,207.0029354095459,0,0
1595820137.2052865,208.80147457122803,0,0
1595820137.2152965,210.60327529907227,0,0
1595820137.2252812,212.40052700042725,0,0
1595820137.2352793,214.20018196105957,0,0
1595820137.2452939,216.00279808044434,0,0
1595820137.255288,217.8017234802246,0,0
1595820137.2652826,219.6007776260376,0,0
1595820137.2752783,221.40000343322754,0,0
1595820137.28529,223.20210456848145,0,0
1595820137.295285,225.00120162963867,0,0
1595820137.3052957,226.80313110351562,0,0
1595820137.3152843,228.60106945037842,0,0
1595820137.3252947,230.40295600891113,0,0
1595820137.3352797,232.20025062561035,0,0
1595820137.3452961,234.00321006774902,0,0
1595820137.3552816,235.80059051513672,0,0
1595820137.3652952,237.60303497314453,0,0
1595820137.3752773,239.3998146057129,0,0
1595820137.3852892,241.20195865631104,0,0
1595820137.3952904,243.00217151641846,0,0
1595820137.4052958,244.80315685272217,0,0
1595820137.4152956,246.60311222076416,0,0
1595820137.4252918,248.40242385864258,0,0
1595820137.4352949,250.2029800415039,0,0
1595820137.4452908,252.0022487640381,0,0
1595820137.4552891,253.80194664001465,0,0
1595820137.4652798,255.6002712249756,0,0
1595820137.475277,257.39975452423096,0,0
1595820137.4852817,259.20061111450195,0,0
1595820137.4925117,260.50201892852783,0,0
1595820137.4925117,335.1848363508152,0.4149045412349297,0
1595820137.4952807,335.6832551587986,0.4149045412349297,0
1595820137.505277,337.482566796677,0.4149045412349297,0
1595820137.5152814,339.2833804716038,0.4149045412349297,0
1595820137.5252802,341.0831641782688,0.4149045412349297,0
1595820137.5352774,342.8826474775242,0.4149045412349297,0
1595820137.5452826,344.68358989848366,0.4149045412349297,0
1595820137.5552778,346.4827298749851,0.4149045412349297,0
1595820137.5652874,348.2844447721409,0.4149045412349297,0
1595820137.575279,350.0829410184788,0.4149045412349297,0
1595820137.585286,351.8841838468479,0.4149045412349297,0
1595820137.5952911,353.6851262678074,0.4149045412349297,0
1595820137.6052933,355.48551078929177,0.4149045412349297,0
1595820137.615292,357.2852944959568,0.4149045412349297,0
1595820137.6252785,359.08284660472145,0.4149045412349297,0
1595820137.6303885,360,0.4149045412349297,1
1595820137.6303885,0,0,0
1595820137.6403987,1.8018436431884766,0,0
1595820137.6504025,3.6025285720825195,0,0
1595820137.6604028,5.402569770812988,0,0
1595820137.6703916,7.2005510330200195,0,0
1595820137.6804047,9.002909660339355,0,0
1595820137.6903968,10.801491737365723,0,0
1595820137.7003896,12.600202560424805,0,0
1595820137.7104046,14.402904510498047,0,0
1595820137.7203991,16.201915740966797,0,0
1595820137.7304072,18.00337314605713,0,0
1595820137.7403955,19.801268577575684,0,0
1595820137.7503972,21.601567268371582,0,0
1595820137.7604017,23.40238094329834,0,0
1595820137.7703931,25.200834274291992,0,0
1595820137.780394,27.001004219055176,0,0
1595820137.790392,28.80061626434326,0,0
1595820137.800404,30.602803230285645,0,0
1595820137.8103979,32.40168571472168,0,0
1595820137.8203945,34.201083183288574,0,0
1595820137.830407,36.003313064575195,0,0
1595820137.840393,37.800822257995605,0,0
1595820137.8504,39.602065086364746,0,0
1595820137.8604033,41.40266418457031,0,0
1595820137.8703885,43.20000171661377,0,0
1595820137.880394,45.00098705291748,0,0
1595820137.8903928,46.80077075958252,0,0
1595820137.9004037,48.60274314880371,0,0
1595820137.9104075,50.403428077697754,0,0
1595820137.9203975,52.20162391662598,0,0
1595820137.9304059,54.00312423706055,0,0
1595820137.9404058,55.80312252044678,0,0
1595820137.9503958,57.601318359375,0,0
1595820137.9603953,59.401230812072754,0,0
1595820137.9704049,61.202945709228516,0,0
1595820137.98039,63.00028324127197,0,0
1595820137.9904065,64.80324268341064,0,0
1595820138.000392,66.60062313079834,0,0
1595820138.0103884,68.399977684021,0,0
1595820138.0204055,70.20306587219238,0,0
1595820138.0303934,72.00087547302246,0,0
1595820138.0403984,73.8017749786377,0,0
1595820138.0503976,75.60164451599121,0,0
1595820138.0603952,77.40121364593506,0,0
1595820138.0704072,79.2033576965332,0,0
1595820138.080397,81.00151062011719,0,0
1595820138.0903952,82.80120849609375,0,0
1595820138.1003957,84.60129261016846,0,0
1595820138.110399,86.40189170837402,0,0
1595820138.120401,88.20223331451416,0,0
1595820138.130404,90.00278949737549,0,0
1595820138.1404068,91.80330276489258,0,0
1595820138.1503906,93.6003828048706,0,0
1595820138.1604054,95.40304183959961,0,0
1595820138.1703916,97.20055103302002,0,0
1595820138.1803894,99.0001630783081,0,0
1595820138.190396,100.80136299133301,0,0
1595820138.2003906,102.60037422180176,0,0
1595820138.210396,104.40135955810547,0,0
1595820138.2204,106.20208740234375,0,0
1595820138.2303953,108.00122737884521,0,0
1595820138.2404,109.80208396911621,0,0
1595820138.250389,111.60010814666748,0,0
1595820138.2603927,113.40075016021729,0,0
1595820138.2703938,115.2009630203247,0,0
1595820138.2804065,117.00323581695557,0,0
1595820138.2903943,118.80104541778564,0,0
1595820138.300389,120.60009956359863,0,0
1595820138.3103907,122.40039825439453,0,0
1595820138.3204048,124.20292854309082,0,0
1595820138.3303986,126.00181102752686,0,0
1595820138.3404028,127.80258178710938,0,0
1595820138.3504016,129.6023654937744,0,0
1595820138.3604007,131.4021921157837,0,0
1595820138.370407,133.20334911346436,0,0
1595820138.3804045,135.00287532806396,0,0
1595820138.3903995,136.8019723892212,0,0
1595820138.4003928,138.60076904296875,0,0
1595820138.410393,140.40081024169922,0,0
1595820138.420398,142.20170974731445,0,0
1595820138.4304051,144.00299549102783,0,0
1595820138.4403923,145.8006763458252,0,0
1595820138.450397,147.6015329360962,0,0
1595820138.4603965,149.40144538879395,0,0
1595820138.4704022,151.2024736404419,0,0
1595820138.4803936,153.00092697143555,0,0
1595820138.490398,154.80169773101807,0,0
1595820138.5004065,156.60324096679688,0,0
1595820138.5103998,158.40203762054443,0,0
1595820138.5203996,160.20199298858643,0,0
1595820138.5303876,161.99984550476074,0,0
1595820138.540398,163.80168914794922,0,0
1595820138.5504003,165.60211658477783,0,0
1595820138.560405,167.40297317504883,0,0
1595820138.5703943,169.20104026794434,0,0
1595820138.5804045,171.0028839111328,0,0
1595820138.5903978,172.80168056488037,0,0
1595820138.6003928,174.6007776260376,0,0
1595820138.6103883,176.3999605178833,0,0
1595820138.6203883,178.19995880126953,0,0
1595820138.6303945,180.00107288360596,0,0
1595820138.6404054,181.80304527282715,0,0
1595820138.6504,183.6020565032959,0,0
1595820138.6603942,185.4010248184204,0,0
1595820138.670391,187.20046520233154,0,0
1595820138.680394,189.00097846984863,0,0
1595820138.6903942,190.8010196685791,0,0
1595820138.7003949,192.60114669799805,0,0
1595820138.7103953,194.40123081207275,0,0
1595820138.7204,196.20208740234375,0,0
1595820138.7304003,198.00212860107422,0,0
1595820138.7403905,199.80036735534668,0,0
1595820138.7504044,201.60285472869873,0,0
1595820138.760405,203.40298175811768,0,0
1595820138.770391,205.20044803619385,0,0
1595820138.7803931,207.00083255767822,0,0
1595820138.7904007,208.80220413208008,0,0
1595820138.8003976,210.6016445159912,0,0
1595820138.8103936,212.4009132385254,0,0
1595820138.8204024,214.20249938964844,0,0
1595820138.830404,216.00279808044434,0,0
1595820138.8403907,217.80039310455322,0,0
1595820138.850394,219.6009922027588,0,0
1595820138.8603911,221.40047550201416,0,0
1595820138.8704007,223.20219039916992,0,0
1595820138.880392,225.00064373016357,0,0
1595820138.890403,226.80261611938477,0,0
1595820138.9003987,228.6018419265747,0,0
1595820138.910389,230.40008068084717,0,0
1595820138.920388,232.19990730285645,0,0
1595820138.9303966,234.00145053863525,0,0
1595820138.9403965,235.80144882202148,0,0
1595820138.9504032,237.6026487350464,0,0
1595820138.9604044,239.4028615951538,0,0
1595820138.970403,241.2026023864746,0,0
1595820138.980388,242.99989700317383,0,0
1595820138.9904048,244.80294227600098,0,0
1595820139.0003932,246.60083770751953,0,0
1595820139.0104036,248.40272426605225,0,0
1595820139.020403,250.20259380340576,0,0
1595820139.0304048,252.0029354095459,0,0
1595820139.0403988,253.80186080932617,0,0
1595820139.0504043,255.60284614562988,0,0
1595820139.0603979,257.4016857147217,0,0
1595820139.0703952,259.2012119293213,0,0
1595820139.0803955,261.00125312805176,0,0
1595820139.0903938,262.8009510040283,0,0
1595820139.1003895,264.60017681121826,0,0
1595820139.1103985,266.40180587768555,0,0
1595820139.120395,268.2011604309082,0,0
1595820139.1303976,270.00163078308105,0,0
1595820139.140403,271.80261611938477,0,0
1595820139.1504054,273.6030435562134,0,0
1595820139.1604016,275.4023551940918,0,0
1595820139.1703982,277.2017526626587,0,0
1595820139.1804006,279.0021800994873,0,0
1595820139.1903915,280.8005475997925,0,0
1595820139.200403,282.60260581970215,0,0
1595820139.2104049,284.4029474258423,0,0
1595820139.2203913,286.20049953460693,0,0
1595820139.2303972,288.0015707015991,0,0
1595820139.240389,289.80010986328125,0,0
1595820139.250393,291.6007947921753,0,0
1595820139.2603953,293.4012222290039,0,0
1595820139.2703874,295.1998043060303,0,0
1595820139.2803893,297.0001459121704,0,0
1595820139.2903926,298.800745010376,0,0
1595820139.3004045,300.6028890609741,0,0
1595820139.310391,302.40044116973877,0,0
1595820139.3204033,304.2026710510254,0,0
1595820139.330392,306.0006093978882,0,0
1595820139.3404005,307.802152633667,0,0
1595820139.3503969,309.60150718688965,0,0
1595820139.360393,311.40081882476807,0,0
1595820139.3703957,313.2012891769409,0,0
1595820139.380402,315.0024461746216,0,0
1595820139.390393,316.80081367492676,0,0
1595820139.4003956,318.6012840270996,0,0
1595820139.4103947,320.4011106491089,0,0
1595820139.420393,322.20080852508545,0,0
1595820139.430389,324.00007724761963,0,0
1595820139.4403992,325.8019208908081,0,0
1595820139.4464004,326.8821430206299,0,0
1595820139.4464004,360.0,0.18398809432983398,0
1595820139.4465609,360,0.18398809432983398,1
1595820139.4465609,0,0,0
1595820139.4565783,1.803131103515625,0,0
1595820139.466569,3.6014556884765625,0,0
1595820139.4765701,5.401668548583984,0,0
1595820139.4865775,7.202997207641602,0,0
1595820139.4965625,9.00029182434082,0,0
1595820139.5065782,10.803122520446777,0,0
1595820139.5165687,12.601404190063477,0,0
1595820139.5265756,14.402647018432617,0,0
1595820139.5365763,16.202774047851562,0,0
1595820139.546569,18.001484870910645,0,0
1595820139.5565693,19.801526069641113,0,0
1595820139.5665755,21.60264015197754,0,0
1595820139.5765781,23.40311050415039,0,0
1595820139.586568,25.201306343078613,0,0
1595820139.5965736,27.002291679382324,0,0
1595820139.606578,28.803105354309082,0,0
1595820139.616568,30.601301193237305,0,0
1595820139.626561,32.40001201629639,0,0
1595820139.6365662,34.20095443725586,0,0
1595820139.6465702,36.00168228149414,0,0
1595820139.6565776,37.80301094055176,0,0
1595820139.66658,39.60343837738037,0,0
1595820139.6765752,41.402578353881836,0,0
1595820139.6865757,43.20266246795654,0,0
1595820139.6965628,45.000343322753906,0,0
1595820139.7065723,46.80205821990967,0,0
1595820139.7165637,48.60051155090332,0,0
1595820139.7265625,50.40029525756836,0,0
1595820139.7365644,52.200636863708496,0,0
1595820139.7465696,54.00157928466797,0,0
1595820139.7565727,55.8021354675293,0,0
1595820139.7665672,57.60114669799805,0,0
1595820139.7765634,59.400458335876465,0,0
1595820139.7865653,61.2007999420166,0,0
1595820139.7965686,63.00139904022217,0,0
1595820139.8065753,64.80259895324707,0,0
1595820139.8165696,66.60156726837158,0,0
1595820139.8265622,68.40023517608643,0,0
1595820139.8365712,70.20186424255371,0,0
1595820139.8465712,72.00186252593994,0,0
1595820139.856561,73.80001544952393,0,0
1595820139.8665783,75.60314655303955,0,0
1595820139.876561,77.40001201629639,0,0
1595820139.8865778,79.20305728912354,0,0
1595820139.896566,81.00090980529785,0,0
1595820139.9065728,82.80215263366699,0,0
1595820139.9165668,84.60107803344727,0,0
1595820139.9265776,86.40300750732422,0,0
1595820139.936569,88.20146083831787,0,0
1595820139.946575,90.00253200531006,0,0
1595820139.9565642,91.80059909820557,0,0
1595820139.9665723,93.6020565032959,0,0
1595820139.9765744,95.40244102478027,0,0
1595820139.9865735,97.20226764678955,0,0
1595820139.9965608,98.99999141693115,0,0
1595820140.0065649,100.80071926116943,0,0
1595820140.016576,102.60273456573486,0,0
1595820140.0265658,104.40088748931885,0,0
1595820140.0365717,106.20195865631104,0,0
1595820140.046574,108.00238609313965,0,0
1595820140.0565648,109.80071067810059,0,0
1595820140.0665643,111.60062313079834,0,0
1595820140.0765684,113.40135097503662,0,0
1595820140.0865636,115.20049095153809,0,0
1595820140.0965676,117.00121879577637,0,0
1595820140.1065679,118.80125999450684,0,0
1595820140.116572,120.60198783874512,0,0
1595820140.1265619,122.40018367767334,0,0
1595820140.1365714,124.2018985748291,0,0
1595820140.1465619,126.0001802444458,0,0
1595820140.1565704,127.80172348022461,0,0
1595820140.166576,129.60270881652832,0,0
1595820140.1765773,131.40296459197998,0,0
1595820140.1865716,133.2019329071045,0,0
1595820140.1965723,135.00205993652344,0,0
1595820140.2065716,136.80192947387695,0,0
1595820140.2165716,138.60192775726318,0,0
1595820140.2265637,140.40050983428955,0,0
1595820140.2365727,142.20213890075684,0,0
1595820140.2465637,144.000506401062,0,0
1595820140.2565637,145.80050468444824,0,0
1595820140.2665644,147.6006317138672,0,0
1595820140.276562,149.40020084381104,0,0
1595820140.2865758,151.2026882171631,0,0
1595820140.296572,153.0019998550415,0,0
1595820140.3065643,154.8006248474121,0,0
1595820140.316577,156.60289764404297,0,0
1595820140.326578,158.40306758880615,0,0
1595820140.3365655,160.200834274292,0,0
1595820140.3465638,162.00053215026855,0,0
1595820140.3565686,163.80138874053955,0,0
1595820140.3665602,165.59988498687744,0,0
1595820140.3765724,167.40207195281982,0,0
1595820140.3865683,169.201340675354,0,0
1595820140.3965678,171.00125312805176,0,0
1595820140.4065657,172.80086517333984,0,0
1595820140.4165757,174.60266590118408,0,0
1595820140.4265664,176.40099048614502,0,0
1595820140.436564,178.20055961608887,0,0
1595820140.4465666,180.00102996826172,0,0
1595820140.4565704,181.80171489715576,0,0
1595820140.4665792,183.6033010482788,0,0
1595820140.476567,185.4011106491089,0,0
1595820140.4865646,187.20067977905273,0,0
1595820140.4965727,189.00213718414307,0,0
1595820140.5065713,190.80187797546387,0,0
1595820140.5165632,192.600417137146,0,0
1595820140.5265727,194.40213203430176,0,0
1595820140.5365646,196.2006711959839,0,0
1595820140.5465784,198.00315856933594,0,0
1595820140.5565786,199.8031997680664,0,0
1595820140.56656,201.59985065460205,0,0
1595820140.5765615,203.4001064300537,0,0
1595820140.586567,205.20109176635742,0,0
1595820140.5965629,207.0003604888916,0,0
1595820140.6065683,208.8013458251953,0,0
1595820140.6165752,210.60258865356445,0,0
1595820140.6265728,212.4021577835083,0,0
1595820140.636572,214.20198440551758,0,0
1595820140.6465743,216.0024118423462,0,0
1595820140.6565714,217.80189514160156,0,0
1595820140.6665652,219.6007776260376,0,0
1595820140.67657,221.4016342163086,0,0
1595820140.6865666,223.2010316848755,0,0
1595820140.6965687,225.00141620635986,0,0
1595820140.7065692,226.80150032043457,0,0
1595820140.7165606,228.59995365142822,0,0
1595820140.7265692,230.40149688720703,0,0
1595820140.736568,232.20128059387207,0,0
1595820140.7465618,234.0001630783081,0,0
1595820140.756579,235.8032512664795,0,0
1595820140.7665741,237.60239124298096,0,0
1595820140.7765732,239.40221786499023,0,0
1595820140.7865684,241.2013578414917,0,0
1595820140.7965636,243.00049781799316,0,0
1595820140.80657,244.80165481567383,0,0
1595820140.8165596,246.59976482391357,0,0
1595820140.8265624,248.40027809143066,0,0
1595820140.836565,250.20074844360352,0,0
1595820140.8465767,252.00284957885742,0,0
1595820140.8565724,253.80207538604736,0,0
1595820140.866575,255.60254573822021,0,0
1595820140.8765748,257.4025011062622,0,0
1595820140.8865674,259.20116901397705,0,0
1595820140.8965712,261.0018539428711,0,0
1595820140.906578,262.80309677124023,0,0
1595820140.9165645,264.6006488800049,0,0
1595820140.9265623,266.40026092529297,0,0
1595820140.9365678,268.2012462615967,0,0
1595820140.946571,270.00184535980225,0,0
1595820140.9565644,271.8006420135498,0,0
1595820140.9665754,273.602614402771,0,0
1595820140.976566,275.40093898773193,0,0
1595820140.9865706,277.2017526626587,0,0
1595820140.9965734,279.0022659301758,0,0
1595820141.0065713,280.80187797546387,0,0
1595820141.0165668,282.60106086730957,0,0
1595820141.026564,284.40054416656494,0,0
1595820141.0365722,286.2020444869995,0,0
1595820141.0465615,288.000111579895,0,0
1595820141.0565703,289.80169773101807,0,0
1595820141.066561,291.600022315979,0,0
1595820141.0765696,293.4015655517578,0,0
1595820141.0865638,295.2005338668823,0,0
1595820141.0965722,297.0020341873169,0,0
1595820141.1065745,298.8024616241455,0,0
1595820141.1165605,300.5999279022217,0,0
1595820141.1265595,302.39975452423096,0,0
1595820141.1365592,304.19970989227295,0,0
1595820141.1465595,305.9997510910034,0,0
1595820141.156577,307.8029251098633,0,0
1595820141.1665616,309.600133895874,0,0
1595820141.1765635,311.40047550201416,0,0
1595820141.1865685,313.2013750076294,0,0
1595820141.196566,315.00094413757324,0,0
1595820141.2065737,316.8023157119751,0,0
1595820141.216572,318.60201358795166,0,0
1595820141.2265651,320.400767326355,0,0
1595820141.2365701,322.2016668319702,0,0
1595820141.2465782,324.00312423706055,0,0
1595820141.256565,325.8007621765137,0,0
1595820141.2665706,327.6017475128174,0,0
1595820141.2765737,329.4023036956787,0,0
1595820141.28657,331.20165824890137,0,0
1595820141.2965631,333.0004119873047,0,0
1595820141.306562,334.8001956939697,0,0
1595820141.316568,336.6012668609619,0,0
1595820141.3265703,338.4016942977905,0,0
1595820141.3365777,340.20302295684814,0,0
1595820141.3465745,342.0024633407593,0,0
1595820141.3565648,343.80070209503174,0,0
1595820141.3665738,345.602331161499,0,0
1595820141.3765647,347.4006986618042,0,0
1595820141.3865736,349.20228481292725,0,0
1595820141.3965688,351.0014247894287,0,0
1595820141.406571,352.8018093109131,0,0
1595820141.4165766,354.60283756256104,0,0
1595820141.4265766,356.40283584594727,0,0
1595820141.4365642,358.2006025314331,0,0
1595820141.4465086,359.9906015396118,0,0
1595820141.4465086,360.0,5.221366882324219e-05,0
1595820141.446644,360,5.221366882324219e-05,1
1595820141.446644,0,0,0
1595820141.4566534,1.8016719818115234,0,0
1595820141.466659,3.6027002334594727,0,0
1595820141.4766457,5.400295257568359,0,0
1595820141.486646,7.200336456298828,0,0
1595820141.496647,9.000506401062012,0,0
1595820141.5066617,10.803165435791016,0,0
1595820141.5166578,12.602477073669434,0,0
1595820141.5266502,14.401102066040039,0,0
1595820141.5366461,16.20037078857422,0,0
1595820141.5466502,18.0010986328125,0,0
1595820141.5566528,19.80156898498535,0,0
1595820141.5666573,21.60238265991211,0,0
1595820141.5766547,23.40190887451172,0,0
1595820141.5866575,25.20242214202881,0,0
1595820141.5966494,27.000961303710938,0,0
1595820141.6066597,28.802804946899414,0,0
1595820141.6166456,30.600271224975586,0,0
1595820141.6266456,32.400269508361816,0,0
1595820141.6366556,34.202070236206055,0,0
1595820141.6466594,36.0027551651001,0,0
1595820141.6566582,37.80253887176514,0,0
1595820141.6666627,39.603352546691895,0,0
1595820141.676655,41.4019775390625,0,0
1595820141.6866536,43.2017183303833,0,0
1595820141.6966493,45.00094413757324,0,0
1595820141.7066479,46.80068492889404,0,0
1595820141.716646,48.60033988952637,0,0
1595820141.7266448,50.400123596191406,0,0
1595820141.7366579,52.20248222351074,0,0
1595820141.746661,54.00303840637207,0,0
1595820141.756656,55.8021354675293,0,0
1595820141.7666464,57.600417137145996,0,0
1595820141.7766485,59.40080165863037,0,0
1595820141.7866566,61.2022590637207,0,0
1595820141.7966628,63.00337314605713,0,0
1595820141.8066535,64.80169773101807,0,0
1595820141.816654,66.60178184509277,0,0
1595820141.8266478,68.40066432952881,0,0
1595820141.8366442,70.20001888275146,0,0
1595820141.8466492,72.0009183883667,0,0
1595820141.8566523,73.80147457122803,0,0
1595820141.8666437,75.59992790222168,0,0
1595820141.8766563,77.40220069885254,0,0
1595820141.8866603,79.20292854309082,0,0
1595820141.896645,81.0001802444458,0,0
1595820141.9066436,82.7999210357666,0,0
1595820141.916648,84.60069179534912,0,0
1595820141.9266524,86.40150547027588,0,0
1595820141.9366462,88.20038795471191,0,0
1595820141.9466572,90.0023603439331,0,0
1595820141.9566534,91.80167198181152,0,0
1595820141.9666522,93.60145568847656,0,0
1595820141.9766543,95.40184020996094,0,0
1595820141.9866524,97.20149517059326,0,0
1595820141.9966445,99.00007724761963,0,0
1595820142.0066555,100.80204963684082,0,0
1595820142.0166457,102.60028839111328,0,0
1595820142.0266473,104.40058708190918,0,0
1595820142.0366445,106.20007038116455,0,0
1595820142.0466585,108.00260066986084,0,0
1595820142.0566514,109.80131149291992,0,0
1595820142.0666509,111.60122394561768,0,0
1595820142.0766604,113.40293884277344,0,0
1595820142.0866573,115.20237922668457,0,0
1595820142.0966442,117.0000171661377,0,0
1595820142.1066613,118.80310535430908,0,0
1595820142.1166525,120.6015157699585,0,0
1595820142.126651,122.4012565612793,0,0
1595820142.1366508,124.20121192932129,0,0
1595820142.1466475,126.00060939788818,0,0
1595820142.1566496,127.80099391937256,0,0
1595820142.1666465,129.6004343032837,0,0
1595820142.1766572,131.40236377716064,0,0
1595820142.1866565,133.20223331451416,0,0
1595820142.1966572,135.0023603439331,0,0
1595820142.2066503,136.80111408233643,0,0
1595820142.2166598,138.6028289794922,0,0
1595820142.2266598,140.40282726287842,0,0
1595820142.236655,142.20196723937988,0,0
1595820142.2466536,144.00170803070068,0,0
1595820142.256645,145.80016136169434,0,0
1595820142.266659,147.60269165039062,0,0
1595820142.27665,149.4010591506958,0,0
1595820142.2866569,151.20230197906494,0,0
1595820142.2966602,153.0029010772705,0,0
1595820142.3066509,154.80122566223145,0,0
1595820142.316644,156.59997940063477,0,0
1595820142.32665,158.40105056762695,0,0
1595820142.3366568,160.2022933959961,0,0
1595820142.3466492,162.0009183883667,0,0
1595820142.3566496,163.8010025024414,0,0
1595820142.3666599,165.60284614562988,0,0
1595820142.376649,167.40087032318115,0,0
1595820142.3866453,169.2002248764038,0,0
1595820142.3966608,171.00301265716553,0,0
1595820142.406661,172.803053855896,0,0
1595820142.4166565,174.6022367477417,0,0
1595820142.4266486,176.40081882476807,0,0
1595820142.436645,178.20017337799072,0,0
1595820142.4466572,180.0023603439331,0,0
1595820142.4566574,181.80240154266357,0,0
1595820142.4666486,183.600811958313,0,0
1595820142.4766514,185.40132522583008,0,0
1595820142.4866517,187.20136642456055,0,0
1595820142.49666,189.00286674499512,0,0
1595820142.5066593,190.80273628234863,0,0
1595820142.5166469,192.60050296783447,0,0
1595820142.5266433,194.39985752105713,0,0
1595820142.5366554,196.2020444869995,0,0
1595820142.5466588,198.00264358520508,0,0
1595820142.5566616,199.80315685272217,0,0
1595820142.566653,201.60161018371582,0,0
1595820142.5766559,203.4021234512329,0,0
1595820142.5866473,205.20057678222656,0,0
1595820142.596644,206.99997425079346,0,0
1595820142.6066432,208.79984378814697,0,0
1595820142.6166615,210.60314655303955,0,0
1595820142.626646,212.4003553390503,0,0
1595820142.6366453,214.2002248764038,0,0
1595820142.64666,216.0028839111328,0,0
1595820142.6566496,217.80099391937256,0,0
1595820142.6666474,219.60060596466064,0,0
1595820142.676653,221.40159130096436,0,0
1595820142.6866572,223.20236206054688,0,0
1595820142.6966462,225.00038623809814,0,0
1595820142.7066598,226.80283069610596,0,0
1595820142.7166493,228.6009407043457,0,0
1595820142.7266445,230.40008068084717,0,0
1595820142.7366505,232.20115184783936,0,0
1595820142.7466526,234.00153636932373,0,0
1595820142.7566528,235.8015775680542,0,0
1595820142.766646,237.60033130645752,0,0
1595820142.7766445,239.40007209777832,0,0
1595820142.786657,241.20234489440918,0,0
1595820142.7966573,243.00238609313965,0,0
1595820142.8066547,244.80191230773926,0,0
1595820142.8166544,246.60186767578125,0,0
1595820142.826651,248.40126514434814,0,0
1595820142.836645,250.20014762878418,0,0
1595820142.8466535,252.001690864563,0,0
1595820142.8566463,253.80040168762207,0,0
1595820142.8666458,255.60031414031982,0,0
1595820142.8766448,257.4001407623291,0,0
1595820142.8866503,259.2011260986328,0,0
1595820142.896658,261.00249767303467,0,0
1595820142.9066586,262.8026247024536,0,0
1595820142.9166615,264.6031379699707,0,0
1595820142.9266453,266.40021800994873,0,0
1595820142.9366443,268.200044631958,0,0
1595820142.9466498,270.0010299682617,0,0
1595820142.9566467,271.80047035217285,0,0
1595820142.9666562,273.6021852493286,0,0
1595820142.976658,275.40252685546875,0,0
1595820142.986661,277.20304012298584,0,0
1595820142.996647,279.000506401062,0,0
1595820143.006657,280.80230712890625,0,0
1595820143.01665,282.60106086730957,0,0
1595820143.0266457,284.4002866744995,0,0
1595820143.0366614,286.20311737060547,0,0
1595820143.0466554,288.00204277038574,0,0
1595820143.0566492,289.8009252548218,0,0
1595820143.0666618,291.60319805145264,0,0
1595820143.0766544,293.4018659591675,0,0
1595820143.086643,295.1998043060303,0,0
1595820143.0966563,297.00220584869385,0,0
1595820143.106652,298.8014316558838,0,0
1595820143.116646,300.60035705566406,0,0
1595820143.1266537,302.4017286300659,0,0
1595820143.136643,304.1997957229614,0,0
1595820143.146658,306.00249767303467,0,0
1595820143.1566544,307.8018522262573,0,0
1595820143.1666553,309.6020221710205,0,0
1595820143.1766448,311.40013217926025,0,0
1595820143.1866586,313.2026195526123,0,0
1595820143.19665,315.00107288360596,0,0
1595820143.2066433,316.7998695373535,0,0
1595820143.2166495,318.60098361968994,0,0
1595820143.2266555,320.40205478668213,0,0
1595820143.2366557,322.2020959854126,0,0
1595820143.2466574,324.0023946762085,0,0
1595820143.2566464,325.80041885375977,0,0
1595820143.2666569,327.6023054122925,0,0
1595820143.2766516,329.40135955810547,0,0
1595820143.286656,331.202130317688,0,0
1595820143.296648,333.00071239471436,0,0
1595820143.3066442,334.8000240325928,0,0
1595820143.3166554,336.6020393371582,0,0
1595820143.3266573,338.40238094329834,0,0
1595820143.3366585,340.20259380340576,0,0
1595820143.3466508,342.00121879577637,0,0
1595820143.3566473,343.800573348999,0,0
1595820143.3666565,345.60224533081055,0,0
1595820143.376658,347.4025011062622,0,0
1595820143.3866487,349.20082569122314,0,0
1595820143.396648,351.00069522857666,0,0
1595820143.406655,352.80198097229004,0,0
1595820143.4166586,354.60262298583984,0,0
1595820143.4266558,356.4021062850952,0,0
1595820143.4366443,358.200044631958,0,0
1595820143.4453201,359.7616910934448,0,0
1595820143.4453201,360.0,0.0013239383697509766,0
1595820143.445465,360,0.0013239383697509766,1
1595820143.445465,0,0,0
1595820143.455482,1.8030452728271484,0,0
1595820143.4654715,3.6011552810668945,0,0
1595820143.4754663,5.400209426879883,0,0
1595820143.4854693,7.200765609741211,0,0
1595820143.49548,9.002695083618164,0,0
1595820143.5054789,10.802478790283203,0,0
1595820143.51548,12.602691650390625,0,0
1595820143.5254822,14.403076171875,0,0
1595820143.5354824,16.20311737060547,0,0
1595820143.5454721,18.001270294189453,0,0
1595820143.555485,19.80358600616455,0,0
1595820143.5654733,21.601481437683105,0,0
1595820143.5754662,23.400192260742188,0,0
1595820143.5854714,25.20113468170166,0,0
1595820143.5954752,27.001819610595703,0,0
1595820143.6054757,28.80190372467041,0,0
1595820143.6154704,30.6009578704834,0,0
1595820143.6254792,32.402544021606445,0,0
1595820143.6354673,34.20039653778076,0,0
1595820143.6454704,36.00095272064209,0,0
1595820143.6554844,37.80348300933838,0,0
1595820143.6654716,39.60116386413574,0,0
1595820143.6754718,41.40120506286621,0,0
1595820143.6854827,43.2031774520874,0,0
1595820143.695471,45.00107288360596,0,0
1595820143.705469,46.80068492889404,0,0
1595820143.7154677,48.60046863555908,0,0
1595820143.7254798,50.402655601501465,0,0
1595820143.7354805,52.20278263092041,0,0
1595820143.745481,54.00286674499512,0,0
1595820143.7554805,55.80277919769287,0,0
1595820143.7654688,57.600674629211426,0,0
1595820143.775472,59.401230812072754,0,0
1595820143.7854676,61.200456619262695,0,0
1595820143.7954679,63.000497817993164,0,0
1595820143.8054674,64.80041027069092,0,0
1595820143.815465,66.59997940063477,0,0
1595820143.8254793,68.4025526046753,0,0
1595820143.8354683,70.20057678222656,0,0
1595820143.8454661,72.00018882751465,0,0
1595820143.8554711,73.80108833312988,0,0
1595820143.8654711,75.60108661651611,0,0
1595820143.8754723,77.40129947662354,0,0
1595820143.8854735,79.20151233673096,0,0
1595820143.8954685,81.00060939788818,0,0
1595820143.905475,82.80176639556885,0,0
1595820143.9154813,84.60292339324951,0,0
1595820143.9254694,86.40077590942383,0,0
1595820143.9354749,88.20176124572754,0,0
1595820143.9454792,90.00253200531006,0,0
1595820143.9554842,91.8034315109253,0,0
1595820143.9654708,93.60102653503418,0,0
1595820143.97548,95.4026985168457,0,0
1595820143.9854648,97.19995021820068,0,0
1595820143.9954805,99.00278091430664,0,0
1595820144.0054677,100.800461769104,0,0
1595820144.0154715,102.60114669799805,0,0
1595820144.025479,104.4025182723999,0,0
1595820144.0354764,106.20204448699951,0,0
1595820144.0454664,108.00024032592773,0,0
1595820144.0554807,109.80281352996826,0,0
1595820144.0654683,111.6005802154541,0,0
1595820144.0754788,113.40246677398682,0,0
1595820144.0854745,115.20169258117676,0,0
1595820144.0954654,117.00006008148193,0,0
1595820144.1054745,118.80168914794922,0,0
1595820144.115476,120.60194492340088,0,0
1595820144.125477,122.4021577835083,0,0
1595820144.1354666,124.20026779174805,0,0
1595820144.1454692,126.0007381439209,0,0
1595820144.1554768,127.80210971832275,0,0
1595820144.165466,129.60017681121826,0,0
1595820144.1754782,131.40236377716064,0,0
1595820144.1854806,133.20279121398926,0,0
1595820144.1954715,135.00115871429443,0,0
1595820144.2054658,136.80012702941895,0,0
1595820144.2154796,138.602614402771,0,0
1595820144.2254822,140.40308475494385,0,0
1595820144.2354782,142.20235347747803,0,0
1595820144.24547,144.00089263916016,0,0
1595820144.2554693,145.80076217651367,0,0
1595820144.265467,147.60033130645752,0,0
1595820144.2754767,149.40208911895752,0,0
1595820144.2854822,151.20307445526123,0,0
1595820144.2954836,153.0033302307129,0,0
1595820144.3054748,154.8017406463623,0,0
1595820144.3154795,156.6025972366333,0,0
1595820144.325482,158.4030246734619,0,0
1595820144.3354704,160.2009630203247,0,0
1595820144.345483,162.00323581695557,0,0
1595820144.3554707,163.8010025024414,0,0
1595820144.3654833,165.60327529907227,0,0
1595820144.3754773,167.40220069885254,0,0
1595820144.385484,169.20340061187744,0,0
1595820144.3954732,171.00146770477295,0,0
1595820144.4054818,172.80301094055176,0,0
1595820144.4154701,174.6009063720703,0,0
1595820144.4254813,176.40292167663574,0,0
1595820144.4354663,178.20021629333496,0,0
1595820144.4454825,180.0031328201294,0,0
1595820144.455474,181.80158615112305,0,0
1595820144.4654822,183.60308647155762,0,0
1595820144.4754655,185.40008068084717,0,0
1595820144.485471,187.20106601715088,0,0
1595820144.4954765,189.0020513534546,0,0
1595820144.5054724,190.80132007598877,0,0
1595820144.5154748,192.60174751281738,0,0
1595820144.525474,194.4016170501709,0,0
1595820144.5354702,196.20092868804932,0,0
1595820144.5454652,198.00002574920654,0,0
1595820144.555467,199.80032444000244,0,0
1595820144.565469,201.60070896148682,0,0
1595820144.5754788,203.40246677398682,0,0
1595820144.585481,205.2028512954712,0,0
1595820144.5954685,207.00061798095703,0,0
1595820144.6054754,208.80186080932617,0,0
1595820144.6154792,210.60254573822021,0,0
1595820144.6254833,212.4032735824585,0,0
1595820144.6354654,214.20005321502686,0,0
1595820144.6454694,216.00078105926514,0,0
1595820144.6554685,217.8006076812744,0,0
1595820144.6654723,219.60129261016846,0,0
1595820144.6754718,221.4012050628662,0,0
1595820144.6854715,223.2011604309082,0,0
1595820144.6954777,225.00227451324463,0,0
1595820144.705466,226.80016994476318,0,0
1595820144.7154639,228.59978199005127,0,0
1595820144.7254798,230.40265560150146,0,0
1595820144.7354803,232.20273971557617,0,0
1595820144.7454638,233.99977684020996,0,0
1595820144.7554715,235.80114841461182,0,0
1595820144.7654765,237.60204792022705,0,0
1595820144.7754667,239.4002866744995,0,0
1595820144.7854788,241.2024736404419,0,0
1595820144.7954645,242.99989700317383,0,0
1595820144.8054714,244.80113983154297,0,0
1595820144.8154745,246.6016960144043,0,0
1595820144.8254797,248.40263843536377,0,0
1595820144.8354638,250.19976139068604,0,0
1595820144.8454642,251.99984550476074,0,0
1595820144.8554785,253.80241870880127,0,0
1595820144.8654754,255.6018590927124,0,0
1595820144.8754826,257.4031448364258,0,0
1595820144.8854725,259.201340675354,0,0
1595820144.8954825,261.00314140319824,0,0
1595820144.905473,262.80142307281494,0,0
1595820144.915474,264.6015930175781,0,0
1595820144.9254827,266.4031791687012,0,0
1595820144.9354665,268.2002592086792,0,0
1595820144.9454799,270.0026607513428,0,0
1595820144.9554727,271.80137157440186,0,0
1595820144.9654698,273.6008548736572,0,0
1595820144.9754822,275.40308475494385,0,0
1595820144.9854705,277.2009801864624,0,0
1595820144.995478,279.00230884552,0,0
1595820145.0054755,280.80187797546387,0,0
1595820145.0154786,282.6024341583252,0,0
1595820145.025475,284.40178871154785,0,0
1595820145.035464,286.1998128890991,0,0
1595820145.0454783,288.00238609313965,0,0
1595820145.055477,289.80212688446045,0,0
1595820145.0654776,291.6022539138794,0,0
1595820145.0754704,293.4009647369385,0,0
1595820145.0854688,295.20066261291504,0,0
1595820145.0954654,297.00006008148193,0,0
1595820145.1054795,298.8025903701782,0,0
1595820145.1154773,300.6022024154663,0,0
1595820145.1254723,302.40129947662354,0,0
1595820145.1354754,304.20185565948486,0,0
1595820145.1454709,306.00103855133057,0,0
1595820145.1554708,307.8010368347168,0,0
1595820145.1654754,309.60185050964355,0,0
1595820145.1754744,311.40167713165283,0,0
1595820145.185466,313.2001733779907,0,0
1595820145.19548,315.002703666687,0,0
1595820145.2054687,316.8006420135498,0,0
1595820145.2154741,318.6016273498535,0,0
1595820145.2254777,320.4022693634033,0,0
1595820145.2354808,322.20282554626465,0,0
1595820145.2454734,324.0014934539795,0,0
1595820145.2554786,325.80243587493896,0,0
1595820145.2654655,327.6000738143921,0,0
1595820145.2754703,329.4009304046631,0,0
1595820145.2854652,331.2000274658203,0,0
1595820145.295475,333.0017852783203,0,0
1595820145.3054807,334.80281352996826,0,0
1595820145.315476,336.6019535064697,0,0
1595820145.3254714,338.40113639831543,0,0
1595820145.335482,340.20302295684814,0,0
1595820145.3454666,342.0002746582031,0,0
1595820145.355473,343.8014316558838,0,0
1595820145.365474,345.601601600647,0,0
1595820145.3754811,347.40288734436035,0,0
1595820145.3854706,349.2009973526001,0,0
1595820145.395474,351.00159645080566,0,0
1595820145.4054737,352.80155181884766,0,0
1595820145.4154775,354.6022367477417,0,0
1595820145.4254673,356.4003896713257,0,0
1595820145.4354696,358.2008171081543,0,0
1595820145.4454265,359.9930477142334,0,0
1595820145.4454265,360.0,3.8623809814453125e-05,0
1595820145.445739,360,3.8623809814453125e-05,1
1595820145.445739,0,0,0
1595820145.4557564,1.803131103515625,0,0
1595820145.4657395,3.6000823974609375,0,0
1595820145.4757545,5.40278434753418,0,0
1595820145.4857438,7.2008514404296875,0,0
1595820145.4957433,9.000763893127441,0,0
1595820145.505755,10.802865028381348,0,0
1595820145.5157413,12.600417137145996,0,0
1595820145.5257475,14.401531219482422,0,0
1595820145.5357528,16.202473640441895,0,0
1595820145.5457575,18.00333023071289,0,0
1595820145.5557544,19.802770614624023,0,0
1595820145.5657551,21.60289764404297,0,0
1595820145.5757432,23.400750160217285,0,0
1595820145.5857413,25.20040512084961,0,0
1595820145.5957553,27.0029354095459,0,0
1595820145.6057537,28.80263328552246,0,0
1595820145.6157398,30.60014247894287,0,0
1595820145.6257439,32.40087032318115,0,0
1595820145.6357424,34.20061111450195,0,0
1595820145.645758,36.00339889526367,0,0
1595820145.6557524,37.80241012573242,0,0
1595820145.6657515,39.6022367477417,0,0
1595820145.675746,41.40124797821045,0,0
1595820145.6857553,43.20291996002197,0,0
1595820145.6957424,45.000600814819336,0,0
1595820145.7057467,46.801371574401855,0,0
1595820145.7157578,48.603386878967285,0,0
1595820145.7257464,50.40132522583008,0,0
1595820145.7357512,52.202181816101074,0,0
1595820145.7457514,54.00222301483154,0,0
1595820145.7557497,55.801920890808105,0,0
1595820145.7657561,57.60307788848877,0,0
1595820145.7757523,59.40238952636719,0,0
1595820145.7857485,61.201701164245605,0,0
1595820145.7957468,63.00139904022217,0,0
1595820145.805749,64.80178356170654,0,0
1595820145.8157568,66.60319805145264,0,0
1595820145.825748,68.40160846710205,0,0
1595820145.8357563,70.20310878753662,0,0
1595820145.8457546,72.00280666351318,0,0
1595820145.855739,73.80001544952393,0,0
1595820145.8657515,75.60224533081055,0,0
1595820145.8757567,77.40318775177002,0,0
1595820145.8857424,79.20061111450195,0,0
1595820145.895742,81.0005235671997,0,0
1595820145.9057457,82.80120849609375,0,0
1595820145.915754,84.60270881652832,0,0
1595820145.925756,86.40305042266846,0,0
1595820145.9357548,88.2028341293335,0,0
1595820145.9457533,90.0025749206543,0,0
1595820145.955757,91.8032169342041,0,0
1595820145.9657528,93.60248565673828,0,0
1595820145.9757416,95.40046691894531,0,0
1595820145.9857483,97.20166683197021,0,0
1595820145.99575,99.00196552276611,0,0
