Type = Mirollor Strogatz (-ish),Function = Mirollor Strogatz,Refract = 0.1,Epsilon = 0.01,B = 5,Start_phase = 0
Timestamp,Phase,Offset,Ping?
1595820081.0000138,0,0,0
1595820081.0100222,1.8004274368286133,0.0,0
1595820081.0200312,3.6020565032958984,0.0,0
1595820081.0300345,5.402655601501465,0.0,0
1595820081.0400383,7.203340530395508,0.0,0
1595820081.050037,9.003081321716309,0.0,0
1595820081.060031,10.802006721496582,0.0,0
1595820081.0700219,12.600374221801758,0.0,0
1595820081.080039,14.403462409973145,0.0,0
1595820081.0900245,16.20084285736084,0.0,0
1595820081.1000223,18.000454902648926,0.0,0
1595820081.1100326,19.802298545837402,0.0,0
1595820081.120023,21.6005802154541,0.0,0
1595820081.1300204,23.40010643005371,0.0,0
1595820081.1400383,25.203323364257812,0.0,0
1595820081.1500301,27.00186252593994,0.0,0
1595820081.1600282,28.801517486572266,0.0,0
1595820081.1700232,30.600614547729492,0.0,0
1595820081.1800282,32.40151405334473,0.0,0
1595820081.19002,34.200053215026855,0.0,0
1595820081.2000365,36.00301265716553,0.0,0
1595820081.210034,37.80253887176514,0.0,0
1595820081.2200208,39.60017681121826,0.0,0
1595820081.2300196,41.3999605178833,0.0,0
1595820081.2400327,43.20231914520264,0.0,0
1595820081.250035,45.00274658203125,0.0,0
1595820081.260028,46.80145740509033,0.0,0
1595820081.2700217,48.60033988952637,0.0,0
1595820081.2800333,50.40244102478027,0.0,0
1595820081.2900229,52.20055103302002,0.0,0
1595820081.3000312,54.00205135345459,0.0,0
1595820081.3100328,55.80235004425049,0.0,0
1595820081.3200278,57.601447105407715,0.0,0
1595820081.330024,59.40075874328613,0.0,0
1595820081.3400218,61.20037078857422,0.0,0
1595820081.3500342,63.00260066986084,0.0,0
1595820081.3600364,64.80298519134521,0.0,0
1595820081.3700283,66.60152435302734,0.0,0
1595820081.3800333,68.40242385864258,0.0,0
1595820081.3900309,70.20199298858643,0.0,0
1595820081.4000235,72.00066089630127,0.0,0
1595820081.4100316,73.8021183013916,0.0,0
1595820081.4200325,75.60228824615479,0.0,0
1595820081.4300313,77.40207195281982,0.0,0
1595820081.44003,79.20185565948486,0.0,0
1595820081.4500384,81.00335597991943,0.0,0
1595820081.4600315,82.80210971832275,0.0,0
1595820081.4700215,84.60030555725098,0.0,0
1595820081.480021,86.40021800994873,0.0,0
1595820081.4900198,88.20000171661377,0.0,0
1595820081.5000367,90.00304698944092,0.0,0
1595820081.510034,91.80257320404053,0.0,0
1595820081.5200214,93.60029697418213,0.0,0
1595820081.5300286,95.40158271789551,0.0,0
1595820081.54003,97.20183849334717,0.0,0
1595820081.550032,99.0021800994873,0.0,0
1595820081.5600243,100.80080509185791,0.0,0
1595820081.570036,102.60290622711182,0.0,0
1595820081.5800266,104.40123081207275,0.0,0
1595820081.590035,106.20273113250732,0.0,0
1595820081.6000338,108.00251483917236,0.0,0
1595820081.610028,109.80148315429688,0.0,0
1595820081.6200192,111.59989356994629,0.0,0
1595820081.630035,113.40272426605225,0.0,0
1595820081.640021,115.20023345947266,0.0,0
1595820081.650026,117.00113296508789,0.0,0
1595820081.66002,118.80005836486816,0.0,0
1595820081.6700277,120.60142993927002,0.0,0
1595820081.6800222,122.40044116973877,0.0,0
1595820081.6900296,124.20176982879639,0.0,0
1595820081.700038,126.00327014923096,0.0,0
1595820081.7100298,127.80180931091309,0.0,0
1595820081.720026,129.6011209487915,0.0,0
1595820081.7300363,131.40296459197998,0.0,0
1595820081.7400243,133.2008171081543,0.0,0
1595820081.7500284,135.00154495239258,0.0,0
1595820081.7600245,136.800856590271,0.0,0
1595820081.7700262,138.6011552810669,0.0,0
1595820081.780037,140.40308475494385,0.0,0
1595820081.7900321,142.2022247314453,0.0,0
1595820081.8000212,144.00024890899658,0.0,0
1595820081.8100321,145.80222129821777,0.0,0
1595820081.820036,147.60290622711182,0.0,0
1595820081.8300347,149.40268993377686,0.0,0
1595820081.840024,151.20075702667236,0.0,0
1595820081.8500285,153.00157070159912,0.0,0
1595820081.8600311,154.80204105377197,0.0,0
1595820081.870034,156.60255432128906,0.0,0
1595820081.8800383,158.40332508087158,0.0,0
1595820081.8900309,160.20199298858643,0.0,0
1595820081.900033,162.0023775100708,0.0,0
1595820081.9100263,163.80117416381836,0.0,0
1595820081.9200199,165.60001373291016,0.0,0
1595820081.9300325,167.40228652954102,0.0,0
1595820081.9400346,169.2026710510254,0.0,0
1595820081.950037,171.003098487854,0.0,0
1595820081.9600365,172.80301094055176,0.0,0
1595820081.97002,174.60004806518555,0.0,0
1595820081.9800212,176.40026092529297,0.0,0
1595820081.9900353,178.20279121398926,0.0,0
1595820082.0000243,180.00081539154053,0.0,0
1595820082.0067368,181.2090539932251,0.0,0
1595820082.0067368,190.62505081753383,0.05231109346838192,0
1595820082.0100255,191.21702507595668,0.05231109346838192,0
1595820082.0200353,193.01878288845668,0.05231109346838192,0
1595820082.030024,194.81676415066372,0.05231109346838192,0
1595820082.040031,196.61800697903286,0.05231109346838192,0
1595820082.0500333,198.41843441586147,0.05231109346838192,0
1595820082.0600371,200.2191193447555,0.05231109346838192,0
1595820082.0700324,202.01825932125698,0.05231109346838192,0
1595820082.08003,203.81782845120082,0.05231109346838192,0
1595820082.0900197,205.6159813747848,0.05231109346838192,0
1595820082.1000373,207.41915539364467,0.05231109346838192,0
1595820082.110029,209.21765163998256,0.05231109346838192,0
1595820082.1200354,211.01880863766323,0.05231109346838192,0
1595820082.130032,212.81820610623012,0.05231109346838192,0
1595820082.1400187,214.615801130339,0.05231109346838192,0
1595820082.150027,216.41730145077358,0.05231109346838192,0
1595820082.1600206,218.21614101986538,0.05231109346838192,0
1595820082.1700246,220.01686886410366,0.05231109346838192,0
1595820082.180023,221.81656674008022,0.05231109346838192,0
1595820082.1900368,223.61905411343227,0.05231109346838192,0
1595820082.200026,225.41712120632778,0.05231109346838192,0
1595820082.2100246,227.21686199764858,0.05231109346838192,0
1595820082.2200348,229.01870564083706,0.05231109346838192,0
1595820082.230028,230.81745937924038,0.05231109346838192,0
1595820082.2400346,232.61865929226528,0.05231109346838192,0
1595820082.2500234,234.4166405544723,0.05231109346838192,0
1595820082.260023,236.2165959225143,0.05231109346838192,0
1595820082.2700303,238.01788166622768,0.05231109346838192,0
1595820082.2800307,239.8179657803024,0.05231109346838192,0
1595820082.290028,241.617491994902,0.05231109346838192,0
1595820082.3000286,243.4175761089767,0.05231109346838192,0
1595820082.3100247,245.21688774685512,0.05231109346838192,0
1595820082.320034,247.01855972866665,0.05231109346838192,0
1595820082.330033,248.81838635067592,0.05231109346838192,0
1595820082.3400362,250.61894253353725,0.05231109346838192,0
1595820082.350036,252.41889790157924,0.05231109346838192,0
1595820082.36002,254.2160208569015,0.05231109346838192,0
1595820082.370021,256.01623371700896,0.05231109346838192,0
1595820082.3800366,257.8190214977707,0.05231109346838192,0
1595820082.3900285,259.6175606594528,0.05231109346838192,0
1595820082.400022,261.4164002285446,0.05231109346838192,0
1595820082.4100277,263.21742848019255,0.05231109346838192,0
1595820082.4200234,265.0166542873825,0.05231109346838192,0
1595820082.430029,266.8176396236862,0.05231109346838192,0
1595820082.4400349,268.6187107906784,0.05231109346838192,0
1595820082.4500303,270.4178936825241,0.05231109346838192,0
1595820082.4600348,272.21870735745085,0.05231109346838192,0
1595820082.47003,274.0178473339523,0.05231109346838192,0
1595820082.4800212,275.81625774960173,0.05231109346838192,0
1595820082.4900289,277.6176293240036,0.05231109346838192,0
1595820082.5000203,279.41608265499724,0.05231109346838192,0
1595820082.5100265,281.21719673733367,0.05231109346838192,0
1595820082.5200186,283.01577881436003,0.05231109346838192,0
1595820082.53002,284.8160345898117,0.05231109346838192,0
1595820082.540035,286.61873653988494,0.05231109346838192,0
1595820082.5500247,288.4168894634689,0.05231109346838192,0
1595820082.560034,290.21856144528044,0.05231109346838192,0
1595820082.5700266,292.0172293529953,0.05231109346838192,0
1595820082.580034,293.8185580120529,0.05231109346838192,0
1595820082.5900254,295.61701134304656,0.05231109346838192,0
1595820082.6000197,297.41597965817107,0.05231109346838192,0
1595820082.610037,299.2191107616867,0.05231109346838192,0
1595820082.62002,301.01601914028777,0.05231109346838192,0
1595820082.630022,302.81640366177214,0.05231109346838192,0
1595820082.6400254,304.6170027599777,0.05231109346838192,0
1595820082.650035,306.41871765713347,0.05231109346838192,0
1595820082.6600235,308.21665600399626,0.05231109346838192,0
1595820082.6700354,310.0188000545944,0.05231109346838192,0
1595820082.680026,311.81712463955535,0.05231109346838192,0
1595820082.6900222,313.61643627743376,0.05231109346838192,0
1595820082.7000358,315.4188807354416,0.05231109346838192,0
1595820082.710033,317.21836403469695,0.05231109346838192,0
1595820082.7200236,319.0166886196579,0.05231109346838192,0
1595820082.7300336,320.8184893475021,0.05231109346838192,0
1595820082.7400222,322.6164276943649,0.05231109346838192,0
1595820082.7500288,324.4176276073898,0.05231109346838192,0
1595820082.7600274,326.2173683987106,0.05231109346838192,0
1595820082.770029,328.0176670895065,0.05231109346838192,0
1595820082.7800188,329.8158200130905,0.05231109346838192,0
1595820082.7900326,331.61830738644255,0.05231109346838192,0
1595820082.8000274,333.41736153225554,0.05231109346838192,0
1595820082.8100286,335.21757439236296,0.05231109346838192,0
1595820082.8200305,337.0179159985031,0.05231109346838192,0
1595820082.8300316,338.8181288586105,0.05231109346838192,0
1595820082.8400328,340.61834171871794,0.05231109346838192,0
1595820082.850022,342.41640881161345,0.05231109346838192,0
1595820082.860024,344.2167504177536,0.05231109346838192,0
1595820082.8700325,346.0182936535324,0.05231109346838192,0
1595820082.8800285,347.8175623760666,0.05231109346838192,0
1595820082.8900256,349.61704567532195,0.05231109346838192,0
1595820082.9000225,351.4164860592331,0.05231109346838192,0
1595820082.9100223,353.2164414272751,0.05231109346838192,0
1595820082.920033,355.018370901152,0.05231109346838192,0
1595820082.9300332,356.8184120998825,0.05231109346838192,0
1595820082.9400344,358.6186249599899,0.05231109346838192,0
1595820082.9477103,360,0.05231109346838192,1
1595820082.9477103,0,0,0
1595820082.9577107,1.800084114074707,0,0
1595820082.9677107,3.6000823974609375,0,0
1595820082.977719,5.401582717895508,0,0
1595820082.987712,7.20029354095459,0,0
1595820082.9977124,9.000377655029297,0,0
1595820083.0077164,10.801105499267578,0,0
1595820083.0177262,12.602863311767578,0,0
1595820083.027714,14.400672912597656,0,0
1595820083.0377185,16.201486587524414,0,0
1595820083.0477188,18.001527786254883,0,0
1595820083.0577197,19.801697731018066,0,0
1595820083.0677128,21.600451469421387,0,0
1595820083.0777261,23.40285301208496,0,0
1595820083.0877137,25.2006196975708,0,0
1595820083.0977104,27.000017166137695,0,0
1595820083.1077228,28.802247047424316,0,0
1595820083.1177127,30.60044288635254,0,0
1595820083.127712,32.400312423706055,0,0
1595820083.137711,34.20013904571533,0,0
1595820083.1477146,36.00078105926514,0,0
1595820083.15771,37.79996395111084,0,0
1595820083.1677265,39.60292339324951,0,0
1595820083.1777234,41.402363777160645,0,0
1595820083.18773,43.20356369018555,0,0
1595820083.1977153,45.000901222229004,0,0
1595820083.2077265,46.802916526794434,0,0
1595820083.2177293,48.60342979431152,0,0
1595820083.2277296,50.40347099304199,0,0
1595820083.2377224,52.202181816101074,0,0
1595820083.2477195,54.001665115356445,0,0
1595820083.2577238,55.802435874938965,0,0
1595820083.2677183,57.601447105407715,0,0
1595820083.27773,59.40354824066162,0,0
1595820083.2877142,61.200714111328125,0,0
1595820083.2977145,63.000755310058594,0,0
1595820083.307726,64.80281352996826,0,0
1595820083.317711,66.60015106201172,0,0
1595820083.3277164,68.40109348297119,0,0
1595820083.3377268,70.2029800415039,0,0
1595820083.3477297,72.003493309021,0,0
1595820083.3577256,73.80276203155518,0,0
1595820083.3677156,75.6009578704834,0,0
1595820083.377715,77.40087032318115,0,0
1595820083.3877134,79.20056819915771,0,0
1595820083.397726,81.00284099578857,0,0
1595820083.4077163,82.80107975006104,0,0
1595820083.4177144,84.60073471069336,0,0
1595820083.4277296,86.40347957611084,0,0
1595820083.437716,88.20103168487549,0,0
1595820083.4477117,90.00025749206543,0,0
1595820083.4577122,91.80034160614014,0,0
1595820083.4677136,93.6005973815918,0,0
1595820083.4777298,95.40351390838623,0,0
1595820083.4877121,97.20033645629883,0,0
1595820083.4977107,99.00007724761963,0,0
1595820083.5077264,100.80290794372559,0,0
1595820083.5177166,102.60114669799805,0,0
1595820083.527724,104.40247535705566,0,0
1595820083.5377104,106.20002746582031,0,0
1595820083.5477202,108.00178527832031,0,0
1595820083.5577192,109.80161190032959,0,0
1595820083.567724,111.60246849060059,0,0
1595820083.5777292,113.40341091156006,0,0
1595820083.5877159,115.20100593566895,0,0
1595820083.597714,117.00066089630127,0,0
1595820083.607717,118.8012170791626,0,0
1595820083.617714,120.60065746307373,0,0
1595820083.6277246,122.40258693695068,0,0
1595820083.637723,124.20228481292725,0,0
1595820083.6477149,126.00082397460938,0,0
1595820083.6577253,127.80271053314209,0,0
1595820083.6677139,129.60064888000488,0,0
1595820083.6777263,131.4028787612915,0,0
1595820083.6877258,133.20279121398926,0,0
1595820083.697718,135.00137329101562,0,0
1595820083.7077174,136.80128574371338,0,0
1595820083.7177231,138.60231399536133,0,0
1595820083.7277272,140.4030418395996,0,0
1595820083.7377257,142.2027826309204,0,0
1595820083.7477238,144.00243759155273,0,0
1595820083.7577178,145.801362991333,0,0
1595820083.7677152,147.60088920593262,0,0
1595820083.7777147,149.40080165863037,0,0
1595820083.7877274,151.20307445526123,0,0
1595820083.7977214,153.0019998550415,0,0
1595820083.8077116,154.80023860931396,0,0
1595820083.8177297,156.6034984588623,0,0
1595820083.8277166,158.40113639831543,0,0
1595820083.8377147,160.20079135894775,0,0
1595820083.8477232,162.00233459472656,0,0
1595820083.8577244,163.80254745483398,0,0
1595820083.8677156,165.6009578704834,0,0
1595820083.8777223,167.4021577835083,0,0
1595820083.887725,169.2026710510254,0,0
1595820083.8977134,171.00056648254395,0,0
1595820083.907711,172.8001356124878,0,0
1595820083.9177244,174.60253715515137,0,0
1595820083.9277246,176.40257835388184,0,0
1595820083.9377244,178.20253372192383,0,0
1595820083.9477148,180.00081539154053,0,0
1595820083.9577281,181.8032169342041,0,0
1595820083.9581268,181.8749713897705,0,0
1595820083.9581268,191.32511052909604,0.052500772996253,0
1595820083.967723,193.05241021934262,0.052500772996253,0
1595820083.9777262,194.85300931754819,0.052500772996253,0
1595820083.987726,196.65296468559018,0.052500772996253,0
1595820083.9977257,198.45292005363217,0.052500772996253,0
1595820084.007728,200.25334749046078,0.052500772996253,0
1595820084.0177288,202.05347451987973,0.052500772996253,0
1595820084.027715,203.85098371330014,0.052500772996253,0
1595820084.037712,205.6504670125555,0.052500772996253,0
1595820084.0477235,207.45252523246518,0.052500772996253,0
1595820084.0577126,209.25054941001645,0.052500772996253,0
1595820084.0677261,211.05299386802426,0.052500772996253,0
1595820084.0777166,212.85127553764096,0.052500772996253,0
1595820084.0877106,214.65020093742123,0.052500772996253,0
1595820084.097717,216.4513579351019,0.052500772996253,0
1595820084.1077135,218.25071248832455,0.052500772996253,0
1595820084.1177106,220.05019578757992,0.052500772996253,0
1595820084.1277199,221.85186776939145,0.052500772996253,0
1595820084.1377292,223.65353975120297,0.052500772996253,0
1595820084.1477158,225.45113477531186,0.052500772996253,0
1595820084.157711,227.25027475181332,0.052500772996253,0
1595820084.1677127,229.05057344260922,0.052500772996253,0
1595820084.1777167,230.8513012868475,0.052500772996253,0
1595820084.1877174,232.65142831626645,0.052500772996253,0
1595820084.197719,234.45172700706235,0.052500772996253,0
1595820084.207723,236.2524119359564,0.052500772996253,0
1595820084.2177267,238.05309686485043,0.052500772996253,0
1595820084.227726,239.85296640220395,0.052500772996253,0
1595820084.2377102,241.65013227287045,0.052500772996253,0
1595820084.2477217,243.45219049278012,0.052500772996253,0
1595820084.2577226,245.2523604375433,0.052500772996253,0
1595820084.2677255,247.0528737050604,0.052500772996253,0
1595820084.2777262,248.85300073447934,0.052500772996253,0
1595820084.287719,250.65171155753842,0.052500772996253,0
1595820084.2977185,252.45162401023617,0.052500772996253,0
1595820084.30772,254.25187978568783,0.052500772996253,0
1595820084.3177154,256.05106267753354,0.052500772996253,0
1595820084.327715,257.8509751302313,0.052500772996253,0
1595820084.3377283,259.65337667289486,0.052500772996253,0
1595820084.3477266,261.4530745488714,0.052500772996253,0
1595820084.357716,263.2511845571112,0.052500772996253,0
1595820084.3677287,265.05345735374203,0.052500772996253,0
1595820084.37772,266.8519106847357,0.052500772996253,0
1595820084.3877237,268.6525526982855,0.052500772996253,0
1595820084.3977246,270.4527226430487,0.052500772996253,0
1595820084.4077268,272.25310716453305,0.052500772996253,0
1595820084.417728,274.05332002464047,0.052500772996253,0
1595820084.4277246,275.85271749320736,0.052500772996253,0
1595820084.4377172,277.6513854009222,0.052500772996253,0
1595820084.4477284,279.45340070548764,0.052500772996253,0
1595820084.4577277,281.25327024284115,0.052500772996253,0
1595820084.4677157,283.05112275901547,0.052500772996253,0
1595820084.47771,284.85009107414,0.052500772996253,0
1595820084.4877253,286.65283593955746,0.052500772996253,0
1595820084.4977248,288.4527483922552,0.052500772996253,0
1595820084.5077152,290.2510300618719,0.052500772996253,0
1595820084.5177205,292.0519724828314,0.052500772996253,0
1595820084.5277092,293.8499537450384,0.052500772996253,0
1595820084.5377145,295.6508961659979,0.052500772996253,0
1595820084.5477147,297.45093736472836,0.052500772996253,0
1595820084.5577292,299.2535534841131,0.052500772996253,0
1595820084.5677269,301.053122614057,0.052500772996253,0
1595820084.5777223,302.8523055059027,0.052500772996253,0
1595820084.5877092,304.6499434453558,0.052500772996253,0
1595820084.5977156,306.45110044303647,0.052500772996253,0
1595820084.6077206,308.2519999486517,0.052500772996253,0
1595820084.6177225,310.05234155479184,0.052500772996253,0
1595820084.6277156,311.85109529319516,0.052500772996253,0
1595820084.6377285,313.65341100517026,0.052500772996253,0
1595820084.6477187,315.4516497594427,0.052500772996253,0
1595820084.6577241,317.2526350957464,0.052500772996253,0
1595820084.667724,319.0525904637884,0.052500772996253,0
1595820084.6777165,320.85125837150326,0.052500772996253,0
1595820084.687729,322.6534882527899,0.052500772996253,0
1595820084.697726,324.45297155204526,0.052500772996253,0
1595820084.707714,326.2508240682196,0.052500772996253,0
1595820084.7177222,328.0522814733099,0.052500772996253,0
1595820084.7277248,329.85275182548276,0.052500772996253,0
1595820084.7377236,331.6525355321478,0.052500772996253,0
1595820084.7477176,333.45146093192807,0.052500772996253,0
1595820084.7577248,335.25274667564145,0.052500772996253,0
1595820084.7677248,337.0527449590277,0.052500772996253,0
1595820084.7777185,338.8516274434637,0.052500772996253,0
1595820084.7877104,340.65016660514584,0.052500772996253,0
1595820084.7977252,342.45282563987485,0.052500772996253,0
1595820084.8077207,344.25200853172055,0.052500772996253,0
1595820084.817712,346.0504618627142,0.052500772996253,0
1595820084.8277104,347.85015973869076,0.052500772996253,0
1595820084.8377178,349.6514883977484,0.052500772996253,0
1595820084.8477268,351.45311746421567,0.052500772996253,0
1595820084.8577118,353.2504120809149,0.052500772996253,0
1595820084.8677197,355.051826570661,0.052500772996253,0
1595820084.8777084,356.849807832868,0.052500772996253,0
1595820084.887719,358.6516943914007,0.052500772996253,0
1595820084.8952146,360,0.052500772996253,1
1595820084.8952146,0,0,0
1595820084.9052196,1.8008995056152344,0,0
1595820084.9152315,3.603043556213379,0,0
1595820084.9252253,5.401926040649414,0,0
1595820084.93523,7.20278263092041,0,0
1595820084.945221,9.001150131225586,0,0
1595820084.9552145,10.799989700317383,0,0
1595820084.965228,12.602434158325195,0,0
1595820084.97522,14.400973320007324,0,0
1595820084.9852157,16.200199127197266,0,0
1595820084.9952304,18.00285816192627,0,0
1595820085.0052226,19.801440238952637,0,0
1595820085.0152235,21.60161018371582,0,0
1595820085.0252273,23.402295112609863,0,0
1595820085.0352194,25.20087718963623,0,0
1595820085.0452235,27.00160503387451,0,0
1595820085.0552187,28.800745010375977,0,0
1595820085.0652237,30.60164451599121,0,0
1595820085.0752182,32.40065574645996,0,0
1595820085.0852294,34.20267105102539,0,0
1595820085.0952272,36.00228309631348,0,0
1595820085.1052222,37.8013801574707,0,0
1595820085.1152258,39.60202217102051,0,0
1595820085.1252337,41.4034366607666,0,0
1595820085.1352155,43.20017337799072,0,0
1595820085.1452186,45.00072956085205,0,0
1595820085.1552303,46.80283069610596,0,0
1595820085.1652298,48.60274314880371,0,0
1595820085.175224,50.40171146392822,0,0
1595820085.1852326,52.20325469970703,0,0
1595820085.1952229,54.00149345397949,0,0
1595820085.2052233,55.8015775680542,0,0
1595820085.2152336,57.603421211242676,0,0
1595820085.2252197,59.400930404663086,0,0
1595820085.235217,61.200456619262695,0,0
1595820085.2452252,63.00191402435303,0,0
1595820085.2552204,64.80105400085449,0,0
1595820085.265223,66.60152435302734,0,0
1595820085.275217,68.40044975280762,0,0
1595820085.2852266,70.20216464996338,0,0
1595820085.2952266,72.00216293334961,0,0
1595820085.3052158,73.80023002624512,0,0
1595820085.3152173,75.60048580169678,0,0
1595820085.3252306,77.40288734436035,0,0
1595820085.3352292,79.20262813568115,0,0
1595820085.3452253,81.00193977355957,0,0
1595820085.3552153,82.8001356124878,0,0
1595820085.3652213,84.60120677947998,0,0
1595820085.3752306,86.4028787612915,0,0
1595820085.3852289,88.20257663726807,0,0
1595820085.3952167,90.00038623809814,0,0
1595820085.4052296,91.80270195007324,0,0
1595820085.4152143,93.59995365142822,0,0
1595820085.4252195,95.4008960723877,0,0
1595820085.4352198,97.20093727111816,0,0
1595820085.445227,99.00222301483154,0,0
1595820085.4552236,100.80162048339844,0,0
1595820085.465218,102.60063171386719,0,0
1595820085.4752214,104.40123081207275,0,0
1595820085.4852257,106.20200157165527,0,0
1595820085.495226,108.00204277038574,0,0
1595820085.5052156,109.80019569396973,0,0
1595820085.515226,111.6020393371582,0,0
1595820085.5252278,113.40238094329834,0,0
1595820085.5352259,115.20203590393066,0,0
1595820085.5452297,117.0027208328247,0,0
1595820085.5552325,118.8032341003418,0,0
1595820085.5652308,120.60293197631836,0,0
1595820085.5752258,122.40202903747559,0,0
1595820085.5852196,124.20091152191162,0,0
1595820085.5952227,126.00146770477295,0,0
1595820085.6052315,127.803053855896,0,0
1595820085.6152205,129.60107803344727,0,0
1595820085.6252146,131.40000343322754,0,0
1595820085.6352308,133.20291996002197,0,0
1595820085.64522,135.00098705291748,0,0
1595820085.6552198,136.80094242095947,0,0
1595820085.6652215,138.60124111175537,0,0
1595820085.6752315,140.4030418395996,0,0
1595820085.6852298,142.20273971557617,0,0
1595820085.695219,144.00080680847168,0,0
1595820085.7052217,145.80127716064453,0,0
1595820085.7152293,147.6026487350464,0,0
1595820085.7252247,149.4018316268921,0,0
1595820085.7352302,151.2028169631958,0,0
1595820085.7452157,153.0001974105835,0,0
1595820085.7552238,154.80165481567383,0,0
1595820085.7652268,156.60221099853516,0,0
1595820085.7752292,158.40263843536377,0,0
1595820085.7852206,160.20109176635742,0,0
1595820085.795229,162.002592086792,0,0
1595820085.805232,163.80314826965332,0,0
1595820085.8152235,165.60160160064697,0,0
1595820085.8252234,167.4015998840332,0,0
1595820085.8352277,169.20237064361572,0,0
1595820085.8452268,171.002197265625,0,0
1595820085.8552313,172.80301094055176,0,0
1595820085.865231,174.60296630859375,0,0
1595820085.8752193,176.4008617401123,0,0
1595820085.8852189,178.20077419281006,0,0
1595820085.8952255,180.00197410583496,0,0
1595820085.9052181,181.8006420135498,0,0
1595820085.9082382,182.3442506790161,0,0
1595820085.9082382,191.8184502820078,0.05263444223884273,0
1595820085.9152308,193.07711441317235,0.05263444223884273,0
1595820085.9252217,194.87548191347753,0.05263444223884273,0
1595820085.9352207,196.6753085354868,0.05263444223884273,0
1595820085.9452252,198.47612221041356,0.05263444223884273,0
1595820085.9552262,200.27629215517675,0.05263444223884273,0
1595820085.9652197,202.07513172426854,0.05263444223884273,0
1595820085.9752197,203.87513000765477,0.05263444223884273,0
1595820085.985229,205.6768019894663,0.05263444223884273,0
1595820085.9952204,207.47525532045995,0.05263444223884273,0
1595820086.0052216,209.27546818056737,0.05263444223884273,0
1595820086.0152187,211.07495147982274,0.05263444223884273,0
1595820086.0252264,212.8763230542246,0.05263444223884273,0
1595820086.0352201,214.67520553866063,0.05263444223884273,0
1595820086.0452316,216.4772637585703,0.05263444223884273,0
1595820086.0552242,218.27593166628515,0.05263444223884273,0
1595820086.065214,220.07408458986913,0.05263444223884273,0
1595820086.0752275,221.87652904787694,0.05263444223884273,0
1595820086.0852318,223.67729980745946,0.05263444223884273,0
1595820086.0952308,225.47712642946874,0.05263444223884273,0
1595820086.105219,227.27497894564306,0.05263444223884273,0
1595820086.1152225,229.07562095919286,0.05263444223884273,0
1595820086.125232,230.87733585634862,0.05263444223884273,0
1595820086.135219,232.675016711146,0.05263444223884273,0
1595820086.1452217,234.47548706331884,0.05263444223884273,0
1595820086.1552145,236.27419788637792,0.05263444223884273,0
1595820086.1652236,238.0758269528452,0.05263444223884273,0
1595820086.1752317,239.87728435793554,0.05263444223884273,0
1595820086.1852324,241.67741138735448,0.05263444223884273,0
1595820086.195214,243.47410518923436,0.05263444223884273,0
1595820086.2052262,245.27629215517675,0.05263444223884273,0
1595820086.2152257,247.0762046078745,0.05263444223884273,0
1595820086.225222,248.87555916109716,0.05263444223884273,0
1595820086.2352185,250.6749137143198,0.05263444223884273,0
1595820086.2452276,252.4765427807871,0.05263444223884273,0
1595820086.255216,254.27443821230565,0.05263444223884273,0
1595820086.2652311,256.07718307772313,0.05263444223884273,0
1595820086.2752252,257.8761084775034,0.05263444223884273,0
1595820086.285217,259.67464763918554,0.05263444223884273,0
1595820086.2952294,261.47687752047216,0.05263444223884273,0
1595820086.3052306,263.2770903805796,0.05263444223884273,0
1595820086.3152246,265.07601578035985,0.05263444223884273,0
1595820086.3252163,266.87451202669774,0.05263444223884273,0
1595820086.3352256,268.67618400850927,0.05263444223884273,0
1595820086.3452175,270.4747231701914,0.05263444223884273,0
1595820086.3552177,272.27476436892186,0.05263444223884273,0
1595820086.3652174,274.07471973696386,0.05263444223884273,0
1595820086.3752275,275.8765204648081,0.05263444223884273,0
1595820086.38523,277.67699081698095,0.05263444223884273,0
1595820086.3952253,279.4761307934824,0.05263444223884273,0
1595820086.405219,281.27501327791845,0.05263444223884273,0
1595820086.4152236,283.0758269528452,0.05263444223884273,0
1595820086.4252205,284.87526733675634,0.05263444223884273,0
1595820086.4352276,286.6765530804697,0.05263444223884273,0
1595820086.445213,288.4739335278574,0.05263444223884273,0
1595820086.4552321,290.2773650387827,0.05263444223884273,0
1595820086.4652233,292.0757754544321,0.05263444223884273,0
1595820086.4752302,293.87701828280126,0.05263444223884273,0
1595820086.4852185,295.6749137143198,0.05263444223884273,0
1595820086.495223,297.4757273892466,0.05263444223884273,0
1595820086.5052297,299.2769273022715,0.05263444223884273,0
1595820086.515217,301.0746510724131,0.05263444223884273,0
1595820086.5252285,302.87670929232274,0.05263444223884273,0
1595820086.5352254,304.6761496762339,0.05263444223884273,0
1595820086.5452266,306.4763625363413,0.05263444223884273,0
1595820086.5552247,308.2760174969736,0.05263444223884273,0
1595820086.5652246,310.07601578035985,0.05263444223884273,0
1595820086.5752304,311.8770440320078,0.05263444223884273,0
1595820086.585232,313.6773427228037,0.05263444223884273,0
1595820086.59523,315.476997683436,0.05263444223884273,0
1595820086.6052258,317.27622349062597,0.05263444223884273,0
1595820086.6152306,319.07708008089696,0.05263444223884273,0
1595820086.6252196,320.87510425844823,0.05263444223884273,0
1595820086.6352174,322.6747163037363,0.05263444223884273,0
1595820086.6452296,324.4769032696787,0.05263444223884273,0
1595820086.655215,326.2742837170664,0.05263444223884273,0
1595820086.665216,328.0744536618296,0.05263444223884273,0
1595820086.6752253,329.8761256436411,0.05263444223884273,0
1595820086.685228,331.6766389111582,0.05263444223884273,0
1595820086.695213,333.4739335278574,0.05263444223884273,0
1595820086.7052312,335.27719337740575,0.05263444223884273,0
1595820086.7152195,337.0750888089243,0.05263444223884273,0
1595820086.7252147,338.87422878542577,0.05263444223884273,0
1595820086.735226,340.6762440899912,0.05263444223884273,0
1595820086.745218,342.47482616701757,0.05263444223884273,0
1595820086.7552302,344.27701313295995,0.05263444223884273,0
1595820086.7652206,346.07529480257665,0.05263444223884273,0
1595820086.7752132,347.8739627102915,0.05263444223884273,0
1595820086.7852287,349.6767504910532,0.05263444223884273,0
1595820086.795219,351.4749892453257,0.05263444223884273,0
1595820086.8052177,353.2747729519907,0.05263444223884273,0
1595820086.815228,355.0766165951792,0.05263444223884273,0
1595820086.8252246,356.8760140637461,0.05263444223884273,0
1595820086.8352222,358.67558319368993,0.05263444223884273,0
1595820086.842585,360,0.05263444223884273,1
1595820086.842585,0,0,0
1595820086.852591,1.8010711669921875,0,0
1595820086.8625867,3.600296974182129,0,0
1595820086.8726025,5.403127670288086,0,0
1595820086.8826025,7.203125953674316,0,0
1595820086.892599,9.002523422241211,0,0
1595820086.9025877,10.800461769104004,0,0
1595820086.912586,12.600159645080566,0,0
1595820086.9225936,14.401531219482422,0,0
1595820086.932587,16.20032787322998,0,0
1595820086.9425952,18.00182819366455,0,0
1595820086.9525945,19.801697731018066,0,0
1595820086.9625998,21.60264015197754,0,0
1595820086.972593,23.401436805725098,0,0
1595820086.9825947,25.201735496520996,0,0
1595820086.9925995,27.002592086791992,0,0
1595820087.002597,28.80216121673584,0,0
1595820087.0126004,30.602760314941406,0,0
1595820087.022597,32.4021577835083,0,0
1595820087.0325868,34.200310707092285,0,0
1595820087.0426,36.00266933441162,0,0
1595820087.0526032,37.80326843261719,0,0
1595820087.0625896,39.600820541381836,0,0
1595820087.0725975,41.40223503112793,0,0
1595820087.0825891,43.20073127746582,0,0
1595820087.0925875,45.00042915344238,0,0
1595820087.1026015,46.80295944213867,0,0
1595820087.1125998,48.602657318115234,0,0
1595820087.1225893,50.40076732635498,0,0
1595820087.1325912,52.20110893249512,0,0
1595820087.142585,53.99999141693115,0,0
1595820087.1525855,55.80007553100586,0,0
1595820087.1626003,57.60273456573486,0,0
1595820087.172599,59.4025182723999,0,0
1595820087.1825926,61.2013578414917,0,0
1595820087.1925902,63.00092697143555,0,0
1595820087.2025974,64.80221271514893,0,0
1595820087.2125967,66.60208225250244,0,0
1595820087.222596,68.40195178985596,0,0
1595820087.2325985,70.20242214202881,0,0
1595820087.2425911,72.00109004974365,0,0
1595820087.252597,73.80216121673584,0,0
1595820087.2625887,75.60065746307373,0,0
1595820087.272597,77.4021577835083,0,0
1595820087.2825892,79.20073986053467,0,0
1595820087.2926035,81.0033130645752,0,0
1595820087.30259,82.80086517333984,0,0
1595820087.3125918,84.60120677947998,0,0
1595820087.322593,86.4014196395874,0,0
1595820087.3325863,88.20021629333496,0,0
1595820087.3425877,90.00047206878662,0,0
1595820087.3525927,91.80137157440186,0,0
1595820087.3625994,93.60257148742676,0,0
1595820087.3725948,95.40175437927246,0,0
1595820087.382597,97.20213890075684,0,0
1595820087.392597,99.00213718414307,0,0
1595820087.402595,100.80179214477539,0,0
1595820087.4125893,102.6007604598999,0,0
1595820087.4225993,104.40256118774414,0,0
1595820087.4325855,106.20007038116455,0,0
1595820087.4425964,108.00204277038574,0,0
1595820087.4525988,109.80247020721436,0,0
1595820087.4625978,111.60229682922363,0,0
1595820087.4725919,113.4012222290039,0,0
1595820087.4825957,115.20190715789795,0,0
1595820087.4925954,117.00186252593994,0,0
1595820087.5025957,118.80190372467041,0,0
1595820087.512594,120.60160160064697,0,0
1595820087.5225933,122.40147113800049,0,0
1595820087.5325909,124.20104026794434,0,0
1595820087.542599,126.00249767303467,0,0
1595820087.5525987,127.80245304107666,0,0
1595820087.5625901,129.6009063720703,0,0
1595820087.5725982,131.40236377716064,0,0
1595820087.58259,133.20090293884277,0,0
1595820087.59259,135.000901222229,0,0
1595820087.602601,136.8028736114502,0,0
1595820087.612587,138.60033988952637,0,0
1595820087.6225913,140.4011106491089,0,0
1595820087.6325958,142.20192432403564,0,0
1595820087.6425943,144.00166511535645,0,0
1595820087.6525874,145.80041885375977,0,0
1595820087.6625865,147.60024547576904,0,0
1595820087.672595,149.40178871154785,0,0
1595820087.6825943,151.20165824890137,0,0
1595820087.6925979,153.00230026245117,0,0
1595820087.7025857,154.80010986328125,0,0
1595820087.7125976,156.6022539138794,0,0
1595820087.7225935,158.40152263641357,0,0
1595820087.732586,160.20014762878418,0,0
1595820087.7425933,162.0014762878418,0,0
1595820087.7525947,163.80173206329346,0,0
1595820087.7626033,165.60327529907227,0,0
1595820087.772603,167.40323066711426,0,0
1595820087.7825866,169.20026779174805,0,0
1595820087.7925982,171.00236892700195,0,0
1595820087.802592,172.801251411438,0,0
1595820087.8125865,174.60026264190674,0,0
1595820087.8225963,176.40202045440674,0,0
1595820087.8325942,178.20163249969482,0,0
1595820087.8425949,180.00175952911377,0,0
1595820087.8525922,181.80128574371338,0,0
1595820087.858299,182.82850742340088,0,0
1595820087.858299,192.3275354006046,0.05277237765113174,0
1595820087.8625898,193.09988285086095,0.05277237765113174,0
1595820087.8725893,194.8997953035587,0.05277237765113174,0
1595820087.882595,196.70082355520665,0.05277237765113174,0
1595820087.892592,198.5002639391178,0.05277237765113174,0
1595820087.902596,200.30099178335607,0.05277237765113174,0
1595820087.9125984,202.10141922018468,0.05277237765113174,0
1595820087.9225984,203.9014175035709,0.05277237765113174,0
1595820087.9325843,205.69888378164708,0.05277237765113174,0
1595820087.9425998,207.5016715624088,0.05277237765113174,0
1595820087.9526007,209.30184150717199,0.05277237765113174,0
1595820087.96259,211.0999086000675,0.05277237765113174,0
1595820087.9725978,212.9013230898136,0.05277237765113174,0
1595820087.9825854,214.69908977529943,0.05277237765113174,0
1595820087.992601,216.50187755606115,0.05277237765113174,0
1595820088.0025945,218.30071712515294,0.05277237765113174,0
1595820088.0125997,220.10165954611242,0.05277237765113174,0
1595820088.0225902,221.89994121572911,0.05277237765113174,0
1595820088.0325966,223.70109821340978,0.05277237765113174,0
1595820088.0425887,225.49968029043615,0.05277237765113174,0
1595820088.0525978,227.30130935690343,0.05277237765113174,0
1595820088.0625992,229.1015651323551,0.05277237765113174,0
1595820088.072585,230.89903141043126,0.05277237765113174,0
1595820088.0825858,232.6991584398502,0.05277237765113174,0
1595820088.0925982,234.50138832113683,0.05277237765113174,0
1595820088.1025958,236.30095745108068,0.05277237765113174,0
1595820088.1125927,238.1003978349918,0.05277237765113174,0
1595820088.122585,239.89902282736242,0.05277237765113174,0
1595820088.1325989,241.70151020071447,0.05277237765113174,0
1595820088.1426022,243.50210929892003,0.05277237765113174,0
1595820088.1526022,245.30210758230626,0.05277237765113174,0
1595820088.1625915,247.10017467520177,0.05277237765113174,0
1595820088.1725934,248.9005162813419,0.05277237765113174,0
1595820088.1825902,250.69995666525304,0.05277237765113174,0
1595820088.1926022,252.50210071585118,0.05277237765113174,0
1595820088.2026007,254.30184150717199,0.05277237765113174,0
1595820088.2125924,256.10033775350985,0.05277237765113174,0
1595820088.2226028,257.90222431204256,0.05277237765113174,0
1595820088.2325864,259.69926143667635,0.05277237765113174,0
1595820088.2426007,261.5018346407169,0.05277237765113174,0
1595820088.2526004,263.30179000875887,0.05277237765113174,0
1595820088.2625885,265.0996425249332,0.05277237765113174,0
1595820088.2725897,266.8998553850406,0.05277237765113174,0
1595820088.2825847,268.69895244619784,0.05277237765113174,0
1595820088.2925894,270.49980903646883,0.05277237765113174,0
1595820088.3025863,272.29924942037997,0.05277237765113174,0
1595820088.3125858,274.0991618730777,0.05277237765113174,0
1595820088.3225858,275.89916015646395,0.05277237765113174,0
1595820088.3325865,277.6992871858829,0.05277237765113174,0
1595820088.3425968,279.50113082907137,0.05277237765113174,0
1595820088.3525984,281.30142951986727,0.05277237765113174,0
1595820088.3625908,283.1000545122379,0.05277237765113174,0
1595820088.372597,284.9011685945743,0.05277237765113174,0
1595820088.3826005,286.7018106081241,0.05277237765113174,0
1595820088.3925934,288.5005214311832,0.05277237765113174,0
1595820088.4025917,290.30021930715975,0.05277237765113174,0
1595820088.4126027,292.10219169638094,0.05277237765113174,0
1595820088.4225981,293.90137458822664,0.05277237765113174,0
1595820088.432588,295.69957042715487,0.05277237765113174,0
1595820088.442598,297.5013711549991,0.05277237765113174,0
1595820088.452598,299.30136943838534,0.05277237765113174,0
1595820088.4625945,301.100723991608,0.05277237765113174,0
1595820088.472586,302.89917732260164,0.05277237765113174,0
1595820088.4826002,304.7017505266422,0.05277237765113174,0
1595820088.4925904,306.49998928091463,0.05277237765113174,0
1595820088.5025997,308.30166126272616,0.05277237765113174,0
1595820088.5125978,310.1013162233585,0.05277237765113174,0
1595820088.5225968,311.90114284536776,0.05277237765113174,0
1595820088.5325944,313.7007119753116,0.05277237765113174,0
1595820088.5425982,315.50139690420565,0.05277237765113174,0
1595820088.5525992,317.30156684896883,0.05277237765113174,0
1595820088.5625932,319.1004922487491,0.05277237765113174,0
1595820088.5726001,320.90173507711825,0.05277237765113174,0
1595820088.582595,322.7008321382755,0.05277237765113174,0
1595820088.5925865,324.4992854692691,0.05277237765113174,0
1595820088.6025977,326.30130077383456,0.05277237765113174,0
1595820088.6125896,328.0998399355167,0.05277237765113174,0
1595820088.6225963,329.9010398485416,0.05277237765113174,0
1595820088.6325939,331.70060897848543,0.05277237765113174,0
1595820088.6425877,333.49949146292147,0.05277237765113174,0
1595820088.6525936,335.30056262991366,0.05277237765113174,0
1595820088.662601,337.1018912889713,0.05277237765113174,0
1595820088.6726,338.90171791098055,0.05277237765113174,0
1595820088.6825848,340.69896961233553,0.05277237765113174,0
1595820088.692585,342.499010811066,0.05277237765113174,0
1595820088.702601,344.3018844225162,0.05277237765113174,0
1595820088.712593,346.10046649954256,0.05277237765113174,0
1595820088.7226017,347.90200973532137,0.05277237765113174,0
1595820088.732591,349.7000768282169,0.05277237765113174,0
1595820088.742601,351.5018775560611,0.05277237765113174,0
1595820088.7525866,353.29930091879305,0.05277237765113174,0
1595820088.7625926,355.10037208578524,0.05277237765113174,0
1595820088.7725835,356.8987395860904,0.05277237765113174,0
1595820088.7825904,358.69998241445956,0.05277237765113174,0
1595820088.7898242,360,0.05277237765113174,1
1595820088.7898242,0,0,0
1595820088.799828,1.800684928894043,0,0
1595820088.809842,3.603215217590332,0,0
1595820088.8198273,5.400552749633789,0,0
1595820088.8298256,7.200250625610352,0,0
1595820088.8398383,9.002523422241211,0,0
1595820088.8498387,10.802607536315918,0,0
1595820088.8598378,12.602434158325195,0,0
1595820088.8698394,14.402732849121094,0,0
1595820088.8798254,16.200199127197266,0,0
1595820088.889841,18.003029823303223,0,0
1595820088.8998344,19.80182647705078,0,0
1595820088.9098353,21.601996421813965,0,0
1595820088.9198267,23.400449752807617,0,0
1595820088.9298322,25.201435089111328,0,0
1595820088.9398406,27.0029354095459,0,0
1595820088.9498315,28.801302909851074,0,0
1595820088.959829,30.600872039794922,0,0
1595820088.9698253,32.40018367767334,0,0
1595820088.9798331,34.201598167419434,0,0
1595820088.9898355,36.00202560424805,0,0
1595820088.9998283,37.80073642730713,0,0
1595820089.0098293,39.60090637207031,0,0
1595820089.0198395,41.40275001525879,0,0
1595820089.0298426,43.20330619812012,0,0
1595820089.0398247,45.00008583068848,0,0
1595820089.049839,46.802659034729004,0,0
1595820089.0598316,48.60132694244385,0,0
1595820089.0698357,50.40205478668213,0,0
1595820089.0798388,52.20261096954346,0,0
1595820089.0898323,54.001450538635254,0,0
1595820089.0998418,55.803165435791016,0,0
1595820089.1098394,57.60273456573486,0,0
1595820089.119831,59.401230812072754,0,0
1595820089.1298282,61.200714111328125,0,0
1595820089.139828,63.00066947937012,0,0
1595820089.149833,64.80156898498535,0,0
1595820089.1598287,66.6007947921753,0,0
1595820089.1698427,68.40332508087158,0,0
1595820089.1798408,70.2029800415039,0,0
1595820089.1898425,72.0032787322998,0,0
1595820089.1998339,73.80173206329346,0,0
1595820089.2098262,75.60035705566406,0,0
1595820089.219824,77.39996910095215,0,0
1595820089.2298396,79.20275688171387,0,0
1595820089.2398396,81.0027551651001,0,0
1595820089.2498357,82.80206680297852,0,0
1595820089.2598338,84.60172176361084,0,0
1595820089.269826,86.4003038406372,0,0
1595820089.2798326,88.20150375366211,0,0
1595820089.2898383,90.00253200531006,0,0
1595820089.2998424,91.80325984954834,0,0
1595820089.3098404,93.60291481018066,0,0
1595820089.3198361,95.4021406173706,0,0
1595820089.329838,97.20248222351074,0,0
1595820089.3398361,99.00213718414307,0,0
1595820089.3498302,100.80106258392334,0,0
1595820089.3598242,102.59998798370361,0,0
1595820089.3698409,104.40299034118652,0,0
1595820089.3798418,106.2031602859497,0,0
1595820089.3898258,108.00028324127197,0,0
1595820089.3998387,109.80259895324707,0,0
1595820089.409829,111.60083770751953,0,0
1595820089.4198253,113.40019226074219,0,0
1595820089.4298403,115.20289421081543,0,0
1595820089.439842,117.00319290161133,0,0
1595820089.4498353,118.80198955535889,0,0
1595820089.4598408,120.6029748916626,0,0
1595820089.4698286,122.40078449249268,0,0
1595820089.4798276,124.20061111450195,0,0
1595820089.489829,126.00086688995361,0,0
1595820089.4998286,127.80077934265137,0,0
1595820089.50984,129.60283756256104,0,0
1595820089.5198312,131.40124797821045,0,0
1595820089.5298264,133.2003879547119,0,0
1595820089.5398247,135.00008583068848,0,0
1595820089.5498343,136.80180072784424,0,0
1595820089.5598278,138.60064029693604,0,0
1595820089.5698414,140.40308475494385,0,0
1595820089.5798352,142.20196723937988,0,0
1595820089.5898404,144.00290966033936,0,0
1595820089.5998414,145.80307960510254,0,0
1595820089.6098375,147.60239124298096,0,0
1595820089.619836,149.40213203430176,0,0
1595820089.6298287,151.2007999420166,0,0
1595820089.6398418,153.00315856933594,0,0
1595820089.6498296,154.80096817016602,0,0
1595820089.6598248,156.60010814666748,0,0
1595820089.6698372,158.4023380279541,0,0
1595820089.679833,160.20156383514404,0,0
1595820089.6898313,162.0012617111206,0,0
1595820089.6998334,163.80164623260498,0,0
1595820089.7098417,165.60314655303955,0,0
1595820089.719828,167.40065574645996,0,0
1595820089.7298396,169.20275688171387,0,0
1595820089.7398255,171.00022315979004,0,0
1595820089.7498279,172.80065059661865,0,0
1595820089.7598414,174.60309505462646,0,0
1595820089.769824,176.3999605178833,0,0
1595820089.7798343,178.20180416107178,0,0
1595820089.7898378,180.00244617462158,0,0
1595820089.7998366,181.80222988128662,0,0
1595820089.8084445,183.35164546966553,0,0
1595820089.8084445,192.87749530805712,0.052921387991064384,0
1595820089.8098328,193.12739135755663,0.052921387991064384,0
1595820089.8198242,194.92584468855028,0.052921387991064384,0
1595820089.8298404,196.72876121534472,0.052921387991064384,0
1595820089.839827,198.5263562394536,0.052921387991064384,0
1595820089.8498404,200.32875778211718,0.052921387991064384,0
1595820089.8598397,202.1286273194707,0.052921387991064384,0
1595820089.8698382,203.9283681107915,0.052921387991064384,0
1595820089.8798382,205.72836639417773,0.052921387991064384,0
1595820089.889841,207.52887966169482,0.052921387991064384,0
1595820089.89984,209.3287062837041,0.052921387991064384,0
1595820089.9098384,211.12840415968066,0.052921387991064384,0
1595820089.9198406,212.92878868116503,0.052921387991064384,0
1595820089.9298248,214.72595455183153,0.052921387991064384,0
1595820089.939838,216.52831317915087,0.052921387991064384,0
1595820089.9498408,218.32882644666796,0.052921387991064384,0
1595820089.9598243,220.12586357130175,0.052921387991064384,0
1595820089.9698353,221.92783596052294,0.052921387991064384,0
1595820089.9798343,223.72766258253222,0.052921387991064384,0
1595820089.9898376,225.52826168073778,0.052921387991064384,0
1595820089.9998388,227.3284745408452,0.052921387991064384,0
1595820090.0098414,229.12894489301806,0.052921387991064384,0
1595820090.019824,230.9258103562749,0.052921387991064384,0
1595820090.029841,232.72885562910204,0.052921387991064384,0
1595820090.0398357,234.52790977491503,0.052921387991064384,0
1595820090.04984,236.32868053449755,0.052921387991064384,0
1595820090.0598392,238.12855007185107,0.052921387991064384,0
1595820090.0698366,239.92807628645068,0.052921387991064384,0
1595820090.0798254,241.7260575486577,0.052921387991064384,0
1595820090.0898368,243.52811576856737,0.052921387991064384,0
1595820090.0998256,245.3260970307744,0.052921387991064384,0
1595820090.1098266,247.1262669755376,0.052921387991064384,0
1595820090.119836,248.92798187269335,0.052921387991064384,0
1595820090.1298234,250.72570564283495,0.052921387991064384,0
1595820090.1398325,252.52733470930224,0.052921387991064384,0
1595820090.1498368,254.32810546888476,0.052921387991064384,0
1595820090.1598356,256.1278891755498,0.052921387991064384,0
1595820090.1698234,257.9256987763799,0.052921387991064384,0
1595820090.1798275,259.72642662061816,0.052921387991064384,0
1595820090.1898336,261.5275407029546,0.052921387991064384,0
1595820090.1998386,263.3284402085698,0.052921387991064384,0
1595820090.209838,265.12830974592333,0.052921387991064384,0
1595820090.219837,266.9281363679326,0.052921387991064384,0
1595820090.2298315,268.72714759840136,0.052921387991064384,0
1595820090.239828,270.52654506696825,0.052921387991064384,0
1595820090.2498233,272.3256850434697,0.052921387991064384,0
1595820090.2598372,274.12817241682177,0.052921387991064384,0
1595820090.2698264,275.9262395097173,0.052921387991064384,0
1595820090.279836,277.72795440687304,0.052921387991064384,0
1595820090.2898319,279.5272231294072,0.052921387991064384,0
1595820090.2998233,281.32567646040087,0.052921387991064384,0
1595820090.3098392,283.12855007185107,0.052921387991064384,0
1595820090.3198373,284.9282050324834,0.052921387991064384,0
1595820090.3298337,286.72755958570605,0.052921387991064384,0
1595820090.339826,288.52618457807665,0.052921387991064384,0
1595820090.3498363,290.32802822126513,0.052921387991064384,0
1595820090.3598416,292.1289706422246,0.052921387991064384,0
1595820090.3698254,293.92605068220263,0.052921387991064384,0
1595820090.3798301,295.7269072724736,0.052921387991064384,0
1595820090.3898308,297.52703430189257,0.052921387991064384,0
1595820090.3998325,299.32733299268847,0.052921387991064384,0
1595820090.4098396,301.12861873640185,0.052921387991064384,0
1595820090.4198303,302.9269433213628,0.052921387991064384,0
1595820090.4298368,304.72810031904345,0.052921387991064384,0
1595820090.4398386,306.5284419251836,0.052921387991064384,0
1595820090.449828,308.3265090180791,0.052921387991064384,0
1595820090.459835,310.1277947617925,0.052921387991064384,0
1595820090.4698274,311.9264197541631,0.052921387991064384,0
1595820090.4798331,313.727448005811,0.052921387991064384,0
1595820090.4898248,315.5259442521489,0.052921387991064384,0
1595820090.499826,317.32615711225634,0.052921387991064384,0
1595820090.5098372,319.12817241682177,0.052921387991064384,0
1595820090.519829,320.9267115785039,0.052921387991064384,0
1595820090.5298324,322.72731067670946,0.052921387991064384,0
1595820090.5398338,324.5275664521611,0.052921387991064384,0
1595820090.5498247,326.3259339524663,0.052921387991064384,0
1595820090.5598292,328.12674762739306,0.052921387991064384,0
1595820090.5698264,329.92623092664843,0.052921387991064384,0
1595820090.5798335,331.7275166703618,0.052921387991064384,0
1595820090.58984,333.5286736680425,0.052921387991064384,0
1595820090.599835,335.3277707291997,0.052921387991064384,0
1595820090.6098378,337.1282839967168,0.052921387991064384,0
1595820090.6198268,338.92630817426806,0.052921387991064384,0
1595820090.629839,340.72849514021044,0.052921387991064384,0
1595820090.639824,342.52578975690966,0.052921387991064384,0
1595820090.6498392,344.32853462232714,0.052921387991064384,0
1595820090.6598368,346.128103752271,0.052921387991064384,0
1595820090.6698322,347.9272866441167,0.052921387991064384,0
1595820090.6798365,349.7280574036992,0.052921387991064384,0
1595820090.6898365,351.52805568708544,0.052921387991064384,0
1595820090.6998284,353.32659484876757,0.052921387991064384,0
1595820090.7098327,355.1273656083501,0.052921387991064384,0
1595820090.7198358,356.9279217912114,0.052921387991064384,0
1595820090.7298322,358.7272763444341,0.052921387991064384,0
1595820090.7369208,360,0.052921387991064384,1
1595820090.7369208,0,0,0
1595820090.7469325,1.8021011352539062,0,0
1595820090.7569392,3.6033010482788086,0,0
1595820090.7669299,5.401625633239746,0,0
1595820090.7769265,7.201023101806641,0,0
1595820090.7869227,9.000334739685059,0,0
1595820090.796936,10.802736282348633,0,0
1595820090.8069322,12.60204792022705,0,0
1595820090.8169339,14.40234661102295,0,0
1595820090.8269284,16.2013578414917,0,0
1595820090.836939,18.003287315368652,0,0
1595820090.8469348,19.802513122558594,0,0
1595820090.8569233,21.600451469421387,0,0
1595820090.8669248,23.400707244873047,0,0
1595820090.8769379,25.203065872192383,0,0
1595820090.8869238,27.000532150268555,0,0
1595820090.8969312,28.801860809326172,0,0
1595820090.9069333,30.602245330810547,0,0
1595820090.9169383,32.40314483642578,0,0
1595820090.9269307,34.20176982879639,0,0
1595820090.9369345,36.00245475769043,0,0
1595820090.9469275,37.80120849609375,0,0
1595820090.9569361,39.60275173187256,0,0
1595820090.9669242,41.400604248046875,0,0
1595820090.976934,43.202362060546875,0,0
1595820090.9869328,45.002145767211914,0,0
1595820090.9969382,46.803131103515625,0,0
1595820091.0069246,48.60068321228027,0,0
1595820091.0169244,50.400638580322266,0,0
1595820091.026935,52.20256805419922,0,0
1595820091.0369384,54.003167152404785,0,0
1595820091.0469365,55.80282211303711,0,0
1595820091.0569296,57.60157585144043,0,0
1595820091.0669339,59.40234661102295,0,0
1595820091.0769277,61.201229095458984,0,0
1595820091.086939,63.00328731536865,0,0
1595820091.0969229,64.80036735534668,0,0
1595820091.106929,66.6014814376831,0,0
1595820091.1169386,68.40319633483887,0,0
1595820091.126932,70.20199298858643,0,0
1595820091.1369214,72.00010299682617,0,0
1595820091.1469293,73.80151748657227,0,0
1595820091.1569278,75.60125827789307,0,0
1595820091.1669335,77.40228652954102,0,0
1595820091.176937,79.20292854309082,0,0
1595820091.1869264,81.00099563598633,0,0
1595820091.1969354,82.80262470245361,0,0
1595820091.206931,84.60185050964355,0,0
1595820091.216928,86.40129089355469,0,0
1595820091.2269275,88.20120334625244,0,0
1595820091.2369215,90.00012874603271,0,0
1595820091.2469292,91.80150032043457,0,0
1595820091.2569284,93.60136985778809,0,0
1595820091.2669315,95.40192604064941,0,0
1595820091.276928,97.20128059387207,0,0
1595820091.286921,99.00003433227539,0,0
1595820091.296939,100.80325126647949,0,0
1595820091.3069391,102.60329246520996,0,0
1595820091.316926,104.40093040466309,0,0
1595820091.3269348,106.20251655578613,0,0
1595820091.3369312,108.00187110900879,0,0
1595820091.3469265,109.80101108551025,0,0
1595820091.3569362,111.60276889801025,0,0
1595820091.3669348,113.40250968933105,0,0
1595820091.3769393,115.20332336425781,0,0
1595820091.3869255,117.00083255767822,0,0
1595820091.3969336,118.80228996276855,0,0
1595820091.406924,120.60057163238525,0,0
1595820091.4169292,122.40151405334473,0,0
1595820091.4269392,124.20331478118896,0,0
1595820091.4369364,126.00279808044434,0,0
1595820091.4469264,127.80099391937256,0,0
1595820091.456928,129.60129261016846,0,0
1595820091.466934,131.40236377716064,0,0
1595820091.476922,133.20021629333496,0,0
1595820091.48693,135.00163078308105,0,0
1595820091.496921,136.80004119873047,0,0
1595820091.506939,138.60325813293457,0,0
1595820091.5169349,140.40252685546875,0,0
1595820091.526922,142.2002077102661,0,0
1595820091.5369267,144.0010643005371,0,0
1595820091.546923,145.80037593841553,0,0
1595820091.5569208,147.5999879837036,0,0
1595820091.5669332,149.40221786499023,0,0
1595820091.576932,151.20200157165527,0,0
1595820091.5869222,153.00024032592773,0,0
1595820091.5969262,154.80096817016602,0,0
1595820091.6069276,156.60122394561768,0,0
1595820091.616928,158.40130805969238,0,0
1595820091.626938,160.20310878753662,0,0
1595820091.6369345,162.00246334075928,0,0
1595820091.6469388,163.8032341003418,0,0
1595820091.6569324,165.6020736694336,0,0
1595820091.6669338,167.40232944488525,0,0
1595820091.676935,169.20254230499268,0,0
1595820091.6869307,171.00176811218262,0,0
1595820091.6969223,172.8002643585205,0,0
1595820091.70693,174.60163593292236,0,0
1595820091.7169292,176.40150547027588,0,0
1595820091.726925,178.20073127746582,0,0
1595820091.736938,180.00308990478516,0,0
1595820091.7469385,181.80317401885986,0,0
1595820091.7569242,183.6005973815918,0,0
1595820091.759794,184.117169380188,0,0
1595820091.759794,193.6822684687743,0.05313943938103516,0
1595820091.7669206,194.96505102340078,0.05313943938103516,0
1595820091.7769227,196.76543554488515,0.05313943938103516,0
1595820091.7869258,198.56599172774648,0.05313943938103516,0
1595820091.796936,200.36783537093496,0.05313943938103516,0
1595820091.8069344,202.16753324691152,0.05313943938103516,0
1595820091.816931,203.9669307154784,0.05313943938103516,0
1595820091.826921,205.76512655440663,0.05313943938103516,0
1595820091.8369312,207.5669701975951,0.05313943938103516,0
1595820091.8469317,209.36705431166982,0.05313943938103516,0
1595820091.85693,211.16675218764638,0.05313943938103516,0
1595820091.8669384,212.96825250808095,0.05313943938103516,0
1595820091.8769376,214.76812204543447,0.05313943938103516,0
1595820091.8869383,216.5682490748534,0.05313943938103516,0
1595820091.8969374,218.3680756968627,0.05313943938103516,0
1595820091.9069302,220.16678651992177,0.05313943938103516,0
1595820091.916938,221.96820100966787,0.05313943938103516,0
1595820091.926933,223.7672980708251,0.05313943938103516,0
1595820091.936932,225.56712469283437,0.05313943938103516,0
1595820091.9469237,227.36562093917226,0.05313943938103516,0
1595820091.956925,229.16583379927968,0.05313943938103516,0
1595820091.9669335,230.9673770350585,0.05313943938103516,0
1595820091.9769344,232.76754697982167,0.05313943938103516,0
1595820091.9869318,234.56707319442128,0.05313943938103516,0
1595820091.9969263,236.36608442489003,0.05313943938103516,0
1595820092.0069375,238.16809972945546,0.05313943938103516,0
1595820092.0169196,239.96487936202382,0.05313943938103516,0
1595820092.0269327,241.76723798934316,0.05313943938103516,0
1595820092.0369277,243.56633505050038,0.05313943938103516,0
1595820092.0469284,245.36646207991933,0.05313943938103516,0
1595820092.0569296,247.16667494002675,0.05313943938103516,0
1595820092.0669358,248.96778902236318,0.05313943938103516,0
1595820092.076922,250.7652982157836,0.05313943938103516,0
1595820092.086931,252.56692728225087,0.05313943938103516,0
1595820092.0969226,254.36542352858876,0.05313943938103516,0
1595820092.10693,256.1667521876464,0.05313943938103516,0
1595820092.1169252,257.9658921641479,0.05313943938103516,0
1595820092.126922,259.76528963271477,0.05313943938103516,0
1595820092.1369271,261.56623205367424,0.05313943938103516,0
1595820092.1469347,263.3676036280761,0.05313943938103516,0
1595820092.1569283,265.1664431971679,0.05313943938103516,0
1595820092.1669276,266.9663127345214,0.05313943938103516,0
1595820092.1769283,268.76643976394035,0.05313943938103516,0
1595820092.1869316,270.5670388621459,0.05313943938103516,0
1595820092.1969354,272.36772379103996,0.05313943938103516,0
1595820092.2069287,274.1665204447875,0.05313943938103516,0
1595820092.216924,275.965660421289,0.05313943938103516,0
1595820092.2269254,277.76591619674065,0.05313943938103516,0
1595820092.2369301,279.56677278701164,0.05313943938103516,0
1595820092.2469327,281.3672431391845,0.05313943938103516,0
1595820092.2569366,283.16792806807854,0.05313943938103516,0
1595820092.266923,284.9654801768432,0.05313943938103516,0
1595820092.2769248,286.7658217829833,0.05313943938103516,0
1595820092.2869382,288.5682233256469,0.05313943938103516,0
1595820092.2969375,290.3680928630004,0.05313943938103516,0
1595820092.3069344,292.16753324691155,0.05313943938103516,0
1595820092.3169243,293.96572908583977,0.05313943938103516,0
1595820092.3269298,295.7667144221435,0.05313943938103516,0
1595820092.3369193,297.5648244303832,0.05313943938103516,0
1595820092.346927,299.3661960047851,0.05313943938103516,0
1595820092.3569303,301.16679510299065,0.05313943938103516,0
1595820092.3669238,302.96563467208244,0.05313943938103516,0
1595820092.3769217,304.76524671737053,0.05313943938103516,0
1595820092.3869207,306.5650733393798,0.05313943938103516,0
1595820092.3969293,308.3666165751586,0.05313943938103516,0
1595820092.4069312,310.16695818129875,0.05313943938103516,0
1595820092.4169357,311.9677718562255,0.05313943938103516,0
1595820092.4269223,313.7653668803344,0.05313943938103516,0
1595820092.4369307,315.56686720076897,0.05313943938103516,0
1595820092.4469209,317.36510595504143,0.05313943938103516,0
1595820092.4569256,319.1659625453124,0.05313943938103516,0
1595820092.4669318,320.96707662764885,0.05313943938103516,0
1595820092.4769242,322.76570162001946,0.05313943938103516,0
1595820092.4869359,324.56780275527336,0.05313943938103516,0
1595820092.4969275,326.36629900161125,0.05313943938103516,0
1595820092.50693,328.1667693537841,0.05313943938103516,0
1595820092.5169272,329.9662526530395,0.05313943938103516,0
1595820092.526932,331.7671092433105,0.05313943938103516,0
1595820092.536931,333.56693586531975,0.05313943938103516,0
1595820092.5469239,335.36564668837883,0.05313943938103516,0
1595820092.556937,337.16800531569817,0.05313943938103516,0
1595820092.566922,338.9652999323974,0.05313943938103516,0
1595820092.5769315,340.76701482955315,0.05313943938103516,0
1595820092.58693,342.56675562087395,0.05313943938103516,0
1595820092.5969372,344.3680413645873,0.05313943938103516,0
1595820092.606923,346.1655076426635,0.05313943938103516,0
1595820092.6169305,347.9668363017211,0.05313943938103516,0
1595820092.6269202,349.7649892253051,0.05313943938103516,0
1595820092.6369255,351.5659316462646,0.05313943938103516,0
1595820092.6469252,353.36588701430657,0.05313943938103516,0
1595820092.656937,355.1679881495605,0.05313943938103516,0
1595820092.6669374,356.9680722636352,0.05313943938103516,0
1595820092.6769345,358.76755556289055,0.05313943938103516,0
1595820092.6837933,360,0.05313943938103516,1
1595820092.6837933,0,0,0
1595820092.693796,1.8004703521728516,0,0
1595820092.703796,3.600468635559082,0,0
1595820092.7138052,5.4021406173706055,0,0
1595820092.7238007,7.201323509216309,0,0
1595820092.7338014,9.001450538635254,0,0
1595820092.7438018,10.801534652709961,0,0
1595820092.7538073,12.602519989013672,0,0
1595820092.7638013,14.401445388793945,0,0
1595820092.7738006,16.20131492614746,0,0
1595820092.7838109,18.003158569335938,0,0
1595820092.7937975,19.800753593444824,0,0
1595820092.8038006,21.601309776306152,0,0
1595820092.8138106,23.40311050415039,0,0
1595820092.8238025,25.20164966583252,0,0
1595820092.8338013,27.00143337249756,0,0
1595820092.8438041,28.80194664001465,0,0
1595820092.8538043,30.601987838745117,0,0
1595820092.8638093,32.40288734436035,0,0
1595820092.8738039,34.2018985748291,0,0
1595820092.8837948,36.00026607513428,0,0
1595820092.8938022,37.801594734191895,0,0
1595820092.9037998,39.60116386413574,0,0
1595820092.9138021,41.401591300964355,0,0
1595820092.9238038,43.201889991760254,0,0
1595820092.933806,45.00227451324463,0,0
1595820092.9438047,46.80205821990967,0,0
1595820092.9538105,48.60308647155762,0,0
1595820092.96381,50.40299892425537,0,0
1595820092.97381,52.2029972076416,0,0
1595820092.9838057,54.00222301483154,0,0
1595820092.9938104,55.80307960510254,0,0
1595820093.0038083,57.602691650390625,0,0
1595820093.0138092,59.40286159515381,0,0
1595820093.0238018,61.20152950286865,0,0
1595820093.0338109,63.00315856933594,0,0
1595820093.0438068,64.80242729187012,0,0
1595820093.0538068,66.60242557525635,0,0
1595820093.0637972,68.40070724487305,0,0
1595820093.073803,70.201735496521,0,0
1595820093.0838022,72.00160503387451,0,0
1595820093.0938044,73.80198955535889,0,0
1595820093.1038024,75.60164451599121,0,0
1595820093.113807,77.40245819091797,0,0
1595820093.1238081,79.20267105102539,0,0
1595820093.1338115,81.00327014923096,0,0
1595820093.143802,82.80155181884766,0,0
1595820093.1538022,84.60159301757812,0,0
1595820093.1638086,86.40275001525879,0,0
1595820093.1738014,88.20146083831787,0,0
1595820093.1837952,90.0003433227539,0,0
1595820093.193793,91.79995536804199,0,0
1595820093.2038014,93.60145568847656,0,0
1595820093.2138045,95.40201187133789,0,0
1595820093.2238014,97.20145225524902,0,0
1595820093.2338035,99.0018367767334,0,0
1595820093.2438078,100.80260753631592,0,0
1595820093.2537947,102.60024547576904,0,0
1595820093.2638004,104.40127372741699,0,0
1595820093.2737997,106.20114326477051,0,0
1595820093.283799,108.00101280212402,0,0
1595820093.2938023,109.80161190032959,0,0
1595820093.3038008,111.60135269165039,0,0
1595820093.3138113,113.4032392501831,0,0
1595820093.323796,115.20049095153809,0,0
1595820093.3337972,117.00070381164551,0,0
1595820093.3437977,118.80078792572021,0,0
1595820093.3538098,120.6029748916626,0,0
1595820093.3638027,122.40168571472168,0,0
1595820093.3738062,124.20232772827148,0,0
1595820093.3837984,126.00090980529785,0,0
1595820093.3938115,127.80326843261719,0,0
1595820093.4038067,129.60240840911865,0,0
1595820093.4137986,131.40094757080078,0,0
1595820093.423798,133.20086002349854,0,0
1595820093.4338,135.00120162963867,0,0
1595820093.4437966,136.80059909820557,0,0
1595820093.4538105,138.60308647155762,0,0
1595820093.4637945,140.40020942687988,0,0
1595820093.4738045,142.20201015472412,0,0
1595820093.4838026,144.00166511535645,0,0
1595820093.4937944,145.80020427703857,0,0
1595820093.5037935,147.60003089904785,0,0
1595820093.5138078,149.40260410308838,0,0
1595820093.5238004,151.20127201080322,0,0
1595820093.5337956,153.0004119873047,0,0
1595820093.5437958,154.80045318603516,0,0
1595820093.5538082,156.60268306732178,0,0
1595820093.5637946,158.40023517608643,0,0
1595820093.5737987,160.2009630203247,0,0
1595820093.5837934,162.0000171661377,0,0
1595820093.593797,163.8006591796875,0,0
1595820093.6037943,165.6001853942871,0,0
1595820093.613804,167.4019432067871,0,0
1595820093.6238065,169.20237064361572,0,0
1595820093.6338048,171.00206851959229,0,0
1595820093.64381,172.80301094055176,0,0
1595820093.6538115,174.60326671600342,0,0
1595820093.663798,176.4008617401123,0,0
1595820093.6738052,178.20214748382568,0,0
1595820093.6838064,180.0023603439331,0,0
1595820093.693801,181.80137157440186,0,0
1595820093.7038014,183.60145568847656,0,0
1595820093.7111056,184.91621017456055,0,0
1595820093.7111056,194.52227696072325,0.0533670377009039,0
1595820093.713799,195.0070916045831,0.0533670377009039,0
1595820093.7237961,196.80657490383848,0.0533670377009039,0
1595820093.733798,198.60691650997862,0.0533670377009039,0
1595820093.743811,200.40923222195372,0.0533670377009039,0
1595820093.753797,202.20674141537413,0.0533670377009039,0
1595820093.763802,204.00764092098936,0.0533670377009039,0
1595820093.7738054,205.80824001919493,0.0533670377009039,0
1595820093.7838078,207.60866745602354,0.0533670377009039,0
1595820093.7938051,209.40819367062315,0.0533670377009039,0
1595820093.8037984,211.2069903243707,0.0533670377009039,0
1595820093.813808,213.00870522152647,0.0533670377009039,0
1595820093.8237982,214.80694397579893,0.0533670377009039,0
1595820093.8337975,216.60681351315245,0.0533670377009039,0
1595820093.843793,218.40599640499815,0.0533670377009039,0
1595820093.8537953,220.20642384182676,0.0533670377009039,0
1595820093.8638103,222.0091257919,0.0533670377009039,0
1595820093.8738046,223.80809410702452,0.0533670377009039,0
1595820093.8838098,225.609036527984,0.0533670377009039,0
1595820093.8937933,227.40607365261778,0.0533670377009039,0
1595820093.903811,229.20924767147764,0.0533670377009039,0
1595820093.9138105,231.0091601241754,0.0533670377009039,0
1595820093.923796,232.8065405715631,0.0533670377009039,0
1595820093.9338098,234.60902794491514,0.0533670377009039,0
1595820093.9438076,236.40863999020323,0.0533670377009039,0
1595820093.9538076,238.20863827358946,0.0533670377009039,0
1595820093.9638104,240.00915154110655,0.0533670377009039,0
1595820093.9738038,241.8079481948541,0.0533670377009039,0
1595820093.9837956,243.60648735653623,0.0533670377009039,0
1595820093.9938018,245.40760143887266,0.0533670377009039,0
1595820094.0038095,247.20897301327452,0.0533670377009039,0
1595820094.013797,249.00673969876036,0.0533670377009039,0
1595820094.0237935,250.806094251983,0.0533670377009039,0
1595820094.033796,252.60656460415586,0.0533670377009039,0
1595820094.0438008,254.40742119442686,0.0533670377009039,0
1595820094.0538063,256.2084065307306,0.0533670377009039,0
1595820094.0638096,258.00900562893617,0.0533670377009039,0
1595820094.0738082,259.80874642025697,0.0533670377009039,0
1595820094.083798,261.60689934384095,0.0533670377009039,0
1595820094.0938094,263.4089575637506,0.0533670377009039,0
1595820094.1037953,265.2064238418268,0.0533670377009039,0
1595820094.113811,267.00925453793275,0.0533670377009039,0
1595820094.1237977,268.80684956204163,0.0533670377009039,0
1595820094.1338086,270.6088219512628,0.0533670377009039,0
1595820094.1437922,272.4058590758966,0.0533670377009039,0
1595820094.1537976,274.2068444122003,0.0533670377009039,0
1595820094.163793,276.00602730404603,0.0533670377009039,0
1595820094.1737952,277.8064118255304,0.0533670377009039,0
1595820094.1838026,279.607740484588,0.0533670377009039,0
1595820094.1938,281.40726669918763,0.0533670377009039,0
1595820094.2038035,283.20790871273744,0.0533670377009039,0
1595820094.2138033,285.0078640807794,0.0533670377009039,0
1595820094.2238004,286.8073473800348,0.0533670377009039,0
1595820094.2337937,288.60614403378236,0.0533670377009039,0
1595820094.2437937,290.4061423171686,0.0533670377009039,0
1595820094.2538037,292.2079430450128,0.0533670377009039,0
1595820094.2638092,294.00892838131654,0.0533670377009039,0
1595820094.2738085,295.80879791867005,0.0533670377009039,0
1595820094.28381,297.6090536941217,0.0533670377009039,0
1595820094.2938006,299.40737827908265,0.0533670377009039,0
1595820094.3037999,301.20724781643617,0.0533670377009039,0
1595820094.313796,303.0065594543146,0.0533670377009039,0
1595820094.3238027,304.8077593673395,0.0533670377009039,0
1595820094.3338068,306.60848721157777,0.0533670377009039,0
1595820094.3438082,308.4087429870294,0.0533670377009039,0
1595820094.3538089,310.2088700164484,0.0533670377009039,0
1595820094.3638084,312.0087824691461,0.0533670377009039,0
1595820094.373806,313.80835159909,0.0533670377009039,0
1595820094.3837922,315.6058607925104,0.0533670377009039,0
1595820094.393797,317.4067173827814,0.0533670377009039,0
1595820094.403808,319.2087326873468,0.0533670377009039,0
1595820094.4137995,321.00718601834046,0.0533670377009039,0
1595820094.4238102,322.8091154922174,0.0533670377009039,0
1595820094.4337943,324.6062384475397,0.0533670377009039,0
1595820094.443805,326.40816792141663,0.0533670377009039,0
1595820094.4537942,328.20623501431214,0.0533670377009039,0
1595820094.4638004,330.00734909664857,0.0533670377009039,0
1595820094.473809,331.8088923324274,0.0533670377009039,0
1595820094.483808,333.60871895443665,0.0533670377009039,0
1595820094.4938023,335.40768726956117,0.0533670377009039,0
1595820094.5038095,337.20897301327454,0.0533670377009039,0
1595820094.5137966,339.0066538680719,0.0533670377009039,0
1595820094.5238016,340.80755337368714,0.0533670377009039,0
1595820094.5337937,342.6061354507135,0.0533670377009039,0
1595820094.5438082,344.4087515700983,0.0533670377009039,0
1595820094.553808,346.20870693814027,0.0533670377009039,0
1595820094.5638077,348.00866230618226,0.0533670377009039,0
1595820094.5738037,349.80793102871644,0.0533670377009039,0
1595820094.5838084,351.60878761898744,0.0533670377009039,0
1595820094.5938082,353.4087429870294,0.0533670377009039,0
1595820094.6037993,355.20715340267884,0.0533670377009039,0
1595820094.6137989,357.0070658553766,0.0533670377009039,0
1595820094.6237965,358.80663498532044,0.0533670377009039,0
1595820094.6304452,360,0.0533670377009039,1
1595820094.6304452,0,0,0
1595820094.6404572,1.8021440505981445,0,0
1595820094.6504452,3.599996566772461,0,0
1595820094.660461,5.402827262878418,0,0
1595820094.67045,7.2008514404296875,0,0
1595820094.6804564,9.002008438110352,0,0
1595820094.6904593,10.802521705627441,0,0
1595820094.7004623,12.60307788848877,0,0
1595820094.7104475,14.400415420532227,0,0
1595820094.7204475,16.200413703918457,0,0
1595820094.7304544,18.001656532287598,0,0
1595820094.7404516,19.80113983154297,0,0
1595820094.7504592,21.602511405944824,0,0
1595820094.7604532,23.401436805725098,0,0
1595820094.770448,25.200490951538086,0,0
1595820094.780457,27.00212001800537,0,0
1595820094.7904487,28.80061626434326,0,0
1595820094.8004644,30.60344696044922,0,0
1595820094.8104477,32.40044116973877,0,0
1595820094.8204603,34.20271396636963,0,0
1595820094.8304584,36.00236892700195,0,0
1595820094.8404455,37.800049781799316,0,0
1595820094.8504548,39.60172176361084,0,0
1595820094.8604522,41.40124797821045,0,0
1595820094.870447,43.20030212402344,0,0
1595820094.8804595,45.0025749206543,0,0
1595820094.8904614,46.802916526794434,0,0
1595820094.9004526,48.60132694244385,0,0
1595820094.9104605,50.40274143218994,0,0
1595820094.9204524,52.20128059387207,0,0
1595820094.9304564,54.00200843811035,0,0
1595820094.940452,55.80123424530029,0,0
1595820094.9504592,57.60251998901367,0,0
1595820094.960445,59.399943351745605,0,0
1595820094.9704614,61.20290279388428,0,0
1595820094.9804492,63.000712394714355,0,0
1595820094.990453,64.8013973236084,0,0
1595820095.0004478,66.60045146942139,0,0
1595820095.010448,68.40049266815186,0,0
1595820095.0204506,70.2009630203247,0,0
1595820095.030451,72.00104713439941,0,0
1595820095.040455,73.8017749786377,0,0
1595820095.0504591,75.60250282287598,0,0
1595820095.0604587,77.40241527557373,0,0
1595820095.0704486,79.20061111450195,0,0
1595820095.0804486,81.00060939788818,0,0
1595820095.0904484,82.80056476593018,0,0
1595820095.1004474,84.60039138793945,0,0
1595820095.1104586,86.40240669250488,0,0
1595820095.120452,88.20120334625244,0,0
1595820095.1304536,90.00150203704834,0,0
1595820095.140455,91.8017578125,0,0
1595820095.1504452,93.59999656677246,0,0
1595820095.160456,95.40192604064941,0,0
1595820095.1704512,97.20106601715088,0,0
1595820095.1804526,99.00132179260254,0,0
1595820095.1904638,100.80333709716797,0,0
1595820095.2004457,102.60007381439209,0,0
1595820095.2104511,104.4010591506958,0,0
1595820095.2204611,106.20285987854004,0,0
1595820095.2304518,108.00118446350098,0,0
1595820095.2404606,109.80277061462402,0,0
1595820095.250461,111.60285472869873,0,0
1595820095.2604506,113.40096473693848,0,0
1595820095.2704532,115.20143508911133,0,0
1595820095.2804484,117.0005750656128,0,0
1595820095.2904491,118.80070209503174,0,0
1595820095.3004618,120.6029748916626,0,0
1595820095.3104527,122.40134239196777,0,0
1595820095.3204637,124.20331478118896,0,0
1595820095.3304532,126.00142478942871,0,0
1595820095.3404493,127.80073642730713,0,0
1595820095.3504486,129.60060596466064,0,0
1595820095.3604496,131.40077590942383,0,0
1595820095.3704474,133.2003879547119,0,0
1595820095.3804529,135.00137329101562,0,0
1595820095.3904588,136.8024444580078,0,0
1595820095.4004505,138.6009407043457,0,0
1595820095.4104471,140.4003381729126,0,0
1595820095.420462,142.2029972076416,0,0
1595820095.430457,144.00213718414307,0,0
1595820095.440458,145.80230712890625,0,0
1595820095.450456,147.60191917419434,0,0
1595820095.4604597,149.40260410308838,0,0
1595820095.470453,151.20140075683594,0,0
1595820095.4804528,153.00135612487793,0,0
1595820095.490459,154.80247020721436,0,0
1595820095.50045,156.60083770751953,0,0
1595820095.5104542,158.40160846710205,0,0
1595820095.5204585,160.20237922668457,0,0
1595820095.5304604,162.0027208328247,0,0
1595820095.540461,163.80284786224365,0,0
1595820095.5504484,165.60057163238525,0,0
1595820095.560447,167.40031242370605,0,0
1595820095.5704615,169.20292854309082,0,0
1595820095.5804515,171.00112438201904,0,0
1595820095.5904462,172.80017852783203,0,0
1595820095.6004455,174.60004806518555,0,0
1595820095.6104496,176.40077590942383,0,0
1595820095.6204615,178.20291996002197,0,0
1595820095.6304445,179.99987125396729,0,0
1595820095.6404622,181.80304527282715,0,0
1595820095.6504555,183.6018419265747,0,0
1595820095.660454,185.4015827178955,0,0
1595820095.6624599,185.76262950897217,0,0
1595820095.6624599,195.41209314240436,0.053608131296845496,0
1595820095.67045,196.85031507386188,0.053608131296845496,0
1595820095.680459,198.65194414032916,0.053608131296845496,0
1595820095.6904526,200.45078370942096,0.053608131296845496,0
1595820095.7004526,202.2507819928072,0.053608131296845496,0
1595820095.7104619,204.05245397461871,0.053608131296845496,0
1595820095.7204463,205.84966276062946,0.053608131296845496,0
1595820095.7304528,207.65081975831012,0.053608131296845496,0
1595820095.740446,209.44961641205768,0.053608131296845496,0
1595820095.7504525,211.25077340973834,0.053608131296845496,0
1595820095.7604556,213.05132959259967,0.053608131296845496,0
1595820095.770449,214.85012624634723,0.053608131296845496,0
1595820095.7804575,216.65166948212604,0.053608131296845496,0
1595820095.7904475,218.44986532105426,0.053608131296845496,0
1595820095.8004625,220.2525672711275,0.053608131296845496,0
1595820095.810449,222.05011937989215,0.053608131296845496,0
1595820095.8204534,223.8509330548189,0.053608131296845496,0
1595820095.8304465,225.64968679322223,0.053608131296845496,0
1595820095.8404598,227.4520883358858,0.053608131296845496,0
1595820095.8504488,229.25011251343707,0.053608131296845496,0
1595820095.8604617,231.05242822541217,0.053608131296845496,0
1595820095.8704586,232.8518686093233,0.053608131296845496,0
1595820095.880456,234.6513948239229,0.053608131296845496,0
1595820095.8904445,236.4493331707857,0.053608131296845496,0
1595820095.900449,238.25014684571246,0.053608131296845496,0
1595820095.9104586,240.05186174286823,0.053608131296845496,0
1595820095.920462,241.8524608410738,0.053608131296845496,0
1595820095.9304569,243.65155790223102,0.053608131296845496,0
1595820095.9404495,245.45022580994586,0.053608131296845496,0
1595820095.9504538,247.25099656952838,0.053608131296845496,0
1595820095.9604568,249.0515527523897,0.053608131296845496,0
1595820095.9704459,250.84957692994098,0.053608131296845496,0
1595820095.980447,252.6497897900484,0.053608131296845496,0
1595820095.9904473,254.44983098877887,0.053608131296845496,0
