Timestamp,Phase,Offset,Ping?
1595610789.0001037,59.999994,0,0
1595610789.0101311,61.80261011938477,0.3333333,0
1595610789.0201204,63.600677212280274,0.3333333,0
1595610789.0301185,65.4003321729126,0.3333333,0
1595610789.040121,67.20080252508545,0.3333333,0
1595610789.0501342,69.00316115240479,0.3333333,0
1595610789.0601256,70.80161448339844,0.3333333,0
1595610789.0701168,72.60002489904785,0.3333333,0
1595610789.0801346,74.40324183325195,0.3333333,0
1595610789.090132,76.20276804785156,0.3333333,0
1595610789.1001263,78.00173636297608,0.3333333,0
1595610789.110133,79.80293627600098,0.3333333,0
1595610789.1201267,81.60181876043701,0.3333333,0
1595610789.130134,83.40314741949463,0.3333333,0
1595610789.1401203,85.20065661291504,0.3333333,0
1595610789.1501164,86.99996825079346,0.3333333,0
1595610789.1601207,88.80073901037598,0.3333333,0
1595610789.1701343,90.6031834683838,0.3333333,0
1595610789.1801343,92.40318175177003,0.3333333,0
1595610789.190126,94.20167799810793,0.3333333,0
1595610789.2001271,96.00189085821535,0.3333333,0
1595610789.21012,97.80060168127443,0.3333333,0
1595610789.2201347,99.60326071600343,0.3333333,0
1595610789.2301319,101.4027440152588,0.3333333,0
1595610789.240135,103.20330019812013,0.3333333,0
1595610789.2501183,105.00029440740968,0.3333333,0
1595610789.260119,106.80042143682863,0.3333333,0
1595610789.2701256,108.60162134985353,0.3333333,0
1595610789.2801235,110.40123339514162,0.3333333,0
1595610789.290133,112.20294829229738,0.3333333,0
1595610789.3001347,114.00324698309328,0.3333333,0
1595610789.310119,115.80041285375978,0.3333333,0
1595610789.3201234,117.60122652868654,0.3333333,0
1595610789.3301263,119.40173979620363,0.3333333,0
1595610789.337698,120.76464529852296,0.3333333,0
1595610789.337698,121.45760100008087,0.33718305389754394,0
1595610789.340135,121.89628164888458,0.33718305389754394,0
1595610789.350117,123.6930183661087,0.33718305389754394,0
1595610789.3601205,125.49366037965851,0.33718305389754394,0
1595610789.3701231,127.29413073183136,0.33718305389754394,0
1595610789.3801267,129.09477274538116,0.33718305389754394,0
1595610789.390129,130.89520018220978,0.33718305389754394,0
1595610789.4001198,132.69352476717071,0.33718305389754394,0
1595610789.4101346,134.49618380189972,0.33718305389754394,0
1595610789.420131,136.29553835512237,0.33718305389754394,0
1595610789.4301202,138.09360544801788,0.33718305389754394,0
1595610789.4401286,139.89510576845245,0.33718305389754394,0
1595610789.4501185,141.69330160738068,0.33718305389754394,0
1595610789.4601336,143.49600355745392,0.33718305389754394,0
1595610789.4701316,145.29565851808624,0.33718305389754394,0
1595610789.4801216,147.09385435701446,0.33718305389754394,0
1595610789.490117,148.89303724886017,0.33718305389754394,0
1595610789.5001335,150.69599669099884,0.33718305389754394,0
1595610789.5101182,152.49324839235382,0.33718305389754394,0
1595610789.5201309,154.29552118898468,0.33718305389754394,0
1595610789.530116,156.09285872102814,0.33718305389754394,0
1595610789.5401165,157.89294283510284,0.33718305389754394,0
1595610789.5501199,159.6935419333084,0.33718305389754394,0
1595610789.5601203,161.49362604738312,0.33718305389754394,0
1595610789.570122,163.29392473817902,0.33718305389754394,0
1595610789.5801282,165.09503882051544,0.33718305389754394,0
1595610789.5901198,166.89353506685333,0.33718305389754394,0
1595610789.6001303,168.69542162538605,0.33718305389754394,0
1595610789.610124,170.49430410982208,0.33718305389754394,0
1595610789.6201267,172.29477446199493,0.33718305389754394,0
1595610789.6301215,174.09382860780792,0.33718305389754394,0
1595610789.6401303,175.89541475893097,0.33718305389754394,0
1595610789.6501205,177.69365351320343,0.33718305389754394,0
1595610789.6601236,179.49420969606476,0.33718305389754394,0
1595610789.670122,181.29390757204132,0.33718305389754394,0
1595610789.6801279,183.0949787390335,0.33718305389754394,0
1595610789.6901186,184.89330332399445,0.33718305389754394,0
1595610789.7001264,186.69471781374054,0.33718305389754394,0
1595610789.71012,188.49355738283234,0.33718305389754394,0
1595610789.7201345,190.2961735022171,0.33718305389754394,0
1595610789.730122,192.09394018770294,0.33718305389754394,0
1595610789.740133,193.89591257692413,0.33718305389754394,0
1595610789.750117,195.6930355322464,0.33718305389754394,0
1595610789.7601275,197.4949220907791,0.33718305389754394,0
1595610789.7701209,199.29371874452667,0.33718305389754394,0
1595610789.780126,201.09466116548614,0.33718305389754394,0
1595610789.7901304,202.89543192506866,0.33718305389754394,0
1595610789.8001325,204.69581644655304,0.33718305389754394,0
1595610789.8101208,206.4937118780716,0.33718305389754394,0
1595610789.82012,208.2935814154251,0.33718305389754394,0
1595610789.8301196,210.09349386812286,0.33718305389754394,0
1595610789.8401182,211.89323465944366,0.33718305389754394,0
1595610789.8501198,213.69353335023956,0.33718305389754394,0
1595610789.8601189,215.49335997224884,0.33718305389754394,0
1595610789.8701322,217.2957615149124,0.33718305389754394,0
1595610789.8801243,219.09434359193878,0.33718305389754394,0
1595610789.8901198,220.89352648378448,0.33718305389754394,0
1595610789.9001298,222.69532721162872,0.33718305389754394,0
1595610789.9101276,224.4949392569168,0.33718305389754394,0
1595610789.9201298,226.29532377840118,0.33718305389754394,0
1595610789.9301157,228.09279005647736,0.33718305389754394,0
1595610789.940129,229.89519159914093,0.33718305389754394,0
1595610789.9501224,231.6939882528885,0.33718305389754394,0
1595610789.9601326,233.49583189607696,0.33718305389754394,0
1595610789.970124,235.29428522707062,0.33718305389754394,0
1595610789.9801161,237.09286730409698,0.33718305389754394,0
1595610789.9901237,238.89423887849884,0.33718305389754394,0
1595610790.000118,240.69320719362335,0.33718305389754394,0
1595610790.0101264,242.49470751405792,0.33718305389754394,0
1595610790.0201235,244.2941908133133,0.33718305389754394,0
1595610790.0301342,246.09612028719025,0.33718305389754394,0
1595610790.0401304,247.89543192506866,0.33718305389754394,0
1595610790.0501223,249.6939710867508,0.33718305389754394,0
1595610790.060122,251.49392645479278,0.33718305389754394,0
1595610790.070116,253.29285185457306,0.33718305389754394,0
1595610790.0801342,255.0961117041214,0.33718305389754394,0
1595610790.0901258,256.89460795045926,0.33718305389754394,0
1595610790.1001272,258.6948637259109,0.33718305389754394,0
1595610790.1101205,260.4936603796585,0.33718305389754394,0
1595610790.1201272,262.2948602926834,0.33718305389754394,0
1595610790.1301289,264.0951589834793,0.33718305389754394,0
1595610790.1401167,265.89296858430936,0.33718305389754394,0
1595610790.150135,267.69627134920194,0.33718305389754394,0
1595610790.1601214,269.4938234579666,0.33718305389754394,0
1595610790.1701286,271.29510920167996,0.33718305389754394,0
1595610790.1801195,273.09347670198514,0.33718305389754394,0
1595610790.190123,274.89411871553494,0.33718305389754394,0
1595610790.2001255,276.69454615236356,0.33718305389754394,0
1595610790.2101164,278.49291365266873,0.33718305389754394,0
1595610790.220133,280.29591601015164,0.33718305389754394,0
1595610790.2301295,282.0952705633743,0.33718305389754394,0
1595610790.24013,283.895354677449,0.33718305389754394,0
1595610790.2501233,285.69415133119657,0.33718305389754394,0
1595610790.2601275,287.4949220907791,0.33718305389754394,0
1595610790.2701225,289.2940191519363,0.33718305389754394,0
1595610790.2801166,291.0929445517166,0.33718305389754394,0
1595610790.2901325,292.8958181631668,0.33718305389754394,0
1595610790.3001244,294.6943573248489,0.33718305389754394,0
1595610790.310127,296.49482767702176,0.33718305389754394,0
1595610790.3201203,298.2936243307693,0.33718305389754394,0
1595610790.330121,300.09375136018826,0.33718305389754394,0
1595610790.3401153,301.8927196753128,0.33718305389754394,0
1595610790.3501177,303.6931471121414,0.33718305389754394,0
1595610790.3601189,305.4933599722488,0.33718305389754394,0
1595610790.3701274,307.2949032080276,0.33718305389754394,0
1595610790.3801184,309.0932707083328,0.33718305389754394,0
1595610790.3901155,310.89275400758817,0.33718305389754394,0
1595610790.4001157,312.69279520631864,0.33718305389754394,0
1595610790.4101286,314.49511091829373,0.33718305389754394,0
1595610790.4201324,316.2957958471878,0.33718305389754394,0
1595610790.430122,318.0939058554275,0.33718305389754394,0
1595610790.4401162,319.89287417055203,0.33718305389754394,0
1595610790.4501321,321.69574778200223,0.33718305389754394,0
1595610790.460134,323.49608938814237,0.33718305389754394,0
1595610790.4701188,325.29334108949735,0.33718305389754394,0
1595610790.4801311,327.09557097078397,0.33718305389754394,0
1595610790.4901204,328.8936380636795,0.33718305389754394,0
1595610790.5001333,330.6959537756546,0.33718305389754394,0
1595610790.5101163,332.4929050695999,0.33718305389754394,0
1595610790.5201223,334.2939762365921,0.33718305389754394,0
1595610790.530117,336.09303038240506,0.33718305389754394,0
1595610790.540125,337.89444487215115,0.33718305389754394,0
1595610790.5501177,339.69315569521024,0.33718305389754394,0
1595610790.560127,341.49482767702176,0.33718305389754394,0
1595610790.570122,343.293924738179,0.33718305389754394,0
1595610790.5801241,345.09430925966336,0.33718305389754394,0
1595610790.590127,346.89482252718045,0.33718305389754394,0
1595610790.6001225,348.69400541902615,0.33718305389754394,0
1595610790.6101215,350.49383204103543,0.33718305389754394,0
1595610790.6201177,352.29314367891385,0.33718305389754394,0
1595610790.630127,354.0948156607254,0.33718305389754394,0
1595610790.6401198,355.89352648378446,0.33718305389754394,0
1595610790.6501315,357.69562761903836,0.33718305389754394,0
1595610790.6601164,359.4929222357376,0.33718305389754394,0
1595610790.6629393,360,0.33718305389754394,1
1595610790.6629393,0,0,0
1595610790.6729572,1.8032169342041016,0,0
1595610790.6829395,3.600039482116699,0,0
1595610790.6929545,5.402741432189941,0,0
1595610790.7029493,7.20179557800293,0,0
1595610790.7129574,9.003252983093262,0,0
1595610790.7229486,10.801663398742676,0,0
1595610790.7329586,12.603464126586914,0,0
1595610790.742948,14.40157413482666,0,0
1595610790.7529588,16.203503608703613,0,0
1595610790.7629554,18.002901077270508,0,0
1595610790.7729495,19.80182647705078,0,0
1595610790.7829542,21.602683067321777,0,0
1595610790.7929394,23.400020599365234,0,0
1595610790.8029456,25.20113468170166,0,0
1595610790.812956,27.003021240234375,0,0
1595610790.8229573,28.803234100341797,0,0
1595610790.8329563,30.603060722351074,0,0
1595610790.842942,32.40048408508301,0,0
1595610790.852957,34.20318603515625,0,0
1595610790.8629425,36.000566482543945,0,0
1595610790.8729439,37.800822257995605,0,0
1595610790.8829434,39.60073471069336,0,0
1595610790.892957,41.40317916870117,0,0
1595610790.9029484,43.201632499694824,0,0
1595610790.9129493,45.00180244445801,0,0
1595610790.9229505,46.80201530456543,0,0
1595610790.932953,48.60244274139404,0,0
1595610790.942944,50.40085315704346,0,0
1595610790.9529557,52.20295429229736,0,0
1595610790.9629507,54.00205135345459,0,0
1595610790.9729433,55.800719261169434,0,0
1595610790.9829476,57.60149002075195,0,0
1595610790.9929497,59.40187454223633,0,0
1595610791.0029538,61.20260238647461,0,0
1595610791.0129418,63.000454902648926,0,0
1595610791.0229573,64.80324268341064,0,0
1595610791.0329459,66.60118103027344,0,0
1595610791.0429518,68.40225219726562,0,0
1595610791.0529394,70.20001888275146,0,0
1595610791.062955,72.00280666351318,0,0
1595610791.0729427,73.80061626434326,0,0
1595610791.0829492,75.60177326202393,0,0
1595610791.0929532,77.4025011062622,0,0
1595610791.1029541,79.20267105102539,0,0
1595610791.1129575,81.00327014923096,0,0
1595610791.12294,82.8001356124878,0,0
1595610791.1329527,84.60240840911865,0,0
1595610791.142951,86.40210628509521,0,0
1595610791.152952,88.2022762298584,0,0
1595610791.1629546,90.00274658203125,0,0
1595610791.1729546,91.80274486541748,0,0
1595610791.1829472,93.60141277313232,0,0
1595610791.1929584,95.40342807769775,0,0
1595610791.202957,97.20316886901855,0,0
1595610791.21294,99.00012016296387,0,0
1595610791.2229412,100.80033302307129,0,0
1595610791.2329419,102.60046005249023,0,0
1595610791.2429426,104.40058708190918,0,0
1595610791.2529502,106.20195865631104,0,0
1595610791.2629573,108.00324440002441,0,0
1595610791.2729504,109.80199813842773,0,0
1595610791.2829547,111.60276889801025,0,0
1595610791.292949,113.40173721313477,0,0
1595610791.3029516,115.20220756530762,0,0
1595610791.312954,117.00263500213623,0,0
1595610791.3229463,118.80125999450684,0,0
1595610791.3278205,119.67862129211426,0,0
1595610791.3278205,120.36531600198987,0.003814970610420021,0
1595610791.3329444,121.28760966501477,0.003814970610420021,0
1595610791.3429573,123.08992537698987,0.003814970610420021,0
1595610791.352951,124.8888078614259,0.003814970610420021,0
1595610791.362956,126.68970736704114,0.003814970610420021,0
1595610791.3729432,128.4873882218385,0.003814970610420021,0
1595610791.3829465,130.28798732004407,0.003814970610420021,0
1595610791.392944,132.08755644998791,0.003814970610420021,0
1595610791.4029462,133.8879409714723,0.003814970610420021,0
1595610791.4129543,135.68939837656262,0.003814970610420021,0
1595610791.422955,137.48952540598157,0.003814970610420021,0
1595610791.4329479,139.28823622904065,0.003814970610420021,0
1595610791.442956,141.08969363413098,0.003814970610420021,0
1595610791.4529538,142.88930567941907,0.003814970610420021,0
1595610791.4629555,144.68960437021497,0.003814970610420021,0
1595610791.4729543,146.48938807688,0.003814970610420021,0
1595610791.4829478,148.2882276459718,0.003814970610420021,0
1595610791.492956,150.08968505106213,0.003814970610420021,0
1595610791.5029523,151.8890396042848,0.003814970610420021,0
1595610791.5129483,153.68830832681897,0.003814970610420021,0
1595610791.522945,155.48770579538586,0.003814970610420021,0
1595610791.5329387,157.2865882798219,0.003814970610420021,0
1595610791.5429473,159.0881315156007,0.003814970610420021,0
1595610791.5529532,160.8892026825929,0.003814970610420021,0
1595610791.562957,162.68988761148694,0.003814970610420021,0
1595610791.5729575,164.48997172556165,0.003814970610420021,0
1595610791.5829394,166.28670844278577,0.003814970610420021,0
1595610791.5929413,168.0870500489259,0.003814970610420021,0
1595610791.6029422,169.8872199936891,0.003814970610420021,0
1595610791.612947,171.68807658396008,0.003814970610420021,0
1595610791.622948,173.48824652872327,0.003814970610420021,0
1595610791.632955,175.28953227243665,0.003814970610420021,0
1595610791.6429405,177.08691271982434,0.003814970610420021,0
1595610791.6529412,178.88703974924329,0.003814970610420021,0
1595610791.6629422,180.68720969400647,0.003814970610420021,0
1595610791.672947,182.48806628427747,0.003814970610420021,0
1595610791.6829443,184.28759249887707,0.003814970610420021,0
1595610791.6929479,186.08823451242688,0.003814970610420021,0
1595610791.7029557,187.88964900217297,0.003814970610420021,0
1595610791.712948,189.68827399454358,0.003814970610420021,0
1595610791.72295,191.48861560068372,0.003814970610420021,0
1595610791.7329452,193.28775557718518,0.003814970610420021,0
1595610791.7429473,195.08814009866956,0.003814970610420021,0
1595610791.7529569,196.88985499582532,0.003814970610420021,0
1595610791.7629435,198.6874500199342,0.003814970610420021,0
1595610791.7729387,200.48658999643567,0.003814970610420021,0
1595610791.7829447,202.28766116342786,0.003814970610420021,0
1595610791.7929428,204.08731612406018,0.003814970610420021,0
1595610791.8029392,205.88667067728284,0.003814970610420021,0
1595610791.8129525,207.6890722199464,0.003814970610420021,0
1595610791.822957,209.48988589487317,0.003814970610420021,0
1595610791.8329546,211.28945502481702,0.003814970610420021,0
1595610791.8429446,213.08765086374524,0.003814970610420021,0
1595610791.8529553,214.8895803376222,0.003814970610420021,0
1595610791.8629446,216.6876474305177,0.003814970610420021,0
1595610791.8729477,218.48820361337903,0.003814970610420021,0
1595610791.8829567,220.2898326798463,0.003814970610420021,0
1595610791.8929462,222.08794268808606,0.003814970610420021,0
1595610791.9029572,223.88991507730725,0.003814970610420021,0
1595610791.9129548,225.6894842072511,0.003814970610420021,0
1595610791.9229417,227.48712214670422,0.003814970610420021,0
1595610791.9329417,229.28712043009045,0.003814970610420021,0
1595610791.9429572,231.08990821085217,0.003814970610420021,0
1595610791.9529521,232.8890052720094,0.003814970610420021,0
1595610791.9629517,234.68891772470715,0.003814970610420021,0
1595610791.972945,236.4877143784547,0.003814970610420021,0
1595610791.9829535,238.28925761423352,0.003814970610420021,0
1595610791.9929502,240.08865508280041,0.003814970610420021,0
1595610792.0029516,241.88891085825207,0.003814970610420021,0
1595610792.012953,243.68916663370373,0.003814970610420021,0
1595610792.0229406,245.48693331918957,0.003814970610420021,0
1595610792.0329492,247.28847655496838,0.003814970610420021,0
1595610792.0429463,249.08795985422375,0.003814970610420021,0
1595610792.052954,250.8893314286256,0.003814970610420021,0
1595610792.0629427,252.68731269083264,0.003814970610420021,0
1595610792.0729527,254.48911341867688,0.003814970610420021,0
1595610792.0829399,256.28679427347424,0.003814970610420021,0
1595610792.092939,258.0866208954835,0.003814970610420021,0
1595610792.1029384,259.8865333481813,0.003814970610420021,0
1595610792.1129391,261.6866603776002,0.003814970610420021,0
1595610792.122953,263.48914775095227,0.003814970610420021,0
1595610792.1329434,265.28742942056897,0.003814970610420021,0
1595610792.142939,267.0866552277589,0.003814970610420021,0
1595610792.1529434,268.88742598734143,0.003814970610420021,0
1595610792.1629453,270.68776759348157,0.003814970610420021,0
1595610792.172956,272.4896970673585,0.003814970610420021,0
1595610792.1829538,274.2893091126466,0.003814970610420021,0
1595610792.1929524,276.0890499039674,0.003814970610420021,0
1595610792.2029543,277.88939151010754,0.003814970610420021,0
1595610792.2129416,279.68711528024915,0.003814970610420021,0
1595610792.2229488,281.4884010239625,0.003814970610420021,0
1595610792.2329557,283.28964385233166,0.003814970610420021,0
1595610792.2429512,285.08882674417737,0.003814970610420021,0
1595610792.2529414,286.88706549844983,0.003814970610420021,0
1595610792.2629447,288.6876645966554,0.003814970610420021,0
1595610792.2729502,290.4886499329591,0.003814970610420021,0
1595610792.2829502,292.28864821634534,0.003814970610420021,0
1595610792.2929559,294.0896764679933,0.003814970610420021,0
1595610792.3029456,295.88782939157727,0.003814970610420021,0
1595610792.312942,297.6871839447999,0.003814970610420021,0
1595610792.3229544,299.48941382608655,0.003814970610420021,0
1595610792.3329442,301.28756674967053,0.003814970610420021,0
1595610792.3429506,303.0887237473512,0.003814970610420021,0
1595610792.3529434,304.8874345704103,0.003814970610420021,0
1595610792.3629482,306.6882911606813,0.003814970610420021,0
1595610792.3729465,308.48798903665784,0.003814970610420021,0
1595610792.3829563,310.28974684915784,0.003814970610420021,0
1595610792.3929467,312.08802851877454,0.003814970610420021,0
1595610792.402945,313.8877263947511,0.003814970610420021,0
1595610792.4129548,315.6894842072511,0.003814970610420021,0
1595610792.4229386,317.4865642472291,0.003814970610420021,0
1595610792.43294,319.2868200226808,0.003814970610420021,0
1595610792.4429538,321.08930739603284,0.003814970610420021,0
1595610792.4529378,322.8864303513551,0.003814970610420021,0
1595610792.462956,324.68969020090344,0.003814970610420021,0
1595610792.47294,326.4868131562257,0.003814970610420021,0
1595610792.4829447,328.2876697464967,0.003814970610420021,0
1595610792.4929392,330.08668097696545,0.003814970610420021,0
1595610792.50295,331.8886104508424,0.003814970610420021,0
1595610792.512954,333.6893382950807,0.003814970610420021,0
1595610792.522943,335.48736247263196,0.003814970610420021,0
1595610792.5329418,337.287146179297,0.003814970610420021,0
1595610792.542953,339.0891614838624,0.003814970610420021,0
1595610792.5529475,340.8881727143312,0.003814970610420021,0
1595610792.5629475,342.6881709977174,0.003814970610420021,0
1595610792.572954,344.48932799539807,0.003814970610420021,0
1595610792.582949,346.2884250565553,0.003814970610420021,0
1595610792.592944,348.0875221177125,0.003814970610420021,0
1595610792.6029415,349.8870912476564,0.003814970610420021,0
1595610792.6129546,351.6894498749757,0.003814970610420021,0
1595610792.6229537,353.489276496985,0.003814970610420021,0
1595610792.63294,355.28682860574963,0.003814970610420021,0
1595610792.6429532,357.08918723306897,0.003814970610420021,0
1595610792.6529388,358.8866105958009,0.003814970610420021,0
1595610792.6591344,360,0.003814970610420021,1
1595610792.6591344,0,0,0
1595610792.6691365,1.800384521484375,0,0
1595610792.6791346,3.600039482116699,0,0
1595610792.6891403,5.401067733764648,0,0
1595610792.6991436,7.201666831970215,0,0
1595610792.7091486,9.00256633758545,0,0
1595610792.7191453,10.801963806152344,0,0
1595610792.729151,12.602992057800293,0,0
1595610792.7391393,14.400887489318848,0,0
1595610792.7491343,16.199984550476074,0,0
1595610792.759137,18.000454902648926,0,0
1595610792.7691474,19.80234146118164,0,0
1595610792.7791522,21.603198051452637,0,0
1595610792.7891405,23.40109348297119,0,0
1595610792.7991369,25.200448036193848,0,0
1595610792.8091462,27.00212001800537,0,0
1595610792.8191476,28.80237579345703,0,0
1595610792.8291428,30.601515769958496,0,0
1595610792.8391416,32.401299476623535,0,0
1595610792.8491428,34.20151233673096,0,0
1595610792.859145,36.00189685821533,0,0
1595610792.8691475,37.802367210388184,0,0
1595610792.8791366,39.60039138793945,0,0
1595610792.8891404,41.401076316833496,0,0
1595610792.8991363,43.200345039367676,0,0
1595610792.9091427,45.00150203704834,0,0
1595610792.91914,46.80102825164795,0,0
1595610792.9291356,48.60021114349365,0,0
1595610792.9391356,50.40020942687988,0,0
1595610792.9491377,52.20059394836426,0,0
1595610792.9591386,54.00076389312744,0,0
1595610792.969135,55.8001184463501,0,0
1595610792.9791346,57.60003089904785,0,0
1595610792.9891405,59.40110206604004,0,0
1595610792.9991457,61.20204448699951,0,0
1595610793.0091372,63.000497817993164,0,0
1595610793.0191433,64.80161190032959,0,0
1595610793.029141,66.60118103027344,0,0
1595610793.0391433,68.40160846710205,0,0
1595610793.0491507,70.20293712615967,0,0
1595610793.0591412,72.00121879577637,0,0
1595610793.0691442,73.8017749786377,0,0
1595610793.079141,75.60117244720459,0,0
1595610793.0891478,77.40241527557373,0,0
1595610793.099146,79.20207023620605,0,0
1595610793.1091354,81.0001802444458,0,0
1595610793.1191454,82.80198097229004,0,0
1595610793.1291423,84.60142135620117,0,0
1595610793.1391375,86.40056133270264,0,0
1595610793.1491425,88.20146083831787,0,0
1595610793.1591437,90.0016736984253,0,0
1595610793.169148,91.80244445800781,0,0
1595610793.1791515,93.60308647155762,0,0
1595610793.189136,95.40029525756836,0,0
1595610793.1991458,97.20205307006836,0,0
1595610793.2091393,99.00089263916016,0,0
1595610793.219137,100.800461769104,0,0
1595610793.2291396,102.60093212127686,0,0
1595610793.2391386,104.40075874328613,0,0
1595610793.2491455,106.20200157165527,0,0
1595610793.259141,108.00118446350098,0,0
1595610793.2691472,109.8022985458374,0,0
1595610793.2791376,111.6005802154541,0,0
1595610793.2891397,113.40096473693848,0,0
1595610793.2991397,115.2009630203247,0,0
1595610793.309137,117.00048923492432,0,0
1595610793.3166535,118.35343837738037,0,0
1595610793.3166535,119.03257012358287,0.0037729541455694404,0
1595610793.319147,119.48142170897106,0.0037729541455694404,0
1595610793.329137,121.27961754789928,0.0037729541455694404,0
1595610793.3391337,123.07901501646617,0.0037729541455694404,0
1595610793.34915,124.8819315432606,0.0037729541455694404,0
1595610793.3591456,126.68115735045055,0.0037729541455694404,0
1595610793.3691463,128.4812843798695,0.0037729541455694404,0
1595610793.3791347,130.27917981138805,0.0037729541455694404,0
1595610793.3891394,132.08003640165904,0.0037729541455694404,0
1595610793.3991416,133.88042092314342,0.0037729541455694404,0
1595610793.4091394,135.6800329684315,0.0037729541455694404,0
1595610793.4191368,137.4795591830311,0.0037729541455694404,0
1595610793.4291394,139.28002953520397,0.0037729541455694404,0
1595610793.4391353,141.07929825773815,0.0037729541455694404,0
1595610793.4491484,142.88165688505748,0.0037729541455694404,0
1595610793.4591398,144.68011021605113,0.0037729541455694404,0
1595610793.4691482,146.4816105364857,0.0037729541455694404,0
1595610793.4791484,148.28165173521617,0.0037729541455694404,0
1595610793.4891398,150.08010506620982,0.0037729541455694404,0
1595610793.4991388,151.8799316882191,0.0037729541455694404,0
1595610793.5091476,153.68151783934215,0.0037729541455694404,0
1595610793.5191417,155.48044323912242,0.0037729541455694404,0
1595610793.5291407,157.2802698611317,0.0037729541455694404,0
1595610793.5391445,159.08095479002574,0.0037729541455694404,0
1595610793.5491471,160.8814251421986,0.0037729541455694404,0
1595610793.5591462,162.68125176420787,0.0037729541455694404,0
1595610793.5691426,164.48060631743053,0.0037729541455694404,0
1595610793.5791392,166.28000378599742,0.0037729541455694404,0
1595610793.5891416,168.08043122282604,0.0037729541455694404,0
1595610793.5991364,169.87948536863902,0.0037729541455694404,0
1595610793.609145,171.68102860441783,0.0037729541455694404,0
1595610793.6191437,173.48081231108287,0.0037729541455694404,0
1595610793.6291356,175.279351472765,0.0037729541455694404,0
1595610793.6391408,177.08029389372447,0.0037729541455694404,0
1595610793.6491354,178.87930512419322,0.0037729541455694404,0
1595610793.659141,180.68033337584114,0.0037729541455694404,0
1595610793.669146,182.48123288145638,0.0037729541455694404,0
1595610793.6791372,184.2796432971058,0.0037729541455694404,0
1595610793.6891406,186.08024239531136,0.0037729541455694404,0
1595610793.6991432,187.8807127474842,0.0037729541455694404,0
1595610793.7091367,189.679552316576,0.0037729541455694404,0
1595610793.7191489,191.4817392825184,0.0037729541455694404,0
1595610793.7291415,193.28040719023323,0.0037729541455694404,0
1595610793.7391431,195.08070588102913,0.0037729541455694404,0
1595610793.7491508,196.882077455431,0.0037729541455694404,0
1595610793.759135,198.6792433260975,0.0037729541455694404,0
1595610793.76914,200.48014283171273,0.0037729541455694404,0
1595610793.7791467,202.28134274473763,0.0037729541455694404,0
1595610793.7891486,204.08168435087777,0.0037729541455694404,0
1595610793.7991483,205.88163971891976,0.0037729541455694404,0
1595610793.8091516,207.68223881712532,0.0037729541455694404,0
1595610793.8191376,209.4797050952015,0.0037729541455694404,0
1595610793.8291423,211.2805616854725,0.0037729541455694404,0
1595610793.839138,213.07978749266243,0.0037729541455694404,0
1595610793.849136,214.87944245329476,0.0037729541455694404,0
1595610793.8591511,216.682144403368,0.0037729541455694404,0
1595610793.8691413,218.48038315764046,0.0037729541455694404,0
1595610793.8791497,220.28188347807503,0.0037729541455694404,0
1595610793.889146,222.0812380312977,0.0037729541455694404,0
1595610793.899139,223.87994885435677,0.0037729541455694404,0
1595610793.9091465,225.68132042875862,0.0037729541455694404,0
1595610793.919148,227.48157620421028,0.0037729541455694404,0
1595610793.9291465,229.28131699553109,0.0037729541455694404,0
1595610793.9391525,231.08238816252327,0.0037729541455694404,0
1595610793.9491506,232.8820431231556,0.0037729541455694404,0
1595610793.9591486,234.68169808378792,0.0037729541455694404,0
1595610793.9691415,236.480408906847,0.0037729541455694404,0
1595610793.9791367,238.27954888334847,0.0037729541455694404,0
1595610793.989146,240.08122086516,0.0037729541455694404,0
1595610793.9991415,241.8804037570057,0.0037729541455694404,0
1595610794.0091407,243.6802732943592,0.0037729541455694404,0
1595610794.0191386,245.4798853396473,0.0037729541455694404,0
1595610794.0291457,247.28117108336068,0.0037729541455694404,0
1595610794.039151,249.08211350432015,0.0037729541455694404,0
1595610794.049133,250.8788931368885,0.0037729541455694404,0
1595610794.059149,252.6817667483387,0.0037729541455694404,0
1595610794.069133,254.47888970366097,0.0037729541455694404,0
1595610794.0791342,256.2791025637684,0.0037729541455694404,0
1595610794.0891523,258.08236241331673,0.0037729541455694404,0
1595610794.0991473,259.88145947447396,0.0037729541455694404,0
1595610794.1091459,261.68120026579476,0.0037729541455694404,0
1595610794.1191397,263.4800827502308,0.0037729541455694404,0
1595610794.1291351,265.2792656420765,0.0037729541455694404,0
1595610794.1391394,267.080036401659,0.0037729541455694404,0
1595610794.1491494,268.88183712950325,0.0037729541455694404,0
1595610794.159138,270.67977547636605,0.0037729541455694404,0
1595610794.1691365,272.47951626768685,0.0037729541455694404,0
1595610794.1791344,274.27912831297493,0.0037729541455694404,0
1595610794.1891496,276.0818731783924,0.0037729541455694404,0
1595610794.199136,277.87942528715706,0.0037729541455694404,0
1595610794.209137,279.67959523192025,0.0037729541455694404,0
1595610794.2191465,281.481310129076,0.0037729541455694404,0
1595610794.2291496,283.28186631193734,0.0037729541455694404,0
1595610794.239152,285.08229374876595,0.0037729541455694404,0
1595610794.2491467,286.88134789457894,0.0037729541455694404,0
1595610794.2591472,288.68143200865364,0.0037729541455694404,0
1595610794.2691495,290.48185944548226,0.0037729541455694404,0
1595610794.279138,292.27979779234505,0.0037729541455694404,0
1595610794.2891405,294.08022522917366,0.0037729541455694404,0
1595610794.2991424,295.8805668353138,0.0037729541455694404,0
1595610794.309135,297.67923474302864,0.0037729541455694404,0
1595610794.3191411,299.48034882536507,0.0037729541455694404,0
1595610794.3291392,301.2800037859974,0.0037729541455694404,0
1595610794.339134,303.0790579318104,0.0037729541455694404,0
1595610794.3491426,304.8806011675892,0.0037729541455694404,0
1595610794.3591413,306.68038487425423,0.0037729541455694404,0
1595610794.3691378,308.4797394274769,0.0037729541455694404,0
1595610794.379138,310.27978062620735,0.0037729541455694404,0
1595610794.3891506,312.0820534228382,0.0037729541455694404,0
1595610794.3991425,313.88059258452034,0.0037729541455694404,0
1595610794.4091446,315.6809771060047,0.0037729541455694404,0
1595610794.4191437,317.480803728014,0.0037729541455694404,0
1595610794.4291458,319.28118824949837,0.0037729541455694404,0
1595610794.4391477,321.0815298556385,0.0037729541455694404,0
1595610794.4491496,322.88187146177864,0.0037729541455694404,0
1595610794.459135,324.67925190916634,0.0037729541455694404,0
1595610794.4691432,326.48070931425667,0.0037729541455694404,0
1595610794.4791422,328.28053593626595,0.0037729541455694404,0
1595610794.4891481,330.08160710325814,0.0037729541455694404,0
1595610794.4991357,331.879373788744,0.0037729541455694404,0
1595610794.5091426,333.6806166171131,0.0037729541455694404,0
1595610794.5191457,335.48117279997444,0.0037729541455694404,0
1595610794.529134,337.279068231493,0.0037729541455694404,0
1595610794.5391452,339.08108353605843,0.0037729541455694404,0
1595610794.5491376,340.87970852842903,0.0037729541455694404,0
1595610794.5591357,342.67936348906136,0.0037729541455694404,0
1595610794.5691464,344.4812929629383,0.0037729541455694404,0
1595610794.5791483,346.28163456907845,0.0037729541455694404,0
1595610794.5891385,348.0798733233509,0.0037729541455694404,0
1595610794.5991404,349.88021492949105,0.0037729541455694404,0
1595610794.6091466,351.6813290118275,0.0037729541455694404,0
1595610794.6191435,353.4807693957386,0.0037729541455694404,0
1595610794.6291509,355.2820980547962,0.0037729541455694404,0
1595610794.6391401,357.08016514769173,0.0037729541455694404,0
1595610794.649146,358.8812363146839,0.0037729541455694404,0
1595610794.6553674,360,0.0037729541455694404,1
1595610794.6553674,0,0,0
1595610794.665379,1.8021011352539062,0,0
1595610794.6753798,3.6022281646728516,0,0
1595610794.6853828,5.40278434753418,0,0
1595610794.6953728,7.200980186462402,0,0
1595610794.7053745,9.0012788772583,0,0
1595610794.7153785,10.802006721496582,0,0
1595610794.7253764,12.601618766784668,0,0
1595610794.7353768,14.401702880859375,0,0
1595610794.745374,16.201186180114746,0,0
1595610794.7553725,18.000926971435547,0,0
1595610794.765383,19.80281352996826,0,0
1595610794.775372,21.60083770751953,0,0
1595610794.7853844,23.403067588806152,0,0
1595610794.7953732,25.201048851013184,0,0
1595610794.8053694,27.0003604888916,0,0
1595610794.8153865,28.80344867706299,0,0
1595610794.8253741,30.601215362548828,0,0
1595610794.835382,32.40262985229492,0,0
1595610794.8453813,34.20249938964844,0,0
1595610794.8553724,36.00090980529785,0,0
1595610794.8653767,37.80168056488037,0,0
1595610794.87538,39.60227966308594,0,0
1595610794.8853703,41.4005184173584,0,0
1595610794.8953683,43.20017337799072,0,0
1595610794.9053822,45.00266075134277,0,0
1595610794.915374,46.8011999130249,0,0
1595610794.9253728,48.60098361968994,0,0
1595610794.9353821,50.402655601501465,0,0
1595610794.9453752,52.201409339904785,0,0
1595610794.9553754,54.001450538635254,0,0
1595610794.9653754,55.801448822021484,0,0
1595610794.9753788,57.60204792022705,0,0
1595610794.9853818,59.40260410308838,0,0
1595610794.995371,61.20067119598389,0,0
1595610795.0053704,63.0005407333374,0,0
1595610795.0153735,64.80109691619873,0,0
1595610795.0253694,66.60036563873291,0,0
1595610795.0353758,68.40152263641357,0,0
1595610795.0453806,70.20237922668457,0,0
1595610795.055386,72.00336456298828,0,0
1595610795.0653734,73.80108833312988,0,0
1595610795.0753844,75.60306072235107,0,0
1595610795.0853744,77.4012565612793,0,0
1595610795.0953846,79.20310020446777,0,0
1595610795.1053798,81.00224018096924,0,0
1595610795.115384,82.80301094055176,0,0
1595610795.1253839,84.60296630859375,0,0
1595610795.1353774,86.40180587768555,0,0
1595610795.1453693,88.20034503936768,0,0
1595610795.15538,90.00227451324463,0,0
1595610795.1653678,91.8000841140747,0,0
1595610795.1753795,93.60218524932861,0,0
1595610795.1853693,95.4003381729126,0,0
1595610795.1953807,97.20239639282227,0,0
1595610795.205379,99.00209426879883,0,0
1595610795.2153723,100.80089092254639,0,0
1595610795.2253716,102.6007604598999,0,0
1595610795.235367,104.3999433517456,0,0
1595610795.2453861,106.2033748626709,0,0
1595610795.2553678,108.00006866455078,0,0
1595610795.265378,109.80191230773926,0,0
1595610795.2753701,111.60049438476562,0,0
1595610795.2853715,113.40075016021729,0,0
1595610795.2953806,115.20237922668457,0,0
1595610795.3053734,117.00109004974365,0,0
1595610795.305518,117.02709674835205,0,0
1595610795.305518,117.69874255587256,0.0037313655973361115,0
1595610795.3153856,119.47492282320654,0.0037313655973361115,0
1595610795.3253706,121.27221743990576,0.0037313655973361115,0
1595610795.3353765,123.07328860689795,0.0037313655973361115,0
1595610795.345385,124.87483184267676,0.0037313655973361115,0
1595610795.3553815,126.67418639589941,0.0037313655973361115,0
1595610795.3653784,128.47362677981053,0.0037313655973361115,0
1595610795.3753717,130.2724234335581,0.0037313655973361115,0
1595610795.38538,132.07392375399266,0.0037313655973361115,0
1595610795.3953693,133.87199084688817,0.0037313655973361115,0
1595610795.4053848,135.67477862764989,0.0037313655973361115,0
1595610795.4153783,137.47361819674168,0.0037313655973361115,0
1595610795.4253738,139.27280108858739,0.0037313655973361115,0
1595610795.4353735,141.07275645662938,0.0037313655973361115,0
1595610795.4453745,142.87292640139256,0.0037313655973361115,0
1595610795.4553757,144.67313926149998,0.0037313655973361115,0
1595610795.4653742,146.47288005282078,0.0037313655973361115,0
1595610795.475385,148.27480952669774,0.0037313655973361115,0
1595610795.4853778,150.07352034975682,0.0037313655973361115,0
1595610795.4953687,151.871887850062,0.0037313655973361115,0
1595610795.5053842,153.6746756308237,0.0037313655973361115,0
1595610795.5153716,155.47239940096532,0.0037313655973361115,0
1595610795.5253801,157.27394263674412,0.0037313655973361115,0
1595610795.5353813,159.07415549685155,0.0037313655973361115,0
1595610795.5453832,160.87449710299168,0.0037313655973361115,0
1595610795.555376,162.67320792605076,0.0037313655973361115,0
1595610795.5653665,164.47148959566746,0.0037313655973361115,0
1595610795.5753706,166.27221743990575,0.0037313655973361115,0
1595610795.5853858,168.07496230532323,0.0037313655973361115,0
1595610795.5953712,169.87234275271092,0.0037313655973361115,0
1595610795.6053805,171.67401473452244,0.0037313655973361115,0
1595610795.6153762,173.47324054171239,0.0037313655973361115,0
1595610795.6253839,175.27461211611424,0.0037313655973361115,0
1595610795.6353765,177.07328002382908,0.0037313655973361115,0
1595610795.645382,178.8742653601328,0.0037313655973361115,0
1595610795.6553686,180.67186038424168,0.0037313655973361115,0
1595610795.665376,182.4731890432993,0.0037313655973361115,0
1595610795.6753826,184.2743889563242,0.0037313655973361115,0
1595610795.685382,186.07425849367772,0.0037313655973361115,0
1595610795.6953797,187.8738705389658,0.0037313655973361115,0
1595610795.7053823,189.67434089113866,0.0037313655973361115,0
1595610795.7153747,191.47296588350926,0.0037313655973361115,0
1595610795.7253754,193.2730929129282,0.0037313655973361115,0
1595610795.7353783,195.0736061804453,0.0037313655973361115,0
1595610795.7453766,196.87330405642186,0.0037313655973361115,0
1595610795.7553833,198.67450396944676,0.0037313655973361115,0
1595610795.7653713,200.47235648562108,0.0037313655973361115,0
1595610795.7753701,202.27214019228612,0.0037313655973361115,0
1595610795.7853673,204.0716234915415,0.0037313655973361115,0
1595610795.7953727,205.8726088278452,0.0037313655973361115,0
1595610795.8053675,207.6716629736582,0.0037313655973361115,0
1595610795.8153727,209.47260539461766,0.0037313655973361115,0
1595610795.8253841,211.27466361452733,0.0037313655973361115,0
1595610795.8353841,213.07466189791356,0.0037313655973361115,0
1595610795.8453798,214.8738877051035,0.0037313655973361115,0
1595610795.8553734,216.6727272741953,0.0037313655973361115,0
1595610795.8653848,218.47478549410496,0.0037313655973361115,0
1595610795.8753786,220.273667978541,0.0037313655973361115,0
1595610795.8853798,222.07388083864842,0.0037313655973361115,0
1595610795.8953767,223.87332122255955,0.0037313655973361115,0
1595610795.9053724,225.6725470297495,0.0037313655973361115,0
1595610795.915379,227.4737469427744,0.0037313655973361115,0
1595610795.9253836,229.27456061770116,0.0037313655973361115,0
1595610795.9353738,231.07279937197362,0.0037313655973361115,0
1595610795.9453743,232.87288348604832,0.0037313655973361115,0
1595610795.9553702,234.6721522085825,0.0037313655973361115,0
1595610795.9653742,236.47288005282078,0.0037313655973361115,0
1595610795.9753716,238.2724062674204,0.0037313655973361115,0
1595610795.9853797,240.07386367251073,0.0037313655973361115,0
1595610795.995376,241.87321822573338,0.0037313655973361115,0
1595610796.005383,243.67446105410252,0.0037313655973361115,0
1595610796.0153675,245.47166984011326,0.0037313655973361115,0
1595610796.0253828,247.27441470553075,0.0037313655973361115,0
1595610796.0353794,249.07381217409764,0.0037313655973361115,0
1595610796.0453665,250.871493028895,0.0037313655973361115,0
1595610796.0553854,252.67488162447606,0.0037313655973361115,0
1595610796.0653763,254.47324912478123,0.0037313655973361115,0
1595610796.0753665,256.2714878790537,0.0037313655973361115,0
1595610796.0853803,258.0739752524058,0.0037313655973361115,0
1595610796.0953698,259.8720852606455,0.0037313655973361115,0
1595610796.1053703,261.6721693747202,0.0037313655973361115,0
1595610796.1153817,263.4742275946299,0.0037313655973361115,0
1595610796.1253805,265.27401130129493,0.0037313655973361115,0
1595610796.1353724,267.07255046297706,0.0037313655973361115,0
1595610796.14537,268.8721195929209,0.0037313655973361115,0
1595610796.1553662,270.6714312307993,0.0037313655973361115,0
1595610796.1653776,272.473489450709,0.0037313655973361115,0
1595610796.1753845,274.27473227907814,0.0037313655973361115,0
1595610796.1853669,276.07155482699073,0.0037313655973361115,0
1595610796.195368,277.87176768709816,0.0037313655973361115,0
1595610796.2053668,279.6715513937632,0.0037313655973361115,0
1595610796.2153707,281.47223632265724,0.0037313655973361115,0
1595610796.2253795,283.2738224737803,0.0037313655973361115,0
1595610796.235373,285.0726620428721,0.0037313655973361115,0
1595610796.245372,286.87248866488136,0.0037313655973361115,0
1595610796.2553725,288.67257277895607,0.0037313655973361115,0
1595610796.265376,290.47321479250587,0.0037313655973361115,0
1595610796.275372,292.27248351504005,0.0037313655973361115,0
1595610796.285373,294.07265345980323,0.0037313655973361115,0
1595610796.2953706,295.8722225897471,0.0037313655973361115,0
1595610796.3053708,297.67226378847755,0.0037313655973361115,0
1595610796.315385,299.4748369925181,0.0037313655973361115,0
1595610796.325371,301.27230327059425,0.0037313655973361115,0
1595610796.3353777,303.07350318361915,0.0037313655973361115,0
1595610796.345374,304.8728577368418,0.0037313655973361115,0
1595610796.3553708,306.6722552054087,0.0037313655973361115,0
1595610796.3653731,308.4726826422373,0.0037313655973361115,0
1595610796.3753839,310.27461211611427,0.0037313655973361115,0
1595610796.3853812,312.0741383307139,0.0037313655973361115,0
1595610796.3953748,313.8729778998057,0.0037313655973361115,0
1595610796.4053714,315.67237536837257,0.0037313655973361115,0
1595610796.4153757,317.4731461279551,0.0037313655973361115,0
1595610796.425385,319.2748181097666,0.0037313655973361115,0
1595610796.4353747,321.0729710333506,0.0037313655973361115,0
1595610796.4453762,322.87322680880226,0.0037313655973361115,0
1595610796.4553664,324.6714655630747,0.0037313655973361115,0
1595610796.4653726,326.47257964541114,0.0037313655973361115,0
1595610796.4753835,328.27455203463234,0.0037313655973361115,0
1595610796.485368,330.0717608206431,0.0037313655973361115,0
1595610796.4953785,331.8736473791758,0.0037313655973361115,0
1595610796.505372,333.6724869482676,0.0037313655973361115,0
1595610796.5153701,335.4721419088999,0.0037313655973361115,0
1595610796.525376,337.2732130758921,0.0037313655973361115,0
1595610796.5353816,339.0741984121958,0.0037313655973361115,0
1595610796.5453835,340.87454001833595,0.0037313655973361115,0
1595610796.5553737,342.6727787726084,0.0037313655973361115,0
1595610796.565372,344.472476648585,0.0037313655973361115,0
1595610796.5753782,346.2735907309214,0.0037313655973361115,0
1595610796.5853753,348.07307403017677,0.0037313655973361115,0
1595610796.5953774,349.87345855166114,0.0037313655973361115,0
1595610796.6053734,351.6727272741953,0.0037313655973361115,0
1595610796.6153784,353.47362677981056,0.0037313655973361115,0
1595610796.6253793,355.27379672457374,0.0037313655973361115,0
1595610796.6353726,357.0725933783213,0.0037313655973361115,0
1595610796.6453817,358.8742224447886,0.0037313655973361115,0
1595610796.651645,360,0.0037313655973361115,1
1595610796.651645,0,0,0
1595610796.6616545,1.8017148971557617,0,0
1595610796.6716645,3.603515625,0,0
1595610796.6816618,5.403041839599609,0,0
1595610796.691654,7.201623916625977,0,0
1595610796.7016573,9.002223014831543,0,0
1595610796.7116551,10.801835060119629,0,0
1595610796.7216508,12.60106086730957,0,0
1595610796.7316532,14.401488304138184,0,0
1595610796.7416465,16.200284957885742,0,0
1595610796.7516522,18.00131320953369,0,0
1595610796.7616537,19.80156898498535,0,0
1595610796.7716484,21.60062313079834,0,0
1595610796.7816498,23.40087890625,0,0
1595610796.7916627,25.203194618225098,0,0
1595610796.8016622,27.00310707092285,0,0
1595610796.81166,28.802719116210938,0,0
1595610796.821658,30.602331161499023,0,0
1595610796.8316553,32.40185737609863,0,0
1595610796.8416455,34.200096130371094,0,0
1595610796.851664,36.00344181060791,0,0
1595610796.8616579,37.802324295043945,0,0
1595610796.8716526,39.601378440856934,0,0
1595610796.8816485,41.40064716339111,0,0
1595610796.8916507,43.20103168487549,0,0
1595610796.9016545,45.00171661376953,0,0
1595610796.9116533,46.80150032043457,0,0
1595610796.9216626,48.603172302246094,0,0
1595610796.9316516,50.40119647979736,0,0
1595610796.9416578,52.20231056213379,0,0
1595610796.951661,54.002909660339355,0,0
1595610796.961645,55.79998970031738,0,0
1595610796.9716554,57.6018762588501,0,0
1595610796.981652,59.40127372741699,0,0
1595610796.9916532,61.201486587524414,0,0
1595610797.0016458,63.00015449523926,0,0
1595610797.011652,64.80126857757568,0,0
1595610797.0216446,66.59993648529053,0,0
1595610797.0316617,68.40302467346191,0,0
1595610797.0416615,70.2029800415039,0,0
1595610797.0516634,72.00332164764404,0,0
1595610797.061655,73.80181789398193,0,0
1595610797.0716455,75.60009956359863,0,0
1595610797.0816543,77.40168571472168,0,0
1595610797.0916576,79.20228481292725,0,0
1595610797.1016564,81.00206851959229,0,0
1595610797.11165,82.80090808868408,0,0
1595610797.1216447,84.59996223449707,0,0
1595610797.1316562,86.40202045440674,0,0
1595610797.141657,88.20219039916992,0,0
1595610797.1516445,89.99991416931152,0,0
1595610797.161661,91.8028736114502,0,0
1595610797.171655,93.60179901123047,0,0
1595610797.18166,95.4026985168457,0,0
1595610797.1916447,97.19995021820068,0,0
1595610797.201652,99.0012788772583,0,0
1595610797.211648,100.80054759979248,0,0
1595610797.2216449,102.59998798370361,0,0
1595610797.231654,104.4016170501709,0,0
1595610797.2416632,106.20328903198242,0,0
1595610797.2516553,108.00187110900879,0,0
1595610797.2616606,109.80281352996826,0,0
1595610797.2716615,111.60298347473145,0,0
1595610797.2816517,113.4012222290039,0,0
1595610797.291646,115.20019054412842,0,0
1595610797.294503,115.71444511413574,0,0
1595610797.294503,116.37876372108188,0.0036906589274785517,0
1595610797.3016608,117.66716818580356,0.0036906589274785517,0
1595610797.3116548,119.46609358558383,0.0036906589274785517,0
1595610797.321648,121.26484732398715,0.0036906589274785517,0
1595610797.331646,123.06450228461948,0.0036906589274785517,0
1595610797.341655,124.86613135108676,0.0036906589274785517,0
1595610797.351646,126.66449885139194,0.0036906589274785517,0
1595610797.3616583,128.46672873267858,0.0036906589274785517,0
1595610797.3716571,130.26651243934361,0.0036906589274785517,0
1595610797.3816588,132.0668111301395,0.0036906589274785517,0
1595610797.3916628,133.8675389743778,0.0036906589274785517,0
1595610797.4016585,135.66676478156774,0.0036906589274785517,0
1595610797.4116542,137.46599058875768,0.0036906589274785517,0
1595610797.42165,139.26521639594762,0.0036906589274785517,0
1595610797.4316485,141.06495718726842,0.0036906589274785517,0
1595610797.4416547,142.86607126960484,0.0036906589274785517,0
1595610797.4516466,144.66461043128697,0.0036906589274785517,0
1595610797.4616485,146.4649520374271,0.0036906589274785517,0
1595610797.4716544,148.2660232044193,0.0036906589274785517,0
1595610797.4816606,150.06713728675572,0.0036906589274785517,0
1595610797.491652,151.86559061774938,0.0036906589274785517,0
1595610797.5016575,153.6665759540531,0.0036906589274785517,0
1595610797.5116463,155.46455721626012,0.0036906589274785517,0
1595610797.521657,157.26648669013707,0.0036906589274785517,0
1595610797.531648,159.06485419044225,0.0036906589274785517,0
1595610797.5416472,160.86472372779576,0.0036906589274785517,0
1595610797.5516462,162.66455034980504,0.0036906589274785517,0
1595610797.5616505,164.46532110938756,0.0036906589274785517,0
1595610797.571654,166.26596312293736,0.0036906589274785517,0
1595610797.5816612,168.06724886665074,0.0036906589274785517,0
1595610797.5916557,169.8662600971195,0.0036906589274785517,0
1595610797.6016464,171.66458468208043,0.0036906589274785517,0
1595610797.6116629,173.4675441242191,0.0036906589274785517,0
1595610797.621652,175.26556830177037,0.0036906589274785517,0
1595610797.6316607,177.06715445289342,0.0036906589274785517,0
1595610797.6416533,178.86582236060826,0.0036906589274785517,0
1595610797.6516588,180.66680769691197,0.0036906589274785517,0
1595610797.661654,182.46594767341344,0.0036906589274785517,0
1595610797.671647,184.26470141181676,0.0036906589274785517,0
1595610797.6816452,186.06435637244908,0.0036906589274785517,0
1595610797.6916482,187.8649125553104,0.0036906589274785517,0
1595610797.7016537,189.66589789161412,0.0036906589274785517,0
1595610797.7116475,191.46478037605016,0.0036906589274785517,0
1595610797.72165,193.26520781287877,0.0036906589274785517,0
1595610797.731651,195.0654206729862,0.0036906589274785517,0
1595610797.7416582,196.86670641669957,0.0036906589274785517,0
1595610797.751662,198.66739134559361,0.0036906589274785517,0
1595610797.7616584,200.46674589881627,0.0036906589274785517,0
1595610797.7716606,202.26713042030065,0.0036906589274785517,0
1595610797.781659,204.0668282962772,0.0036906589274785517,0
1595610797.7916574,205.866569087598,0.0036906589274785517,0
1595610797.8016472,207.664722011182,0.0036906589274785517,0
1595610797.811653,209.46575026282994,0.0036906589274785517,0
1595610797.821647,211.26467566261022,0.0036906589274785517,0
1595610797.831654,213.0659614063236,0.0036906589274785517,0
1595610797.8416517,214.86553053626744,0.0036906589274785517,0
1595610797.8516445,216.66424135932652,0.0036906589274785517,0
1595610797.8616514,218.46548418769567,0.0036906589274785517,0
1595610797.8716552,220.2661691165897,0.0036906589274785517,0
1595610797.881658,222.0666823841068,0.0036906589274785517,0
1595610797.8916438,223.86410574683873,0.0036906589274785517,0
1595610797.9016616,225.66732268104283,0.0036906589274785517,0
1595610797.9116597,227.46697764167516,0.0036906589274785517,0
1595610797.9216619,229.26736216315953,0.0036906589274785517,0
1595610797.9316564,231.06637339362828,0.0036906589274785517,0
1595610797.9416492,232.86508421668736,0.0036906589274785517,0
1595610797.9516578,234.66662745246617,0.0036906589274785517,0
1595610797.961663,236.46756987342565,0.0036906589274785517,0
1595610797.9716506,238.26533655891149,0.0036906589274785517,0
1595610797.9816477,240.06481985816686,0.0036906589274785517,0
1595610797.991645,241.86434607276647,0.0036906589274785517,0
1595610798.0016453,243.66438727149693,0.0036906589274785517,0
1595610798.0116491,245.46507220039098,0.0036906589274785517,0
1595610798.0216563,247.26635794410436,0.0036906589274785517,0
1595610798.0316606,249.06712870368688,0.0036906589274785517,0
1595610798.041653,250.86575369605748,0.0036906589274785517,0
1595610798.0516624,252.66746859321324,0.0036906589274785517,0
1595610798.0616496,254.4651494480106,0.0036906589274785517,0
1595610798.071658,256.2666497684452,0.0036906589274785517,0
1595610798.0816443,258.0642018772098,0.0036906589274785517,0
1595610798.0916567,259.86643175849645,0.0036906589274785517,0
1595610798.1016536,261.6658721424076,0.0036906589274785517,0
1595610798.1116557,263.46625666389195,0.0036906589274785517,0
1595610798.1216583,265.2667270160648,0.0036906589274785517,0
1595610798.1316454,267.06440787086217,0.0036906589274785517,0
1595610798.1416514,268.86547903785436,0.0036906589274785517,0
1595610798.151659,270.6668506122562,0.0036906589274785517,0
1595610798.1616542,272.4659905887577,0.0036906589274785517,0
1595610798.1716487,274.2650018192264,0.0036906589274785517,0
1595610798.1816602,276.0670600391361,0.0036906589274785517,0
1595610798.19166,277.8670154071781,0.0036906589274785517,0
1595610798.2016613,279.66727118262975,0.0036906589274785517,0
1595610798.2116473,281.4647374607059,0.0036906589274785517,0
1595610798.2216494,283.2651219821903,0.0036906589274785517,0
1595610798.2316487,285.0649915195438,0.0036906589274785517,0
1595610798.241655,286.8661485172245,0.0036906589274785517,0
1595610798.2516625,288.6674771762821,0.0036906589274785517,0
1595610798.261652,290.46558718452184,0.0036906589274785517,0
1595610798.2716615,292.2673020816776,0.0036906589274785517,0
1595610798.2816603,294.06708578834264,0.0036906589274785517,0
1595610798.2916439,295.8641229129764,0.0036906589274785517,0
1595610798.3016608,297.6671681858036,0.0036906589274785517,0
1595610798.311657,299.466479823682,0.0036906589274785517,0
1595610798.3216515,301.26549105415074,0.0036906589274785517,0
1595610798.3316615,303.067291781995,0.0036906589274785517,0
1595610798.3416557,304.8662600971195,0.0036906589274785517,0
1595610798.3516462,306.6645417667362,0.0036906589274785517,0
1595610798.3616624,308.4674582935306,0.0036906589274785517,0
1595610798.3716571,310.2665124393436,0.0036906589274785517,0
1595610798.3816597,312.06698279151647,0.0036906589274785517,0
1595610798.3916578,313.8666377521488,0.0036906589274785517,0
1595610798.4016433,315.6640181995365,0.0036906589274785517,0
1595610798.41165,317.4652181125614,0.0036906589274785517,0
1595610798.421652,319.26560263404576,0.0036906589274785517,0
1595610798.4316502,321.0652575946781,0.0036906589274785517,0
1595610798.4416533,322.8658137775394,0.0036906589274785517,0
1595610798.4516613,324.66727118262975,0.0036906589274785517,0
1595610798.461647,326.4646945453617,0.0036906589274785517,0
1595610798.4716568,328.2664523578617,0.0036906589274785517,0
1595610798.4816558,330.06627897987096,0.0036906589274785517,0
1595610798.4916446,331.864260242078,0.0036906589274785517,0
1595610798.5016491,333.66507391700475,0.0036906589274785517,0
1595610798.511656,335.4663167453739,0.0036906589274785517,0
1595610798.5216477,337.2648129917118,0.0036906589274785517,0
1595610798.5316586,339.06678538093297,0.0036906589274785517,0
1595610798.5416527,340.86571078071324,0.0036906589274785517,0
1595610798.5516522,342.665623233411,0.0036906589274785517,0
1595610798.5616484,344.4649348712894,0.0036906589274785517,0
1595610798.5716558,346.26626353034703,0.0036906589274785517,0
1595610798.5816529,348.0657468296024,0.0036906589274785517,0
1595610798.5916457,349.8644576526615,0.0036906589274785517,0
1595610798.601649,351.66505675086705,0.0036906589274785517,0
1595610798.611661,353.4672008014652,0.0036906589274785517,0
1595610798.6216452,355.2643666721317,0.0036906589274785517,0
1595610798.6316578,357.06663946876256,0.0036906589274785517,0
1595610798.6416457,358.86444906959264,0.0036906589274785517,0
1595610798.6479673,360,0.0036906589274785517,1
1595610798.6479673,0,0,0
1595610798.6579812,1.8024873733520508,0,0
1595610798.6679735,3.6011123657226562,0,0
1595610798.6779838,5.402956008911133,0,0
1595610798.6879685,7.200207710266113,0,0
1595610798.6979675,9.00003433227539,0,0
1595610798.7079866,10.803465843200684,0,0
1595610798.7179701,12.600502967834473,0,0
1595610798.7279727,14.400973320007324,0,0
1595610798.7379754,16.201443672180176,0,0
1595610798.7479794,18.002171516418457,0,0
1595610798.7579775,19.80182647705078,0,0
1595610798.76797,21.600494384765625,0,0
1595610798.7779672,23.399977684020996,0,0
1595610798.7879698,25.200448036193848,0,0
1595610798.797979,27.00212001800537,0,0
1595610798.8079724,28.80091667175293,0,0
1595610798.8179715,30.600743293762207,0,0
1595610798.8279865,32.40344524383545,0,0
1595610798.8379712,34.20069694519043,0,0
1595610798.8479826,36.0027551651001,0,0
1595610798.8579793,37.80215263366699,0,0
1595610798.86798,39.60227966308594,0,0
1595610798.8779848,41.403136253356934,0,0
1595610798.8879673,43.20000171661377,0,0
1595610798.897982,45.002617835998535,0,0
1595610798.9079728,46.80098533630371,0,0
1595610798.9179766,48.601670265197754,0,0
1595610798.9279819,50.40261268615723,0,0
1595610798.9379802,52.20231056213379,0,0
1595610798.947971,54.000678062438965,0,0
1595610798.9579864,55.803422927856445,0,0
1595610798.9679842,57.60303497314453,0,0
1595610798.9779732,59.4010591506958,0,0
1595610798.9879673,61.199984550476074,0,0
1595610798.9979866,63.003458976745605,0,0
1595610799.0079796,64.80221271514893,0,0
1595610799.0179813,66.60251140594482,0,0
1595610799.0279741,68.4012222290039,0,0
1595610799.037985,70.2031946182251,0,0
1595610799.047967,71.99993133544922,0,0
1595610799.0579672,73.79997253417969,0,0
1595610799.0679696,75.6003999710083,0,0
1595610799.077982,77.40262985229492,0,0
1595610799.0879707,79.20061111450195,0,0
1595610799.0979776,81.0018539428711,0,0
1595610799.1079717,82.80077934265137,0,0
1595610799.117985,84.60318088531494,0,0
1595610799.1279736,86.40111923217773,0,0
1595610799.1379836,88.20291996002197,0,0
1595610799.1479754,90.0014591217041,0,0
1595610799.1579773,91.80180072784424,0,0
1595610799.1679852,93.60321521759033,0,0
1595610799.1779852,95.40321350097656,0,0
1595610799.1879752,97.20140933990479,0,0
1595610799.197973,99.00102138519287,0,0
1595610799.207968,100.8001184463501,0,0
1595610799.217975,102.60136127471924,0,0
1595610799.2279696,104.40041542053223,0,0
1595610799.2379727,106.20097160339355,0,0
1595610799.247974,108.00118446350098,0,0
1595610799.2579694,109.80036735534668,0,0
1595610799.2679732,111.60105228424072,0,0
1595610799.277981,113.40246677398682,0,0
1595610799.2833493,114.36874866485596,0,0
1595610799.2833493,115.02563881382599,0.0036493897165001954,0
1595610799.2879858,115.86021351322785,0.0036493897165001954,0
1595610799.2979684,117.65707897648468,0.0036493897165001954,0
1595610799.3079739,119.4580643127884,0.0036493897165001954,0
1595610799.3179824,121.2596075485672,0.0036493897165001954,0
1595610799.3279746,123.05818962559357,0.0036493897165001954,0
1595610799.3379846,124.85999035343781,0.0036493897165001954,0
1595610799.3479693,126.65724205479279,0.0036493897165001954,0
1595610799.3579671,128.45685410008088,0.0036493897165001954,0
1595610799.3679712,130.25758194431916,0.0036493897165001954,0
1595610799.3779821,132.05955433354035,0.0036493897165001954,0
1595610799.387978,133.85882305607453,0.0036493897165001954,0
1595610799.397972,135.6577484558548,0.0036493897165001954,0
1595610799.4079676,137.4569313477005,0.0036493897165001954,0
1595610799.417976,139.25843166813507,0.0036493897165001954,0
1595610799.427972,141.0577433060135,0.0036493897165001954,0
1595610799.4379733,142.8579561661209,0.0036493897165001954,0
1595610799.447974,144.65808319553986,0.0036493897165001954,0
1595610799.4579723,146.45778107151642,0.0036493897165001954,0
1595610799.4679832,148.2597534607376,0.0036493897165001954,0
1595610799.4779668,150.0567905853714,0.0036493897165001954,0
1595610799.4879751,151.85829090580597,0.0036493897165001954,0
1595610799.497974,153.658074612471,0.0036493897165001954,0
1595610799.5079713,155.45760082707062,0.0036493897165001954,0
1595610799.517975,157.25828575596466,0.0036493897165001954,0
1595610799.5279822,159.05957149967804,0.0036493897165001954,0
1595610799.5379715,160.85763859257355,0.0036493897165001954,0
1595610799.547975,162.65828060612336,0.0036493897165001954,0
1595610799.5579824,164.45960926518097,0.0036493897165001954,0
1595610799.5679812,166.259392971846,0.0036493897165001954,0
1595610799.5779757,168.05840420231476,0.0036493897165001954,0
1595610799.5879674,169.85690044865265,0.0036493897165001954,0
1595610799.597972,171.6577141235794,0.0036493897165001954,0
1595610799.607984,173.4599010895218,0.0036493897165001954,0
1595610799.6179838,175.25985645756379,0.0036493897165001954,0
1595610799.62798,177.0591680954422,0.0036493897165001954,0
1595610799.6379745,178.85817932591095,0.0036493897165001954,0
1595610799.6479783,180.658864254805,0.0036493897165001954,0
1595610799.657983,182.459720845076,0.0036493897165001954,0
1595610799.6679673,184.2568867157425,0.0036493897165001954,0
1595610799.677972,186.0577433060135,0.0036493897165001954,0
1595610799.6879709,187.85752701267853,0.0036493897165001954,0
1595610799.6979825,189.65962814793244,0.0036493897165001954,0
1595610799.7079785,191.45889687046662,0.0036493897165001954,0
1595610799.7179692,193.25722145542755,0.0036493897165001954,0
1595610799.7279773,195.0586788605179,0.0036493897165001954,0
1595610799.737974,196.85807632908478,0.0036493897165001954,0
1595610799.747972,198.6577312897171,0.0036493897165001954,0
1595610799.7579675,200.4569141815628,0.0036493897165001954,0
1595610799.7679672,202.2568695496048,0.0036493897165001954,0
1595610799.7779741,204.05811237797394,0.0036493897165001954,0
1595610799.7879817,205.8594839523758,0.0036493897165001954,0
1595610799.797971,207.6575510452713,0.0036493897165001954,0
1595610799.8079681,209.45703434452668,0.0036493897165001954,0
1595610799.8179667,211.25677513584748,0.0036493897165001954,0
1595610799.8279812,213.05939125523224,0.0036493897165001954,0
1595610799.8379672,214.8568575333084,0.0036493897165001954,0
1595610799.847971,216.65754246220246,0.0036493897165001954,0
1595610799.8579688,218.45715450749054,0.0036493897165001954,0
1595610799.8679664,220.2567236374344,0.0036493897165001954,0
1595610799.8779666,222.05676483616486,0.0036493897165001954,0
1595610799.8879673,223.8568918655838,0.0036493897165001954,0
1595610799.897978,225.65882133946076,0.0036493897165001954,0
1595610799.9079754,227.45834755406037,0.0036493897165001954,0
1595610799.9179847,229.2600195358719,0.0036493897165001954,0
1595610799.927982,231.0595457504715,0.0036493897165001954,0
1595610799.9379704,232.85744118199005,0.0036493897165001954,0
1595610799.947974,234.65808319553986,0.0036493897165001954,0
1595610799.9579751,236.45829605564728,0.0036493897165001954,0
1595610799.9679792,238.25902389988556,0.0036493897165001954,0
1595610799.9779763,240.05850719914093,0.0036493897165001954,0
1595610799.9879725,241.85781883701935,0.0036493897165001954,0
1595610799.997974,243.658074612471,0.0036493897165001954,0
1595610800.0079842,245.4599182556595,0.0036493897165001954,0
1595610800.0179727,247.25785660252228,0.0036493897165001954,0
1595610800.02798,249.0591852615799,0.0036493897165001954,0
1595610800.0379782,250.85884022221222,0.0036493897165001954,0
1595610800.0479739,252.65806602940216,0.0036493897165001954,0
1595610800.0579748,254.45823597416535,0.0036493897165001954,0
1595610800.067979,256.25900673374787,0.0036493897165001954,0
1595610800.0779793,258.05904793247834,0.0036493897165001954,0
1595610800.0879703,259.8574154327835,0.0036493897165001954,0
1595610800.0979664,261.65672707066193,0.0036493897165001954,0
1595610800.1079693,263.457240338179,0.0036493897165001954,0
1595610800.1179674,265.25689529881134,0.0036493897165001954,0
1595610800.127976,267.05843853459015,0.0036493897165001954,0
1595610800.1379745,268.85817932591095,0.0036493897165001954,0
1595610800.1479683,270.657061810347,0.0036493897165001954,0
1595610800.1579766,272.45856213078156,0.0036493897165001954,0
1595610800.1679804,274.2592470596756,0.0036493897165001954,0
1595610800.1779847,276.0600178192581,0.0036493897165001954,0
1595610800.187983,277.8597156952347,0.0036493897165001954,0
1595610800.1979828,279.6596710632767,0.0036493897165001954,0
1595610800.2079713,281.45760941013947,0.0036493897165001954,0
1595610800.217971,283.25756477818146,0.0036493897165001954,0
1595610800.227968,285.0570051620926,0.0036493897165001954,0
1595610800.2379696,286.8573038528885,0.0036493897165001954,0
1595610800.2479715,288.65764545902863,0.0036493897165001954,0
1595610800.257967,290.45682835087433,0.0036493897165001954,0
1595610800.2679687,292.25712704167023,0.0036493897165001954,0
1595610800.2779794,294.0590565155472,0.0036493897165001954,0
1595610800.2879786,295.8589260529007,0.0036493897165001954,0
1595610800.2979696,297.6572935532059,0.0036493897165001954,0
1595610800.3079686,299.45712017521515,0.0036493897165001954,0
1595610800.3179724,301.2578051041092,0.0036493897165001954,0
1595610800.3279676,303.05694508061066,0.0036493897165001954,0
1595610800.3379796,304.8590891312088,0.0036493897165001954,0
1595610800.3479767,306.6585724304642,0.0036493897165001954,0
1595610800.3579695,308.45728325352326,0.0036493897165001954,0
1595610800.3679724,310.25779652104035,0.0036493897165001954,0
1595610800.3779778,312.05878185734406,0.0036493897165001954,0
1595610800.3879726,313.85783600315705,0.0036493897165001954,0
1595610800.397982,315.65950798496857,0.0036493897165001954,0
1595610800.4079728,317.45787548527375,0.0036493897165001954,0
1595610800.4179742,319.2581312607254,0.0036493897165001954,0
1595610800.4279764,321.0585157822098,0.0036493897165001954,0
1595610800.4379697,322.85731243595734,0.0036493897165001954,0
1595610800.4479835,324.6597998093094,0.0036493897165001954,0
1595610800.4579732,326.4579527328934,0.0036493897165001954,0
1595610800.4679782,328.2588522385086,0.0036493897165001954,0
1595610800.4779787,330.0589363525833,0.0036493897165001954,0
1595610800.4879723,331.8577759216751,0.0036493897165001954,0
1595610800.4979672,333.65687298283234,0.0036493897165001954,0
1595610800.5079722,335.4577724884476,0.0036493897165001954,0
1595610800.5179656,337.25656914219513,0.0036493897165001954,0
1595610800.5279768,339.05858444676056,0.0036493897165001954,0
1595610800.5379796,340.85909771427765,0.0036493897165001954,0
1595610800.5479693,342.65725063786164,0.0036493897165001954,0
1595610800.557973,344.45789265141144,0.0036493897165001954,0
1595610800.567972,346.2577192734207,0.0036493897165001954,0
1595610800.5779781,348.05883335575714,0.0036493897165001954,0
1595610800.5879772,349.8586599777664,0.0036493897165001954,0
1595610800.5979826,351.65964531407013,0.0036493897165001954,0
1595610800.6079812,353.45938610539093,0.0036493897165001954,0
1595610800.6179824,355.25959896549836,0.0036493897165001954,0
1595610800.627984,357.05989765629425,0.0036493897165001954,0
1595610800.637977,358.85860847935334,0.0036493897165001954,0
1595610800.6443188,360,0.0036493897165001954,1
1595610800.6443188,0,0,0
1595610800.6543245,1.8010282516479492,0,0
1595610800.6643348,3.602871894836426,0,0
1595610800.674332,5.402355194091797,0,0
1595610800.6843295,7.2019243240356445,0,0
1595610800.6943223,9.000635147094727,0,0
1595610800.7043269,10.801448822021484,0,0
1595610800.7143278,12.601618766784668,0,0
1595610800.7243361,14.403119087219238,0,0
1595610800.734322,16.20058536529541,0,0
1595610800.744337,18.003287315368652,0,0
1595610800.7543364,19.803156852722168,0,0
1595610800.764329,21.60182476043701,0,0
1595610800.77433,23.401994705200195,0,0
1595610800.7843354,25.202980041503906,0,0
1595610800.7943225,27.00066089630127,0,0
1595610800.8043354,28.802976608276367,0,0
1595610800.814325,30.60112953186035,0,0
1595610800.824328,32.40164279937744,0,0
1595610800.8343322,34.20241355895996,0,0
1595610800.8443239,36.00090980529785,0,0
1595610800.854321,37.80039310455322,0,0
1595610800.8643198,39.60017681121826,0,0
1595610800.874337,41.40326499938965,0,0
1595610800.8843305,43.202104568481445,0,0
1595610800.8943233,45.00081539154053,0,0
1595610800.9043353,46.80295944213867,0,0
1595610800.914321,48.600382804870605,0,0
1595610800.924329,50.40184020996094,0,0
1595610800.9343216,52.20050811767578,0,0
1595610800.9443226,54.000678062438965,0,0
1595610800.9543343,55.80277919769287,0,0
1595610800.9643202,57.60024547576904,0,0
1595610800.974323,59.40075874328613,0,0
1595610800.98433,61.20200157165527,0,0
1595610800.9943202,63.000240325927734,0,0
1595610801.0043252,64.80113983154297,0,0
1595610801.014337,66.60328388214111,0,0
1595610801.0243268,68.4014368057251,0,0
1595610801.0343304,70.2020788192749,0,0
1595610801.0443323,72.00242042541504,0,0
1595610801.054329,73.80181789398193,0,0
1595610801.0643272,75.6015157699585,0,0
1595610801.074324,77.40091323852539,0,0
1595610801.084327,79.20146942138672,0,0
1595610801.0943317,81.00232601165771,0,0
1595610801.1043234,82.8008222579956,0,0
1595610801.1143336,84.60266590118408,0,0
1595610801.124323,86.40073299407959,0,0
1595610801.1343226,88.20068836212158,0,0
1595610801.144337,90.00326156616211,0,0
1595610801.1543274,91.80154323577881,0,0
1595610801.164333,93.60257148742676,0,0
1595610801.1743343,95.40278434753418,0,0
1595610801.1843364,97.20316886901855,0,0
1595610801.1943364,99.00316715240479,0,0
1595610801.204331,100.80217838287354,0,0
1595610801.214329,102.60183334350586,0,0
1595610801.22432,104.40020084381104,0,0
1595610801.2343216,106.20049953460693,0,0
1595610801.2443302,108.00204277038574,0,0
1595610801.2543285,109.8017406463623,0,0
1595610801.2643292,111.60186767578125,0,0
1595610801.2734687,113.24698448181152,0,0
1595610801.2734687,113.89774600804547,0.003615341812410855,0
1595610801.2743216,114.0512541943858,0.003615341812410855,0
1595610801.28432,115.8509949857066,0.003615341812410855,0
1595610801.2943199,117.6509503537486,0.003615341812410855,0
1595610801.3043296,119.4527081662486,0.003615341812410855,0
1595610801.3143258,121.25201980412702,0.003615341812410855,0
1595610801.324329,123.05257598698834,0.003615341812410855,0
1595610801.334335,124.85369006932477,0.003615341812410855,0
1595610801.3443282,126.65244380772809,0.003615341812410855,0
1595610801.3543253,128.45192710698348,0.003615341812410855,0
1595610801.3643262,130.25209705174666,0.003615341812410855,0
1595610801.3743188,132.0507649594615,0.003615341812410855,0
1595610801.3843238,133.85166446507674,0.003615341812410855,0
1595610801.394329,135.6526068860362,0.003615341812410855,0
1595610801.404335,137.4536780530284,0.003615341812410855,0
1595610801.4143314,139.25303260625105,0.003615341812410855,0
1595610801.424323,141.05152885258894,0.003615341812410855,0
1595610801.4343276,142.8523425275157,0.003615341812410855,0
1595610801.4443183,144.65066711247664,0.003615341812410855,0
1595610801.4543307,146.45289699376326,0.003615341812410855,0
1595610801.4643307,148.2528952771495,0.003615341812410855,0
1595610801.4743283,150.05246440709334,0.003615341812410855,0
1595610801.4843338,151.85344974339705,0.003615341812410855,0
1595610801.4943304,153.65284721196394,0.003615341812410855,0
1595610801.5043201,155.45100013554793,0.003615341812410855,0
1595610801.5143366,157.2539595776866,0.003615341812410855,0
1595610801.5243182,159.05065337956648,0.003615341812410855,0
1595610801.5343292,160.85262576878768,0.003615341812410855,0
1595610801.5443187,162.65073577702742,0.003615341812410855,0
1595610801.554327,164.452236097462,0.003615341812410855,0
1595610801.5643213,166.2512044125865,0.003615341812410855,0
1595610801.5743194,168.05085937321883,0.003615341812410855,0
1595610801.5843267,169.85218803227644,0.003615341812410855,0
1595610801.5943334,171.65338794530135,0.003615341812410855,0
1595610801.6043284,173.45248500645857,0.003615341812410855,0
1595610801.6143363,175.25389949620467,0.003615341812410855,0
1595610801.6243262,177.0520953351329,0.003615341812410855,0
1595610801.6343358,178.85381023228865,0.003615341812410855,0
1595610801.6443331,180.65333644688823,0.003615341812410855,0
1595610801.6543314,182.4530343228648,0.003615341812410855,0
1595610801.6643193,184.25084392369487,0.003615341812410855,0
1595610801.6743243,186.0517434293101,0.003615341812410855,0
1595610801.684335,187.85367290318706,0.003615341812410855,0
1595610801.694328,189.65242664159038,0.003615341812410855,0
1595610801.7043216,191.45126621068218,0.003615341812410855,0
1595610801.714334,193.2534960919688,0.003615341812410855,0
1595610801.7243366,195.05396644414165,0.003615341812410855,0
1595610801.7343218,196.8513039761851,0.003615341812410855,0
1595610801.7443242,198.65173141301372,0.003615341812410855,0
1595610801.7543204,200.45104305089214,0.003615341812410855,0
1595610801.76432,202.2509555035899,0.003615341812410855,0
1595610801.7743194,204.05086795628765,0.003615341812410855,0
1595610801.7843208,205.8511237317393,0.003615341812410855,0
1595610801.794335,207.6536540204356,0.003615341812410855,0
1595610801.8043344,209.45356647313335,0.003615341812410855,0
1595610801.814328,211.25240604222515,0.003615341812410855,0
1595610801.8243182,213.0506447964976,0.003615341812410855,0
1595610801.8343177,214.85055724919536,0.003615341812410855,0
1595610801.8443353,216.65373126805522,0.003615341812410855,0
1595610801.8543293,218.4526566678355,0.003615341812410855,0
1595610801.8643234,220.25158206761577,0.003615341812410855,0
1595610801.8743227,222.0514516049693,0.003615341812410855,0
1595610801.8843343,223.8535527402232,0.003615341812410855,0
1595610801.894326,225.65204898656108,0.003615341812410855,0
1595610801.9043255,227.45196143925884,0.003615341812410855,0
1595610801.9143355,229.25376216710308,0.003615341812410855,0
1595610801.9243336,231.0534171277354,0.003615341812410855,0
1595610801.9343295,232.85268585026958,0.003615341812410855,0
1595610801.9443197,234.65092460454204,0.003615341812410855,0
1595610801.9543319,236.45311157048442,0.003615341812410855,0
1595610801.9643285,238.25250903905132,0.003615341812410855,0
1595610801.9743195,240.0508765393565,0.003615341812410855,0
1595610801.984328,241.8524197751353,0.003615341812410855,0
1595610801.9943209,243.65113059819438,0.003615341812410855,0
1595610802.0043292,245.45263091862896,0.003615341812410855,0
1595610802.0143242,247.25172797978618,0.003615341812410855,0
1595610802.024331,249.05297080815532,0.003615341812410855,0
1595610802.034318,250.85060874760845,0.003615341812410855,0
1595610802.0443218,252.6512936765025,0.003615341812410855,0
1595610802.054322,254.45133487523296,0.003615341812410855,0
1595610802.0643222,256.2513760739634,0.003615341812410855,0
1595610802.0743175,258.05051605046486,0.003615341812410855,0
1595610802.0843265,259.85214511693215,0.003615341812410855,0
1595610802.0943205,261.6510705167124,0.003615341812410855,0
1595610802.1043186,263.45072547734475,0.003615341812410855,0
1595610802.114318,265.25059501469826,0.003615341812410855,0
1595610802.124327,267.05222408116555,0.003615341812410855,0
1595610802.1343255,268.85196487248635,0.003615341812410855,0
1595610802.1443264,270.65213481724953,0.003615341812410855,0
1595610802.1543312,272.4529914075205,0.003615341812410855,0
1595610802.1643224,274.25140182316994,0.003615341812410855,0
1595610802.1743264,276.0521296674082,0.003615341812410855,0
1595610802.1843348,277.8536299878428,0.003615341812410855,0
1595610802.1943173,279.65049545109963,0.003615341812410855,0
1595610802.204337,281.4540127927134,0.003615341812410855,0
1595610802.214334,283.25349609196877,0.003615341812410855,0
1595610802.2243178,285.0505761319468,0.003615341812410855,0
1595610802.2343342,286.85353557408547,0.003615341812410855,0
1595610802.2443244,288.65177432835793,0.003615341812410855,0
1595610802.2543352,290.4537038022349,0.003615341812410855,0
1595610802.2643247,292.25181381047463,0.003615341812410855,0
1595610802.274325,294.0518550092051,0.003615341812410855,0
1595610802.2843232,295.85155288518166,0.003615341812410855,0
1595610802.2943199,297.65095035374856,0.003615341812410855,0
1595610802.3043327,299.45326606572365,0.003615341812410855,0
1595610802.3143187,301.2507323437998,0.003615341812410855,0
1595610802.3243303,303.05283347905373,0.003615341812410855,0
1595610802.3343189,304.8507718259165,0.003615341812410855,0
1595610802.344334,306.65347377598977,0.003615341812410855,0
1595610802.354325,308.4518841916392,0.003615341812410855,0
1595610802.3643353,310.25372783482766,0.003615341812410855,0
1595610802.3743248,312.0518378430674,0.003615341812410855,0
1595610802.3843257,313.8520077878306,0.003615341812410855,0
1595610802.394333,315.65329353154397,0.003615341812410855,0
1595610802.4043179,317.4505881482432,0.003615341812410855,0
1595610802.4143298,319.25273219884133,0.003615341812410855,0
1595610802.4243228,321.05148593724465,0.003615341812410855,0
1595610802.4343293,322.8526429349253,0.003615341812410855,0
1595610802.4443314,324.6530274564097,0.003615341812410855,0
1595610802.4543257,326.4519957715342,0.003615341812410855,0
1595610802.4643352,328.25371066868996,0.003615341812410855,0
1595610802.47432,330.05096237004494,0.003615341812410855,0
1595610802.484326,331.85203353703713,0.003615341812410855,0
1595610802.4943345,333.65357677281594,0.003615341812410855,0
1595610802.5043187,335.45074264348244,0.003615341812410855,0
1595610802.5143266,337.25215713322854,0.003615341812410855,0
1595610802.5243177,339.05056754887795,0.003615341812410855,0
1595610802.5343199,340.8509520703623,0.003615341812410855,0
1595610802.5443184,342.6506928616831,0.003615341812410855,0
1595610802.5543308,344.45292274296975,0.003615341812410855,0
1595610802.564329,346.25257770360207,0.003615341812410855,0
1595610802.5743248,348.05184642613625,0.003615341812410855,0
1595610802.584328,349.8524026089976,0.003615341812410855,0
1595610802.5943294,351.65265838444924,0.003615341812410855,0
1595610802.6043358,353.4538153821299,0.003615341812410855,0
1595610802.6143298,355.2527407819102,0.003615341812410855,0
1595610802.624333,357.0532969647715,0.003615341812410855,0
1595610802.6343277,358.8523511105845,0.003615341812410855,0
1595610802.64071,360,0.003615341812410855,1
1595610802.64071,0,0,0
1595610802.6507266,1.8029594421386719,0,0
1595610802.660722,3.602142333984375,0,0
1595610802.6707158,5.40102481842041,0,0
1595610802.6807165,7.2011518478393555,0,0
1595610802.6907115,9.000248908996582,0,0
1595610802.7007234,10.802392959594727,0,0
1595610802.7107172,12.601275444030762,0,0
1595610802.720714,14.400715827941895,0,0
1595610802.730717,16.201229095458984,0,0
1595610802.7407246,18.00260066986084,0,0
1595610802.7507293,19.803457260131836,0,0
1595610802.7607286,21.60332679748535,0,0
1595610802.7707217,23.402080535888672,0,0
1595610802.780712,25.200319290161133,0,0
1595610802.7907174,27.001304626464844,0,0
1595610802.80071,28.799972534179688,0,0
1595610802.8107114,30.600228309631348,0,0
1595610802.820721,32.40194320678711,0,0
1595610802.8307247,34.20262813568115,0,0
1595610802.8407116,36.00026607513428,0,0
1595610802.8507187,37.801551818847656,0,0
1595610802.8607142,39.60073471069336,0,0
1595610802.8707142,41.40073299407959,0,0
1595610802.8807182,43.20146083831787,0,0
1595610802.8907273,45.003089904785156,0,0
1595610802.9007144,46.80077075958252,0,0
1595610802.9107254,48.60274314880371,0,0
1595610802.9207191,50.401625633239746,0,0
1595610802.9307175,52.20132350921631,0,0
1595610802.94071,53.99999141693115,0,0
1595610802.9507172,55.80127716064453,0,0
1595610802.960713,57.60050296783447,0,0
1595610802.9707177,59.40135955810547,0,0
1595610802.9807184,61.201486587524414,0,0
1595610802.990719,63.00161361694336,0,0
1595610803.000726,64.8028564453125,0,0
1595610803.0107253,66.60272598266602,0,0
1595610803.0207257,68.40281009674072,0,0
1595610803.0307128,70.20049095153809,0,0
1595610803.040717,72.00121879577637,0,0
1595610803.0507152,73.80091667175293,0,0
1595610803.0607188,75.60155868530273,0,0
1595610803.0707266,77.40297317504883,0,0
1595610803.0807106,79.2000961303711,0,0
1595610803.0907211,81.00198268890381,0,0
1595610803.1007109,82.8001356124878,0,0
1595610803.1107185,84.60150718688965,0,0
1595610803.1207182,86.40146255493164,0,0
1595610803.1307218,88.20210456848145,0,0
1595610803.1407132,90.0005578994751,0,0
1595610803.1507194,91.80167198181152,0,0
1595610803.1607103,93.6000394821167,0,0
1595610803.1707149,95.40085315704346,0,0
1595610803.1807137,97.2006368637085,0,0
1595610803.1907208,99.00192260742188,0,0
1595610803.2007265,100.80295085906982,0,0
1595610803.210718,102.60140419006348,0,0
1595610803.2207153,104.40093040466309,0,0
1595610803.2307198,106.20174407958984,0,0
1595610803.2407184,108.00148487091064,0,0
1595610803.2507215,109.80204105377197,0,0
1595610803.2607126,111.60045146942139,0,0
1595610803.2610726,111.66525363922119,0,0
1595610803.2610726,112.30747085980799,0.0035678734477044838,0
1595610803.2707188,114.04378277234461,0.0035678734477044838,0
1595610803.280728,115.84545475415614,0.0035678734477044838,0
1595610803.2907126,117.64266354016688,0.0035678734477044838,0
1595610803.3007252,119.44493633679774,0.0035678734477044838,0
1595610803.31071,121.24218803815272,0.0035678734477044838,0
1595610803.3207262,123.04510456494715,0.0035678734477044838,0
1595610803.3307185,124.84372955731776,0.0035678734477044838,0
1595610803.3407173,126.6435132639828,0.0035678734477044838,0
1595610803.350718,128.44364029340176,0.0035678734477044838,0
1595610803.3607175,130.2435527460995,0.0035678734477044838,0
1595610803.3707201,132.04402309827236,0.0035678734477044838,0
1595610803.380721,133.84419304303555,0.0035678734477044838,0
1595610803.390718,135.64363342694668,0.0035678734477044838,0
1595610803.4007246,137.44483333997158,0.0035678734477044838,0
1595610803.4107106,139.24229961804775,0.0035678734477044838,0
1595610803.4207122,141.04259830884365,0.0035678734477044838,0
1595610803.4307144,142.84298283032803,0.0035678734477044838,0
1595610803.440723,144.64452606610683,0.0035678734477044838,0
1595610803.4507105,146.44229275159267,0.0035678734477044838,0
1595610803.4607275,148.24533802441982,0.0035678734477044838,0
1595610803.4707143,150.04297596387295,0.0035678734477044838,0
1595610803.480723,151.84451919965176,0.0035678734477044838,0
1595610803.490718,153.64361626080898,0.0035678734477044838,0
1595610803.5007257,155.44503075055508,0.0035678734477044838,0
1595610803.5107214,157.24425655774502,0.0035678734477044838,0
1595610803.5207143,159.0429673808041,0.0035678734477044838,0
1595610803.530712,160.84253651074795,0.0035678734477044838,0
1595610803.5407104,162.64227730206875,0.0035678734477044838,0
1595610803.5507236,164.44463592938808,0.0035678734477044838,0
1595610803.5607133,166.24278885297207,0.0035678734477044838,0
1595610803.5707123,168.04261547498135,0.0035678734477044838,0
1595610803.580724,169.84471661023525,0.0035678734477044838,0
1595610803.5907254,171.6449723856869,0.0035678734477044838,0
1595610803.600725,173.44488483838467,0.0035678734477044838,0
1595610803.610726,175.2450976984921,0.0035678734477044838,0
1595610803.6207135,177.0428214686337,0.0035678734477044838,0
1595610803.6307251,178.8449226038876,0.0035678734477044838,0
1595610803.6407108,180.64234596661953,0.0035678734477044838,0
1595610803.6507182,182.44367462567715,0.0035678734477044838,0
1595610803.6607149,184.24307209424404,0.0035678734477044838,0
1595610803.6707244,186.0447869913998,0.0035678734477044838,0
1595610803.680712,187.84255367688564,0.0035678734477044838,0
1595610803.6907218,189.64431148938564,0.0035678734477044838,0
1595610803.7007241,191.44473892621426,0.0035678734477044838,0
1595610803.7107224,193.24443680219082,0.0035678734477044838,0
1595610803.720726,195.04507881574062,0.0035678734477044838,0
1595610803.730715,196.8431029932919,0.0035678734477044838,0
1595610803.740719,198.64383083753017,0.0035678734477044838,0
1595610803.750725,200.44490200452236,0.0035678734477044838,0
1595610803.760725,202.2449002879086,0.0035678734477044838,0
1595610803.770718,204.0436540263119,0.0035678734477044838,0
1595610803.780723,205.84455353192715,0.0035678734477044838,0
1595610803.7907279,207.64541012219814,0.0035678734477044838,0
1595610803.800717,209.44347721509365,0.0035678734477044838,0
1595610803.810728,211.24544960431484,0.0035678734477044838,0
1595610803.8207183,213.0436883585873,0.0035678734477044838,0
1595610803.8307137,214.842871250433,0.0035678734477044838,0
1595610803.8407202,216.64402824811367,0.0035678734477044838,0
1595610803.850727,218.4452710764828,0.0035678734477044838,0
1595610803.8607235,220.24462562970547,0.0035678734477044838,0
1595610803.870716,222.0432935374203,0.0035678734477044838,0
1595610803.8807147,223.8430343287411,0.0035678734477044838,0
1595610803.890709,225.64200264386562,0.0035678734477044838,0
1595610803.9007163,227.44333130292324,0.0035678734477044838,0
1595610803.9107149,229.24307209424404,0.0035678734477044838,0
1595610803.9207177,231.04358536176113,0.0035678734477044838,0
1595610803.9307158,232.84324032239346,0.0035678734477044838,0
1595610803.940713,234.64272362164883,0.0035678734477044838,0
1595610803.9507272,236.44529682568935,0.0035678734477044838,0
1595610803.9607265,238.24516636304287,0.0035678734477044838,0
1595610803.9707234,240.044606746954,0.0035678734477044838,0
1595610803.9807088,241.8419871943417,0.0035678734477044838,0
1595610803.9907176,243.64357334546474,0.0035678734477044838,0
1595610804.0007143,245.44297081403164,0.0035678734477044838,0
1595610804.0107183,247.24369865826992,0.0035678734477044838,0
1595610804.0207148,249.04305321149258,0.0035678734477044838,0
1595610804.030724,250.8447251933041,0.0035678734477044838,0
1595610804.0407124,252.64262062482265,0.0035678734477044838,0
1595610804.0507092,254.4420610087338,0.0035678734477044838,0
1595610804.0607188,256.24377590588955,0.0035678734477044838,0
1595610804.070715,258.04308754376797,0.0035678734477044838,0
1595610804.0807116,259.84248501233486,0.0035678734477044838,0
1595610804.0907106,261.64231163434414,0.0035678734477044838,0
1595610804.100713,263.44273907117275,0.0035678734477044838,0
1595610804.1107216,265.24428230695156,0.0035678734477044838,0
1595610804.1207106,267.04230648450283,0.0035678734477044838,0
1595610804.130719,268.8438068049374,0.0035678734477044838,0
1595610804.140717,270.6434617655697,0.0035678734477044838,0
1595610804.1507225,272.44444710187344,0.0035678734477044838,0
1595610804.1607137,274.24285751752285,0.0035678734477044838,0
1595610804.1707244,276.0447869913998,0.0035678734477044838,0
1595610804.180723,277.8445277827206,0.0035678734477044838,0
1595610804.1907241,279.644740642828,0.0035678734477044838,0
1595610804.2007198,281.44396645001797,0.0035678734477044838,0
1595610804.2107267,283.2452092783871,0.0035678734477044838,0
1595610804.2207108,285.0423322337094,0.0035678734477044838,0
1595610804.2307153,286.84314590863613,0.0035678734477044838,0
1595610804.2407105,288.6422858851376,0.0035678734477044838,0
1595610804.2507105,290.4422841685238,0.0035678734477044838,0
1595610804.260712,292.2425399439755,0.0035678734477044838,0
1595610804.2707129,294.04270988873867,0.0035678734477044838,0
1595610804.2807093,295.8420644419613,0.0035678734477044838,0
1595610804.2907212,297.64420849255947,0.0035678734477044838,0
1595610804.3007276,299.44536549024014,0.0035678734477044838,0
1595610804.310713,301.24274593762783,0.0035678734477044838,0
1595610804.3207135,303.04283005170254,0.0035678734477044838,0
1595610804.3307157,304.8432145731869,0.0035678734477044838,0
1595610804.3407135,306.642826618475,0.0035678734477044838,0
1595610804.3507266,308.44518524579433,0.0035678734477044838,0
1595610804.3607254,310.2449689524594,0.0035678734477044838,0
1595610804.3707268,312.04522472791103,0.0035678734477044838,0
1595610804.3807263,313.8451371806088,0.0035678734477044838,0
1595610804.3907168,315.6434188502255,0.0035678734477044838,0
1595610804.4007275,317.44534832410244,0.0035678734477044838,0
1595610804.4107256,319.24500328473476,0.0035678734477044838,0
1595610804.4207087,321.0419545786801,0.0035678734477044838,0
1595610804.4307206,322.8440986292782,0.0035678734477044838,0
1595610804.440714,324.6428952830258,0.0035678734477044838,0
1595610804.4507222,326.44439560346035,0.0035678734477044838,0
1595610804.4607112,328.2424197810116,0.0035678734477044838,0
1595610804.4707139,330.04289013318447,0.0035678734477044838,0
1595610804.4807134,331.8428025858822,0.0035678734477044838,0
1595610804.4907267,333.6452041285458,0.0035678734477044838,0
1595610804.5007262,335.44511658124355,0.0035678734477044838,0
1595610804.5107093,337.24206787518887,0.0035678734477044838,0
1595610804.5207272,339.04528480939297,0.0035678734477044838,0
1595610804.530709,340.8420215266171,0.0035678734477044838,0
1595610804.5407202,342.6440368311825,0.0035678734477044838,0
1595610804.5507216,344.4442926066342,0.0035678734477044838,0
1595610804.5607169,346.24343258313564,0.0035678734477044838,0
1595610804.5707183,348.0436883585873,0.0035678734477044838,0
1595610804.5807226,349.8444591181698,0.0035678734477044838,0
1595610804.5907166,351.6433845179501,0.0035678734477044838,0
1595610804.60072,353.44398361615566,0.0035678734477044838,0
1595610804.6107168,355.2434240000668,0.0035678734477044838,0
1595610804.620723,357.0445380824032,0.0035678734477044838,0
1595610804.6307256,358.8450084345761,0.0035678734477044838,0
1595610804.6371548,360,0.0035678734477044838,1
1595610804.6371548,0,0,0
1595610804.6471615,1.8011999130249023,0,0
1595610804.6571574,3.600468635559082,0,0
1595610804.667173,5.403256416320801,0,0
1595610804.6771655,7.2019243240356445,0,0
1595610804.687164,9.001665115356445,0,0
1595610804.697159,10.800762176513672,0,0
1595610804.7071695,12.602648735046387,0,0
1595610804.717163,14.401488304138184,0,0
1595610804.7271566,16.20032787322998,0,0
1595610804.7371707,18.00285816192627,0,0
1595610804.7471652,19.80186939239502,0,0
1595610804.7571611,21.6011381149292,0,0
1595610804.7671583,23.40062141418457,0,0
1595610804.7771573,25.200448036193848,0,0
1595610804.7871737,27.00340747833252,0,0
1595610804.7971742,28.803491592407227,0,0
1595610804.8071728,30.603232383728027,0,0
1595610804.8171594,32.400827407836914,0,0
1595610804.8271725,34.20318603515625,0,0
1595610804.837162,36.001296043395996,0,0
1595610804.8471568,37.800350189208984,0,0
1595610804.8571632,39.60150718688965,0,0
1595610804.8671632,41.40150547027588,0,0
1595610804.877169,43.20253372192383,0,0
1595610804.8871639,45.001630783081055,0,0
1595610804.897172,46.80308818817139,0,0
1595610804.9071553,48.60008239746094,0,0
1595610804.9171643,50.40171146392822,0,0
1595610804.9271588,52.20072269439697,0,0
1595610804.9371665,54.00209426879883,0,0
1595610804.947159,55.80076217651367,0,0
1595610804.9571645,57.60174751281738,0,0
1595610804.9671705,59.40281867980957,0,0
1595610804.9771633,61.20152950286865,0,0
1595610804.987156,63.000197410583496,0,0
1595610804.997167,64.80221271514893,0,0
1595610805.007165,66.60182476043701,0,0
1595610805.0171635,68.40156555175781,0,0
1595610805.0271673,70.20225048065186,0,0
1595610805.0371695,72.00263500213623,0,0
1595610805.0471694,73.80263328552246,0,0
1595610805.0571644,75.60173034667969,0,0
1595610805.0671575,77.40048408508301,0,0
1595610805.0771718,79.20305728912354,0,0
1595610805.0871606,81.00103855133057,0,0
1595610805.0971658,82.80198097229004,0,0
1595610805.107162,84.60129261016846,0,0
1595610805.1171653,86.40189170837402,0,0
1595610805.1271682,88.20240497589111,0,0
1595610805.137158,90.0005578994751,0,0
1595610805.1471732,91.80330276489258,0,0
1595610805.1571565,93.60029697418213,0,0
1595610805.1671617,95.4012393951416,0,0
1595610805.1771677,97.20231056213379,0,0
1595610805.187171,99.00290966033936,0,0
1595610805.1971586,100.8006763458252,0,0
1595610805.2071671,102.602219581604,0,0
1595610805.2171621,104.40131664276123,0,0
1595610805.2271686,106.2024736404419,0,0
1595610805.2371733,108.00333023071289,0,0
1595610805.2471678,109.80234146118164,0,0
1595610805.2499192,110.2975845336914,0,0
1595610805.2499192,110.93250451390368,0.0035273332234014854,0
1595610805.2571712,112.23786053959948,0.0035273332234014854,0
1595610805.2671678,114.03725800816638,0.0035273332234014854,0
1595610805.2771628,115.8363550693236,0.0035273332234014854,0
1595610805.287173,117.63819871251208,0.0035273332234014854,0
1595610805.297168,119.4372957736693,0.0035273332234014854,0
1595610805.3071601,121.23587785069567,0.0035273332234014854,0
1595610805.317167,123.03712067906481,0.0035273332234014854,0
1595610805.3271654,124.83681855504138,0.0035273332234014854,0
1595610805.3371582,126.63552937810046,0.0035273332234014854,0
1595610805.347166,128.43694386784654,0.0035273332234014854,0
1595610805.3571632,130.2364271671019,0.0035273332234014854,0
1595610805.367172,132.03801331822496,0.0035273332234014854,0
1595610805.3771727,133.8381403476439,0.0035273332234014854,0
1595610805.387159,135.63569245640855,0.0035273332234014854,0
1595610805.3971705,137.43775067631822,0.0035273332234014854,0
1595610805.407169,139.23749146763902,0.0035273332234014854,0
1595610805.4171605,141.03594479863267,0.0035273332234014854,0
1595610805.4271677,142.83723054234605,0.0035273332234014854,0
1595610805.4371653,144.6367996722899,0.0035273332234014854,0
1595610805.447162,146.4361971408568,0.0035273332234014854,0
1595610805.457161,148.23602376286607,0.0035273332234014854,0
1595610805.4671624,150.03627953831773,0.0035273332234014854,0
1595610805.4771676,151.8372219592772,0.0035273332234014854,0
1595610805.4871643,153.6366194278441,0.0035273332234014854,0
1595610805.497166,155.43691811864,0.0035273332234014854,0
1595610805.5071719,157.23798928563218,0.0035273332234014854,0
1595610805.5171707,159.03777299229722,0.0035273332234014854,0
1595610805.5271673,160.83717046086412,0.0035273332234014854,0
1595610805.5371597,162.63579545323472,0.0035273332234014854,0
1595610805.5471568,164.4352787524901,0.0035273332234014854,0
1595610805.557156,166.2351482898436,0.0035273332234014854,0
1595610805.5671563,168.03518948857408,0.0035273332234014854,0
1595610805.5771618,169.8361748248778,0.0035273332234014854,0
1595610805.5871582,171.63552937810044,0.0035273332234014854,0
1595610805.5971587,173.43561349217515,0.0035273332234014854,0
1595610805.6071649,175.23672757451158,0.0035273332234014854,0
1595610805.6171546,177.03488049809556,0.0035273332234014854,0
1595610805.627164,178.83655247990708,0.0035273332234014854,0
1595610805.6371596,180.63577828709703,0.0035273332234014854,0
1595610805.647156,182.43513284031968,0.0035273332234014854,0
1595610805.657173,184.23817811314683,0.0035273332234014854,0
1595610805.667173,186.03817639653306,0.0035273332234014854,0
1595610805.6771615,187.83611474339585,0.0035273332234014854,0
1595610805.6871688,189.63744340245347,0.0035273332234014854,0
1595610805.697159,191.43568215672593,0.0035273332234014854,0
1595610805.7071702,193.23769746129136,0.0035273332234014854,0
1595610805.7171726,195.03812489811997,0.0035273332234014854,0
1595610805.7271726,196.8381231815062,0.0035273332234014854,0
1595610805.7371557,198.63507447545152,0.0035273332234014854,0
1595610805.7471712,200.43786225621324,0.0035273332234014854,0
1595610805.7571633,202.2364443332396,0.0035273332234014854,0
1595610805.767166,204.03691468541246,0.0035273332234014854,0
1595610805.7771604,205.8359259158812,0.0035273332234014854,0
1595610805.7871726,207.6381128818236,0.0035273332234014854,0
1595610805.7971563,209.43519292180162,0.0035273332234014854,0
1595610805.8071647,211.23669324223619,0.0035273332234014854,0
1595610805.8171628,213.0363482028685,0.0035273332234014854,0
1595610805.8271663,214.83699021641831,0.0035273332234014854,0
1595610805.8371649,216.63673100773912,0.0035273332234014854,0
1595610805.8471665,218.437029698535,0.0035273332234014854,0
1595610805.8571613,220.236083844348,0.0035273332234014854,0
1595610805.8671718,222.03797040288072,0.0035273332234014854,0
1595610805.8771622,223.83625207249742,0.0035273332234014854,0
1595610805.8871615,225.63612160985093,0.0035273332234014854,0
1595610805.8971596,227.43577657048326,0.0035273332234014854,0
1595610805.9071584,229.2355602771483,0.0035273332234014854,0
1595610805.917163,231.03637395207505,0.0035273332234014854,0
1595610805.9271598,232.83581433598619,0.0035273332234014854,0
1595610805.9371696,234.63757214848619,0.0035273332234014854,0
1595610805.9471602,236.43589673344712,0.0035273332234014854,0
1595610805.9571664,238.23701081578355,0.0035273332234014854,0
1595610805.9671657,240.03688035313706,0.0035273332234014854,0
1595610805.9771593,241.83571992222886,0.0035273332234014854,0
1595610805.987158,243.6355036288939,0.0035273332234014854,0
1595610805.9971707,245.43777642552476,0.0035273332234014854,0
1595610806.0071666,247.23704514805894,0.0035273332234014854,0
1595610806.0171535,249.03468308751206,0.0035273332234014854,0
1595610806.0271647,250.8366983920775,0.0035273332234014854,0
1595610806.0371573,252.63536629979234,0.0035273332234014854,0
1595610806.0471702,254.43768201176744,0.0035273332234014854,0
1595610806.05717,256.2376373798094,0.0035273332234014854,0
1595610806.0671568,258.03527531926255,0.0035273332234014854,0
1595610806.077158,259.83548817937,0.0035273332234014854,0
1595610806.0871599,261.6358297855101,0.0035273332234014854,0
1595610806.0971615,263.436128476306,0.0035273332234014854,0
1595610806.1071706,265.2377575427733,0.0035273332234014854,0
1595610806.117173,267.0381849796019,0.0035273332234014854,0
1595610806.1271665,268.8370245486937,0.0035273332234014854,0
1595610806.137154,270.63479123417954,0.0035273332234014854,0
1595610806.147157,272.43530450169663,0.0035273332234014854,0
1595610806.1571705,274.23774895970445,0.0035273332234014854,0
1595610806.167163,276.03637395207505,0.0035273332234014854,0
1595610806.177161,277.8360289127074,0.0035273332234014854,0
1595610806.1871593,279.63572678868394,0.0035273332234014854,0
1595610806.1971595,281.4357679874144,0.0035273332234014854,0
1595610806.2071586,283.2355946094237,0.0035273332234014854,0
1595610806.2171671,285.0371378452025,0.0035273332234014854,0
1595610806.2271557,286.8350761920653,0.0035273332234014854,0
1595610806.237168,288.6373060733519,0.0035273332234014854,0
1595610806.247164,290.4365747958861,0.0035273332234014854,0
1595610806.2571595,292.2357576877318,0.0035273332234014854,0
1595610806.2671602,294.03588471715074,0.0035273332234014854,0
1595610806.2771719,295.83798585240464,0.0035273332234014854,0
1595610806.2871618,297.63618169133287,0.0035273332234014854,0
1595610806.2971685,299.43738160435777,0.0035273332234014854,0
1595610806.3071716,301.2379377872191,0.0035273332234014854,0
1595610806.317155,303.03493199650865,0.0035273332234014854,0
1595610806.3271549,304.8349302798949,0.0035273332234014854,0
1595610806.3371613,306.63608727757554,0.0035273332234014854,0
1595610806.3471584,308.4355705768309,0.0035273332234014854,0
1595610806.3571656,310.2368563205443,0.0035273332234014854,0
1595610806.3671556,312.0350521594725,0.0035273332234014854,0
1595610806.3771722,313.8380545169554,0.0035273332234014854,0
1595610806.3871717,315.6379669696532,0.0035273332234014854,0
1595610806.3971694,317.437536099597,0.0035273332234014854,0
1595610806.4071705,319.23774895970445,0.0035273332234014854,0
1595610806.417165,321.0367601901732,0.0035273332234014854,0
1595610806.4271674,322.8371876270018,0.0035273332234014854,0
1595610806.4371567,324.6352547198973,0.0035273332234014854,0
1595610806.447162,326.4361971408568,0.0035273332234014854,0
1595610806.457164,328.23658166234117,0.0035273332234014854,0
1595610806.4671562,330.03516373936753,0.0035273332234014854,0
1595610806.4771557,331.8350761920653,0.0035273332234014854,0
1595610806.4871607,333.6359756976805,0.0035273332234014854,0
1595610806.4971683,335.4373472720824,0.0035273332234014854,0
1595610806.5071616,337.23614392582994,0.0035273332234014854,0
1595610806.5171568,339.0352839023314,0.0035273332234014854,0
1595610806.5271611,340.8360546619139,0.0035273332234014854,0
1595610806.5371673,342.63716874425035,0.0035273332234014854,0
1595610806.547164,344.43656621281724,0.0035273332234014854,0
1595610806.5571678,346.2372511417113,0.0035273332234014854,0
1595610806.5671694,348.0375498325072,0.0035273332234014854,0
1595610806.577153,349.83458695714097,0.0035273332234014854,0
1595610806.587163,351.6363876849852,0.0035273332234014854,0
1595610806.5971673,353.43715844456773,0.0035273332234014854,0
1595610806.6071632,355.2364271671019,0.0035273332234014854,0
1595610806.617157,357.03530965153794,0.0035273332234014854,0
1595610806.6271622,358.8362520724974,0.0035273332234014854,0
1595610806.6336317,360,0.0035273332234014854,1
1595610806.6336317,0,0,0
1595610806.64365,1.8033027648925781,0,0
