Timestamp,Phase,Heading,Ping?
1595996122.7583792,130.0,130.0,0
1595996122.768424,131.80652141571045,130.0,0
1595996122.7783942,133.6011552810669,130.0,0
1595996122.7884066,135.40338516235352,130.0,0
1595996122.7984147,137.20484256744385,130.0,0
1595996122.808409,139.00381088256836,130.0,0
1595996122.8184009,140.8023500442505,130.0,0
1595996122.8284063,142.6033353805542,130.0,0
1595996122.8384137,144.40466403961182,130.0,0
1595996122.8484042,146.20294570922852,130.0,0
1595996122.8584042,148.00294399261475,130.0,0
1595996122.868432,149.80796337127686,130.0,0
1595996122.8783906,151.60049438476562,130.0,0
1595996122.8883996,153.4021234512329,130.0,0
1595996122.898394,155.20113468170166,130.0,0
1595996122.9083912,157.00061798095703,130.0,0
1595996122.9184034,158.8028049468994,130.0,0
1595996122.9283965,160.60155868530273,130.0,0
1595996122.9383907,162.40052700042725,130.0,0
1595996122.9483948,164.20125484466553,130.0,0
1595996122.958394,166.00112438201904,130.0,0
1595996122.9683964,167.80155181884766,130.0,0
1595996122.978392,169.60073471069336,130.0,0
1595996122.9884014,171.40244960784912,130.0,0
1595996122.998406,173.20326328277588,130.0,0
1595996123.0083964,175.00154495239258,130.0,0
1595996123.0183966,176.80158615112305,130.0,0
1595996123.0283914,178.60064029693604,130.0,0
1595996123.0383892,180.40025234222412,130.0,0
1595996123.0484064,182.2033405303955,130.0,0
1595996123.0584044,184.00299549102783,130.0,0
1595996123.0683959,185.80144882202148,130.0,0
1595996123.0783997,187.60213375091553,130.0,0
1595996123.0884092,189.4038486480713,130.0,0
1595996123.0984018,191.20251655578613,130.0,0
1595996123.108403,193.00272941589355,130.0,0
1595996123.1183975,194.8017406463623,130.0,0
1595996123.1284008,196.60233974456787,130.0,0
1595996123.1383898,198.40036392211914,130.0,0
1595996123.1484082,200.20366668701172,130.0,0
1595996123.1583917,202.0007038116455,130.0,0
1595996123.168392,203.80074501037598,130.0,0
1595996123.1784086,205.6037473678589,130.0,0
1595996123.1883965,207.40155696868896,130.0,0
1595996123.1983922,209.2007827758789,130.0,0
1595996123.2083888,211.0001802444458,130.0,0
1595996123.2183967,212.8015947341919,130.0,0
1595996123.228404,214.6029233932495,130.0,0
1595996123.2383935,216.40103340148926,130.0,0
1595996123.248393,218.200945854187,130.0,0
1595996123.2584057,220.00321865081787,130.0,0
1595996123.2684011,221.80240154266357,130.0,0
1595996123.2784061,223.6033010482788,130.0,0
1595996123.2884076,225.40355682373047,130.0,0
1595996123.2983885,227.20012187957764,130.0,0
1595996123.308404,229.00290966033936,130.0,0
1595996123.3183928,230.8008909225464,130.0,0
1595996123.3283901,232.600417137146,130.0,0
1595996123.3384087,234.4037628173828,130.0,0
1595996123.3484056,236.20320320129395,130.0,0
1595996123.3584058,238.0032444000244,130.0,0
1595996123.3684044,239.80298519134521,130.0,0
1595996123.3784058,241.60324096679688,130.0,0
1595996123.3883965,243.4015655517578,130.0,0
1595996123.3984065,245.20336627960205,130.0,0
1595996123.4084003,247.0022487640381,130.0,0
1595996123.4183896,248.8003158569336,130.0,0
1595996123.4284008,250.60233116149902,130.0,0
1595996123.438401,252.4023723602295,130.0,0
1595996123.4483914,254.2006540298462,130.0,0
1595996123.45839,256.000394821167,130.0,0
1595996123.4684017,257.8024959564209,130.0,0
1595996123.4784029,259.6027088165283,130.0,0
1595996123.4883995,261.4021062850952,130.0,0
1595996123.498397,263.20167541503906,130.0,0
1595996123.508393,265.00094413757324,130.0,0
1595996123.518389,266.8002128601074,130.0,0
1595996123.5284019,268.6025285720825,130.0,0
1595996123.5383923,270.4008102416992,130.0,0
1595996123.5483942,272.20115184783936,130.0,0
1595996123.5583906,274.000506401062,130.0,0
1595996123.5683885,275.8001184463501,130.0,0
1595996123.5784056,277.6032066345215,130.0,0
1595996123.5883915,279.40067291259766,130.0,0
1595996123.5983973,281.2017011642456,130.0,0
1595996123.6084068,283.00341606140137,130.0,0
1595996123.6183898,284.8003673553467,130.0,0
1595996123.628387,286.59985065460205,130.0,0
1595996123.6383965,288.4015655517578,130.0,0
1595996123.648387,290.1998472213745,130.0,0
1595996123.6584015,292.0024633407593,130.0,0
1595996123.668391,293.800573348999,130.0,0
1595996123.6783907,295.600528717041,130.0,0
1595996123.688405,297.40310192108154,130.0,0
1595996123.6983902,299.200439453125,130.0,0
1595996123.7083926,301.0008668899536,130.0,0
1595996123.718391,302.8005647659302,130.0,0
1595996123.7283993,304.60206508636475,130.0,0
1595996123.7384036,306.40283584594727,130.0,0
1595996123.7484071,308.20347785949707,130.0,0
1595996123.7584062,310.00330448150635,130.0,0
1595996123.7683873,311.79991245269775,130.0,0
1595996123.7784035,313.6028289794922,130.0,0
1595996123.7884037,315.40287017822266,130.0,0
1595996123.7983983,317.2018814086914,130.0,0
1595996123.8083966,319.00157928466797,130.0,0
1595996123.8183885,320.8001184463501,130.0,0
1595996123.8283918,322.60071754455566,130.0,0
1595996123.8383894,324.4002866744995,130.0,0
1595996123.8484008,326.2023448944092,130.0,0
1595996123.858397,328.0016565322876,130.0,0
1595996123.8683958,329.80144023895264,130.0,0
1595996123.8783867,331.5998077392578,130.0,0
1595996123.8883922,333.4007930755615,130.0,0
1595996123.8984058,335.20323753356934,130.0,0
1595996123.9083931,337.00096130371094,130.0,0
1595996123.9184017,338.80250453948975,130.0,0
1595996123.9284031,340.6027603149414,130.0,0
1595996123.9384031,342.40275859832764,130.0,0
1595996123.9484057,344.2032289505005,130.0,0
1595996123.9583962,346.0015106201172,130.0,0
1595996123.9683902,347.80043601989746,130.0,0
1595996123.9783926,349.6008634567261,130.0,0
1595996123.9884005,351.40227794647217,130.0,0
1595996123.9983888,353.2001733779907,130.0,0
1595996124.0083904,355.0004720687866,130.0,0
1595996124.0183997,356.80214405059814,130.0,0
1595996124.0283952,358.60132694244385,130.0,0
1595996124.0361729,360,130.0,1
1595996124.038406,360.4032564163208,130.0,0
1595996124.0483997,362.20213890075684,130.0,0
1595996124.0583892,364.0002489089966,130.0,0
1595996124.0683885,365.8001184463501,130.0,0
1595996124.0783925,367.6008462905884,130.0,0
1595996124.0884058,369.40324783325195,130.0,0
1595996124.0983984,371.2019157409668,130.0,0
1595996124.108397,373.0016565322876,130.0,0
1595996124.1183918,374.8007106781006,130.0,0
1595996124.128389,376.60019397735596,130.0,0
1595996124.1383967,378.40160846710205,130.0,0
1595996124.1483963,380.2015209197998,130.0,0
1595996124.1584,382.00220584869385,130.0,0
1595996124.1683946,383.8012170791626,130.0,0
1595996124.1783998,385.60215950012207,130.0,0
1595996124.1883967,387.4015998840332,130.0,0
1595996124.1983926,389.2008686065674,130.0,0
1595996124.208408,391.0036563873291,130.0,0
1595996124.2183912,392.8006076812744,130.0,0
1595996124.2283883,394.6000909805298,130.0,0
1595996124.2383955,396.40137672424316,130.0,0
1595996124.2483966,398.2015895843506,130.0,0
1595996124.2583907,400.00051498413086,130.0,0
1595996124.268401,401.80235862731934,130.0,0
1595996124.2783942,403.6011552810669,130.0,0
1595996124.2884066,405.4033851623535,130.0,0
1595996124.2983983,407.2018814086914,130.0,0
1595996124.30839,409.0003776550293,130.0,0
1595996124.3183923,410.8008050918579,130.0,0
1595996124.3284009,412.6023483276367,130.0,0
1595996124.338408,414.4036340713501,130.0,0
1595996124.348398,416.2018299102783,130.0,0
1595996124.3584018,418.00251483917236,130.0,0
1595996124.3684,419.8022127151489,130.0,0
1595996124.3783941,421.6011381149292,130.0,0
1595996124.3883932,423.4009647369385,130.0,0
1595996124.3984058,425.20323753356934,130.0,0
1595996124.4083934,427.0010042190552,130.0,0
1595996124.418388,428.8000154495239,130.0,0
1595996124.4283988,430.6019878387451,130.0,0
1595996124.4384034,432.4028015136719,130.0,0
1595996124.4483917,434.20069694519043,130.0,0
1595996124.4583993,436.0020685195923,130.0,0
1595996124.468388,437.8000497817993,130.0,0
1595996124.4784007,439.6023225784302,130.0,0
1595996124.4884007,441.4023208618164,130.0,0
1595996124.498395,443.2012891769409,130.0,0
1595996124.5083938,445.00107288360596,130.0,0
1595996124.5183911,446.80059909820557,130.0,0
1595996124.5284064,448.60334396362305,130.0,0
1595996124.5383945,450.40119647979736,130.0,0
1595996124.5483863,452.1997356414795,130.0,0
1595996124.5583982,454.00187969207764,130.0,0
1595996124.568386,455.7996892929077,130.0,0
1595996124.5784028,457.6026916503906,130.0,0
1595996124.5883923,459.40080165863037,130.0,0
1595996124.5983942,461.2011432647705,130.0,0
1595996124.6083956,463.00139904022217,130.0,0
1595996124.6183984,464.80191230773926,130.0,0
1595996124.6283941,466.6011381149292,130.0,0
1595996124.6383939,468.4010934829712,130.0,0
1595996124.6483982,470.2018642425537,130.0,0
1595996124.658393,472.0009183883667,130.0,0
1595996124.6683898,473.80035877227783,130.0,0
1595996124.678406,475.60327529907227,130.0,0
1595996124.6884048,477.4030590057373,130.0,0
1595996124.6984026,479.2026710510254,130.0,0
1595996124.7083974,481.0017251968384,130.0,0
1595996124.718399,482.8020238876343,130.0,0
1595996124.728406,484.6032667160034,130.0,0
1595996124.738406,486.40326499938965,130.0,0
1595996124.7484035,488.2028341293335,130.0,0
1595996124.7583961,490.00150203704834,130.0,0
1595996124.7583961,0,130.0,0
1595996124.7684116,131.80278778076172,130.0,0
1595996124.7784047,133.60154151916504,130.0,0
1595996124.7883978,135.40029525756836,130.0,0
1595996124.7983963,137.20003604888916,130.0,0
1595996124.808412,139.00286674499512,130.0,0
1595996124.818405,140.8015775680542,130.0,0
1595996124.8284109,142.6026487350464,130.0,0
1595996124.8384135,144.40311908721924,130.0,0
1595996124.8484113,146.20273113250732,130.0,0
1595996124.858404,148.00139904022217,130.0,0
1595996124.8684044,149.80148315429688,130.0,0
1595996124.8784063,151.601824760437,130.0,0
1595996124.8884096,153.40242385864258,130.0,0
1595996124.8984053,155.20164966583252,130.0,0
1595996124.908408,157.00212001800537,130.0,0
1595996124.9184132,158.80306243896484,130.0,0
1595996124.9284093,160.60237407684326,130.0,0
1595996124.9384055,162.40168571472168,130.0,0
1595996124.9483967,164.2000961303711,130.0,0
1595996124.9584162,166.00361347198486,130.0,0
1595996124.9684112,167.8027105331421,130.0,0
1595996124.9784145,169.60330963134766,130.0,0
1595996124.9883993,171.40056133270264,130.0,0
1595996124.9983985,173.20043087005615,130.0,0
1595996125.008397,175.00017166137695,130.0,0
1595996125.0183978,176.8002986907959,130.0,0
1595996125.0284047,178.60154151916504,130.0,0
1595996125.0384152,180.40342807769775,130.0,0
1595996125.0484018,182.20102310180664,130.0,0
1595996125.0584013,184.0009355545044,130.0,0
1595996125.0684047,185.80153465270996,130.0,0
1595996125.0784109,187.6026487350464,130.0,0
1595996125.0884023,189.40110206604004,130.0,0
1595996125.0984106,191.2026023864746,130.0,0
1595996125.1084144,193.00328731536865,130.0,0
1595996125.1183977,194.8002815246582,130.0,0
1595996125.128411,196.60268306732178,130.0,0
1595996125.1384141,198.4032392501831,130.0,0
1595996125.1484082,200.20216464996338,130.0,0
1595996125.1584055,202.001690864563,130.0,0
1595996125.1684036,203.8013458251953,130.0,0
1595996125.1784005,205.60078620910645,130.0,0
1595996125.1884089,207.40228652954102,130.0,0
1595996125.198414,209.2032289505005,130.0,0
1595996125.2084022,211.0010814666748,130.0,0
1595996125.2184024,212.80112266540527,130.0,0
1595996125.228409,214.60232257843018,130.0,0
1595996125.2384079,216.40210628509521,130.0,0
1595996125.2484071,218.20197582244873,130.0,0
1595996125.2584162,220.00360488891602,130.0,0
1595996125.2684066,221.80188655853271,130.0,0
1595996125.2783988,223.60046863555908,130.0,0
1595996125.2883976,225.40025234222412,130.0,0
1595996125.2984045,227.20149517059326,130.0,0
1595996125.3083959,228.9999485015869,130.0,0
1595996125.318405,230.8015775680542,130.0,0
1595996125.328399,232.60050296783447,130.0,0
1595996125.3384044,234.40148830413818,130.0,0
1595996125.3483999,236.2006711959839,130.0,0
1595996125.3584144,238.00328731536865,130.0,0
1595996125.3684132,239.8030710220337,130.0,0
1595996125.3783984,241.60040855407715,130.0,0
1595996125.3884003,243.40075016021729,130.0,0
1595996125.3984017,245.20100593566895,130.0,0
1595996125.408407,247.00194835662842,130.0,0
1595996125.4184017,248.8010025024414,130.0,0
1595996125.4283974,250.60022830963135,130.0,0
1595996125.4384093,252.4023723602295,130.0,0
1595996125.448398,254.20035362243652,130.0,0
1595996125.4584134,256.003098487854,130.0,0
1595996125.4684007,257.8008222579956,130.0,0
1595996125.47841,259.60249423980713,130.0,0
1595996125.488408,261.40214920043945,130.0,0
1595996125.4984112,263.2027053833008,130.0,0
1595996125.5084097,265.0024461746216,130.0,0
1595996125.5184095,266.8024015426636,130.0,0
1595996125.52841,268.6024856567383,130.0,0
1595996125.5384104,270.402569770813,130.0,0
1595996125.5484178,272.2038984298706,130.0,0
1595996125.5584087,274.0022659301758,130.0,0
1595996125.5683982,275.8003759384155,130.0,0
1595996125.5783978,277.6002883911133,130.0,0
1595996125.5883996,279.4006299972534,130.0,0
1595996125.5984054,281.20165824890137,130.0,0
1595996125.608404,283.00139904022217,130.0,0
1595996125.6184168,284.80371475219727,130.0,0
1595996125.6284032,286.6012668609619,130.0,0
1595996125.6384141,288.4032392501831,130.0,0
1595996125.6484,290.2007055282593,130.0,0
1595996125.6584013,292.0009183883667,130.0,0
1595996125.668399,293.8005304336548,130.0,0
1595996125.678402,295.6010437011719,130.0,0
1595996125.6884174,297.4038314819336,130.0,0
1595996125.6984046,299.20151233673096,130.0,0
1595996125.7084022,301.0010814666748,130.0,0
1595996125.7183998,302.80065059661865,130.0,0
1595996125.7284107,304.60262298583984,130.0,0
1595996125.738404,306.4014196395874,130.0,0
1595996125.7484114,308.202748298645,130.0,0
1595996125.758416,310.0035619735718,130.0,0
1595996125.7684076,311.80205821990967,130.0,0
1595996125.7784083,313.6021852493286,130.0,0
1595996125.7884161,315.4035997390747,130.0,0
1595996125.7984056,317.20170974731445,130.0,0
1595996125.8084154,319.00346755981445,130.0,0
1595996125.8184056,320.8017063140869,130.0,0
1595996125.828397,322.60015964508057,130.0,0
1595996125.8384085,324.40221786499023,130.0,0
1595996125.8484106,326.2026023864746,130.0,0
1595996125.8583977,328.000283241272,130.0,0
1595996125.8684042,329.80144023895264,130.0,0
1595996125.8783984,331.60040855407715,130.0,0
1595996125.888411,333.402681350708,130.0,0
1595996125.8984025,335.20113468170166,130.0,0
1595996125.9084048,337.0015621185303,130.0,0
1595996125.9183972,338.8001871109009,130.0,0
1595996125.928402,340.6010437011719,130.0,0
1595996125.9384043,342.4014711380005,130.0,0
1595996125.9484158,344.20352935791016,130.0,0
1595996125.9584024,346.00112438201904,130.0,0
1595996125.968397,347.8001356124878,130.0,0
1595996125.978401,349.6008634567261,130.0,0
1595996125.9884145,351.4033079147339,130.0,0
1595996125.998404,353.20141792297363,130.0,0
1595996126.008413,355.0030469894409,130.0,0
1595996126.018417,356.80373191833496,130.0,0
1595996126.0284073,358.60201358795166,130.0,0
1595996126.0361896,360,130.0,1
1595996126.0384016,360.4009819030762,130.0,0
1595996126.0484073,362.2020101547241,130.0,0
1595996126.0583994,364.0005922317505,130.0,0
1595996126.0683954,365.79986095428467,130.0,0
1595996126.0784018,367.60101795196533,130.0,0
1595996126.0883987,369.40045833587646,130.0,0
1595996126.098398,371.20032787323,130.0,0
1595996126.1084158,373.0035448074341,130.0,0
1595996126.1183958,374.7999382019043,130.0,0
1595996126.1284006,376.6007947921753,130.0,0
1595996126.1384091,378.4023380279541,130.0,0
1595996126.1484082,380.2021646499634,130.0,0
1595996126.1584153,382.00345039367676,130.0,0
1595996126.1684062,383.80181789398193,130.0,0
1595996126.1783986,385.60044288635254,130.0,0
1595996126.1884058,387.4017286300659,130.0,0
1595996126.1983972,389.20018196105957,130.0,0
1595996126.2084007,391.0008239746094,130.0,0
1595996126.2184165,392.80365467071533,130.0,0
1595996126.228404,394.6014213562012,130.0,0
1595996126.238413,396.40305042266846,130.0,0
1595996126.2484088,398.2022762298584,130.0,0
1595996126.2584064,400.00184535980225,130.0,0
1595996126.268417,401.80373191833496,130.0,0
1595996126.2784066,403.60188484191895,130.0,0
1595996126.2884138,405.4031705856323,130.0,0
1595996126.2983966,407.2000789642334,130.0,0
1595996126.308415,409.003381729126,130.0,0
1595996126.318411,410.8026933670044,130.0,0
1595996126.328413,412.60303497314453,130.0,0
1595996126.3383982,414.400372505188,130.0,0
1595996126.3483968,416.2001132965088,130.0,0
1595996126.3584049,418.0015707015991,130.0,0
1595996126.368409,419.8022985458374,130.0,0
1595996126.3783977,421.60027980804443,130.0,0
1595996126.3884165,423.4036684036255,130.0,0
1595996126.398404,425.2013921737671,130.0,0
1595996126.4084046,427.00151920318604,130.0,0
1595996126.4183996,428.80061626434326,130.0,0
1595996126.4284117,430.60280323028564,130.0,0
1595996126.4384146,432.40331649780273,130.0,0
1595996126.4484015,434.20095443725586,130.0,0
1595996126.4583974,436.00022315979004,130.0,0
1595996126.4683979,437.80030727386475,130.0,0
1595996126.478413,439.6030521392822,130.0,0
1595996126.488408,441.40214920043945,130.0,0
1595996126.4984105,443.20257663726807,130.0,0
1595996126.5084136,445.0031328201294,130.0,0
1595996126.5184166,446.8036890029907,130.0,0
1595996126.528409,448.6023139953613,130.0,0
1595996126.538413,450.4030418395996,130.0,0
1595996126.548409,452.2023105621338,130.0,0
1595996126.5584073,454.00200843811035,130.0,0
1595996126.568407,455.80196380615234,130.0,0
1595996126.578415,457.60337829589844,130.0,0
1595996126.5884037,459.40135955810547,130.0,0
1595996126.5984137,461.2031602859497,130.0,0
1595996126.6084049,463.0015707015991,130.0,0
1595996126.6184094,464.8023843765259,130.0,0
1595996126.6284044,466.6014814376831,130.0,0
1595996126.6384053,468.4016513824463,130.0,0
1595996126.6484015,470.2009630203247,130.0,0
1595996126.658398,472.00031757354736,130.0,0
1595996126.6684124,473.80293369293213,130.0,0
1595996126.6784072,475.6019878387451,130.0,0
1595996126.688412,477.4028444290161,130.0,0
1595996126.6984103,479.2025423049927,130.0,0
1595996126.7084086,481.00224018096924,130.0,0
1595996126.7184055,482.80168056488037,130.0,0
1595996126.728402,484.601035118103,130.0,0
1595996126.7384067,486.401891708374,130.0,0
1595996126.748408,488.2021474838257,130.0,0
1595996126.7584019,490.0010299682617,130.0,0
1595996126.7584019,0,130.0,0
1595996126.7684038,131.80034160614014,130.0,0
1595996126.778415,133.60235691070557,130.0,0
1595996126.7884128,135.40196895599365,130.0,0
1595996126.7984107,137.20158100128174,130.0,0
1595996126.808409,139.0012788772583,130.0,0
1595996126.81841,140.80144882202148,130.0,0
1595996126.8284197,142.60320663452148,130.0,0
1595996126.8384068,144.40088748931885,130.0,0
1595996126.8484159,146.20251655578613,130.0,0
1595996126.8584163,148.00260066986084,130.0,0
1595996126.8684042,149.80041027069092,130.0,0
1595996126.8784177,151.60285472869873,130.0,0
1595996126.8884087,153.4012222290039,130.0,0
1595996126.8984184,155.2029800415039,130.0,0
1595996126.9084198,157.00323581695557,130.0,0
1595996126.9184146,158.80228996276855,130.0,0
1595996126.928414,160.6022024154663,130.0,0
1595996126.938413,162.40198612213135,130.0,0
1595996126.9484184,164.20297145843506,130.0,0
1595996126.958412,166.00181102752686,130.0,0
1595996126.9684117,167.80176639556885,130.0,0
1595996126.9784062,169.6007776260376,130.0,0
1595996126.988419,171.4030933380127,130.0,0
1595996126.998404,173.2003879547119,130.0,0
1595996127.008415,175.0023603439331,130.0,0
1595996127.0184083,176.80115699768066,130.0,0
1595996127.0284083,178.6011552810669,130.0,0
1595996127.038404,180.40038108825684,130.0,0
1595996127.0484133,182.20205307006836,130.0,0
1595996127.058407,184.0009355545044,130.0,0
1595996127.0684047,185.80050468444824,130.0,0
1595996127.0784085,187.60118961334229,130.0,0
1595996127.0884168,189.40268993377686,130.0,0
1595996127.0984085,191.20118618011475,130.0,0
1595996127.1084104,193.00152778625488,130.0,0
1595996127.118423,194.80380058288574,130.0,0
1595996127.1284053,196.60062313079834,130.0,0
1595996127.1384156,198.40246677398682,130.0,0
1595996127.1484196,200.2031946182251,130.0,0
1595996127.1584184,202.00297832489014,130.0,0
1595996127.168416,203.80254745483398,130.0,0
1595996127.1784103,205.6015157699585,130.0,0
1595996127.1884089,207.4012565612793,130.0,0
1595996127.198407,209.20091152191162,130.0,0
1595996127.2084124,211.00189685821533,130.0,0
1595996127.2184079,212.80107975006104,130.0,0
1595996127.2284048,214.60052013397217,130.0,0
1595996127.2384107,216.40159130096436,130.0,0
1595996127.2484026,218.20013046264648,130.0,0
1595996127.258418,220.0029182434082,130.0,0
1595996127.268422,221.80360317230225,130.0,0
1595996127.2784219,223.60360145568848,130.0,0
1595996127.2884126,225.4019260406494,130.0,0
1595996127.298407,227.20093727111816,130.0,0
1595996127.3084114,229.00170803070068,130.0,0
1595996127.3184128,230.80196380615234,130.0,0
1595996127.3284013,232.59990215301514,130.0,0
1595996127.3384023,234.40007209777832,130.0,0
1595996127.348411,236.20165824890137,130.0,0
1595996127.3584049,238.0005407333374,130.0,0
1595996127.368414,239.8021697998047,130.0,0
1595996127.3784218,241.60358428955078,130.0,0
1595996127.3884099,243.4014368057251,130.0,0
1595996127.3984215,245.203537940979,130.0,0
1595996127.4084036,247.00031757354736,130.0,0
1595996127.4184194,248.80314826965332,130.0,0
1595996127.4284184,250.6029748916626,130.0,0
1595996127.438406,252.40074157714844,130.0,0
1595996127.448417,254.20271396636963,130.0,0
1595996127.4584098,256.0014247894287,130.0,0
1595996127.4684134,257.8020668029785,130.0,0
1595996127.478402,259.6000051498413,130.0,0
1595996127.4884083,261.401162147522,130.0,0
1595996127.498408,263.20111751556396,130.0,0
1595996127.508403,265.0002145767212,130.0,0
1595996127.5184164,266.80261611938477,130.0,0
1595996127.5284019,268.59999656677246,130.0,0
1595996127.538411,270.40162563323975,130.0,0
1595996127.5484142,272.2022247314453,130.0,0
1595996127.5584166,274.0026521682739,130.0,0
1595996127.5684044,275.800461769104,130.0,0
1595996127.5784092,277.601318359375,130.0,0
1595996127.5884216,279.4035482406616,130.0,0
1595996127.5984159,281.20251655578613,130.0,0
1595996127.608409,283.00127029418945,130.0,0
1595996127.618405,284.80058193206787,130.0,0
1595996127.6284149,286.60233974456787,130.0,0
1595996127.6384118,288.401780128479,130.0,0
1595996127.6484075,290.20100593566895,130.0,0
1595996127.6584015,291.9999313354492,130.0,0
1595996127.6684031,293.8002300262451,130.0,0
1595996127.6784072,295.6009578704834,130.0,0
1595996127.6884105,297.40155696868896,130.0,0
1595996127.6984081,299.2011260986328,130.0,0
1595996127.7084193,301.00314140319824,130.0,0
1595996127.7184048,302.80052185058594,130.0,0
1595996127.7284012,304.5998764038086,130.0,0
1595996127.7384088,306.40124797821045,130.0,0
1595996127.7484214,308.2035207748413,130.0,0
1595996127.7584202,310.00330448150635,130.0,0
1595996127.768422,311.80360317230225,130.0,0
1595996127.7784154,313.60244274139404,130.0,0
1595996127.7884147,315.40231227874756,130.0,0
1595996127.7984056,317.20067977905273,130.0,0
1595996127.8084133,319.0020513534546,130.0,0
1595996127.8184102,320.8014917373657,130.0,0
1595996127.8284085,322.6011896133423,130.0,0
1595996127.8384218,324.40359115600586,130.0,0
1595996127.8484013,326.1998987197876,130.0,0
1595996127.858421,328.0034589767456,130.0,0
1595996127.8684072,329.800968170166,130.0,0
1595996127.8784041,331.60040855407715,130.0,0
1595996127.8884177,333.40285301208496,130.0,0
1595996127.8984125,335.20190715789795,130.0,0
1595996127.9084067,337.00087547302246,130.0,0
1595996127.918402,338.8000154495239,130.0,0
1595996127.9284084,340.6011724472046,130.0,0
1595996127.9384146,342.402286529541,130.0,0
1595996127.948402,344.2000102996826,130.0,0
1595996127.958406,346.0007381439209,130.0,0
1595996127.9684181,347.8029251098633,130.0,0
1595996127.9784222,349.60365295410156,130.0,0
1595996127.9884038,351.40034675598145,130.0,0
1595996127.9984102,353.2015037536621,130.0,0
1595996128.0084088,355.0012445449829,130.0,0
1595996128.0184007,356.79978370666504,130.0,0
1595996128.0284162,358.60257148742676,130.0,0
1595996128.036184,360,130.0,1
1595996128.0384166,360.40265560150146,130.0,0
1595996128.0484114,362.20170974731445,130.0,0
1595996128.0584056,364.00067806243896,130.0,0
1595996128.0684187,365.8030366897583,130.0,0
1595996128.0784013,367.59990215301514,130.0,0
1595996128.0884194,369.4031620025635,130.0,0
1595996128.098421,371.2034606933594,130.0,0
1595996128.108417,373.00272941589355,130.0,0
1595996128.1184115,374.8017406463623,130.0,0
1595996128.1284192,376.60311222076416,130.0,0
1595996128.1384048,378.4005355834961,130.0,0
1595996128.1484163,380.20259380340576,130.0,0
1595996128.1584136,382.00212001800537,130.0,0
1595996128.168414,383.8022041320801,130.0,0
1595996128.1784053,385.6006145477295,130.0,0
1595996128.188406,387.40074157714844,130.0,0
1595996128.198403,389.20018196105957,130.0,0
1595996128.2084143,391.00224018096924,130.0,0
1595996128.218401,392.7998352050781,130.0,0
1595996128.2284193,394.6031379699707,130.0,0
1595996128.238404,396.4003896713257,130.0,0
1595996128.2484038,398.2003450393677,130.0,0
1595996128.2584107,400.0015878677368,130.0,0
1595996128.2684197,401.8032169342041,130.0,0
1595996128.2784061,403.60076904296875,130.0,0
1595996128.2884078,405.40106773376465,130.0,0
1595996128.2984045,407.20046520233154,130.0,0
1595996128.3084078,409.0010643005371,130.0,0
1595996128.3184175,410.8028221130371,130.0,0
1595996128.3284078,412.60106086730957,130.0,0
1595996128.3384027,414.4001579284668,130.0,0
1595996128.3484137,416.202130317688,130.0,0
1595996128.358408,418.0010986328125,130.0,0
1595996128.3684204,419.8033285140991,130.0,0
1595996128.3784215,421.60354137420654,130.0,0
1595996128.3884168,423.402681350708,130.0,0
1595996128.398407,425.20092010498047,130.0,0
1595996128.4084191,427.00310707092285,130.0,0
1595996128.418407,428.80091667175293,130.0,0
1595996128.4284072,430.6009578704834,130.0,0
1595996128.4384212,432.4034881591797,130.0,0
1595996128.4484143,434.202241897583,130.0,0
1595996128.4584002,435.9997081756592,130.0,0
1595996128.4684029,437.80017852783203,130.0,0
1595996128.4784164,439.60262298583984,130.0,0
1595996128.488401,441.3998317718506,130.0,0
1595996128.4984038,443.2003450393677,130.0,0
1595996128.5084174,445.0027894973755,130.0,0
1595996128.5184028,446.8001699447632,130.0,0
1595996128.52841,448.60145568847656,130.0,0
1595996128.5384173,450.4027843475342,130.0,0
1595996128.5484111,452.2016668319702,130.0,0
1595996128.5584002,453.9996910095215,130.0,0
1595996128.5684166,455.80265045166016,130.0,0
1595996128.5784218,457.60359287261963,130.0,0
1595996128.5884075,459.40101623535156,130.0,0
1595996128.5984018,461.1999845504761,130.0,0
1595996128.6084123,463.0018711090088,130.0,0
1595996128.6184034,464.8002815246582,130.0,0
1595996128.6284144,466.6022539138794,130.0,0
1595996128.6384003,468.39972019195557,130.0,0
1595996128.6484182,470.20293712615967,130.0,0
1595996128.658411,472.00164794921875,130.0,0
1595996128.6684213,473.8034915924072,130.0,0
1595996128.67841,475.60147285461426,130.0,0
1595996128.6884062,477.4007844924927,130.0,0
1595996128.6984105,479.2015552520752,130.0,0
1595996128.7084079,481.0010814666748,130.0,0
1595996128.718403,482.80022144317627,130.0,0
1595996128.7284148,484.6023225784302,130.0,0
1595996128.7384117,486.4017629623413,130.0,0
1595996128.7484033,488.2002592086792,130.0,0
1595996128.758412,490.001802444458,130.0,0
1595996128.758412,0,130.0,0
1595996128.7684124,131.8000841140747,130.0,0
1595996128.7784176,133.60102653503418,130.0,0
1595996128.7884333,135.40385723114014,130.0,0
1595996128.7984161,137.2007656097412,130.0,0
1595996128.8084257,139.00248050689697,130.0,0
1595996128.8184226,140.8019208908081,130.0,0
1595996128.8284225,142.60191917419434,130.0,0
1595996128.8384235,144.40208911895752,130.0,0
1595996128.8484235,146.20208740234375,130.0,0
1595996128.8584204,148.00152778625488,130.0,0
1595996128.8684146,149.8004961013794,130.0,0
1595996128.8784132,151.6002368927002,130.0,0
1595996128.888432,153.40362548828125,130.0,0
1595996128.898419,155.20126342773438,130.0,0
1595996128.9084177,157.0010471343994,130.0,0
1595996128.9184172,158.80095958709717,130.0,0
1595996128.9284332,160.60383319854736,130.0,0
1595996128.9384177,162.4010419845581,130.0,0
1595996128.9484248,164.20232772827148,130.0,0
1595996128.9584246,166.00228309631348,130.0,0
1595996128.968427,167.8027105331421,130.0,0
1595996128.9784167,169.60086345672607,130.0,0
1595996128.9884226,171.40193462371826,130.0,0
1595996128.9984121,173.200044631958,130.0,0
1595996129.0084152,175.00060081481934,130.0,0
1595996129.0184155,176.8006420135498,130.0,0
1595996129.0284169,178.60089778900146,130.0,0
1595996129.0384264,180.40261268615723,130.0,0
1595996129.048428,182.20291137695312,130.0,0
1595996129.058416,184.0007209777832,130.0,0
1595996129.0684304,185.80333709716797,130.0,0
1595996129.0784311,187.6034641265869,130.0,0
1595996129.0884275,189.40281867980957,130.0,0
1595996129.0984273,191.20277404785156,130.0,0
1595996129.1084182,193.00114154815674,130.0,0
1595996129.1184313,194.80350017547607,130.0,0
1595996129.1284275,196.6028118133545,130.0,0
1595996129.1384163,198.40079307556152,130.0,0
1595996129.1484241,200.20220756530762,130.0,0
1595996129.1584177,202.0010471343994,130.0,0
1595996129.1684265,203.80263328552246,130.0,0
1595996129.178427,205.60271739959717,130.0,0
1595996129.1884172,207.40095615386963,130.0,0
1595996129.1984253,209.20241355895996,130.0,0
1595996129.2084217,211.00176811218262,130.0,0
1595996129.2184305,212.80335426330566,130.0,0
1595996129.2284274,214.6027946472168,130.0,0
1595996129.2384167,216.4008617401123,130.0,0
1595996129.2484186,218.20120334625244,130.0,0
1595996129.2584312,220.0034761428833,130.0,0
1595996129.2684155,221.8006420135498,130.0,0
1595996129.2784247,223.60231399536133,130.0,0
1595996129.2884133,225.40025234222412,130.0,0
1595996129.2984247,227.2023105621338,130.0,0
1595996129.3084152,229.0005922317505,130.0,0
1595996129.3184218,230.8017921447754,130.0,0
1595996129.3284125,232.60011672973633,130.0,0
1595996129.3384297,234.40320491790771,130.0,0
1595996129.3484256,236.2024736404419,130.0,0
1595996129.3584254,238.0024290084839,130.0,0
1595996129.368422,239.80182647705078,130.0,0
1595996129.3784287,241.60302639007568,130.0,0
1595996129.388421,243.4016513824463,130.0,0
1595996129.3984227,245.2019500732422,130.0,0
1595996129.40842,247.0014762878418,130.0,0
1595996129.4184234,248.80207538604736,130.0,0
1595996129.4284327,250.6037473678589,130.0,0
1595996129.4384258,252.4025011062622,130.0,0
1595996129.4484167,254.20086860656738,130.0,0
1595996129.458416,256.0007381439209,130.0,0
1595996129.4684143,257.80043601989746,130.0,0
1595996129.4784288,259.6030521392822,130.0,0
1595996129.4884298,261.4032220840454,130.0,0
1595996129.498412,263.20000171661377,130.0,0
1595996129.5084155,265.0006437301636,130.0,0
1595996129.5184145,266.80047035217285,130.0,0
1595996129.528417,268.6009407043457,130.0,0
1595996129.5384276,270.4028272628784,130.0,0
1595996129.548416,272.200722694397,130.0,0
1595996129.558414,274.0003776550293,130.0,0
1595996129.5684216,275.80174922943115,130.0,0
1595996129.5784218,277.6017904281616,130.0,0
1595996129.5884151,279.4005870819092,130.0,0
1595996129.598417,281.2009286880493,130.0,0
1595996129.608411,282.9998540878296,130.0,0
1595996129.6184263,284.80259895324707,130.0,0
1595996129.6284206,286.6015672683716,130.0,0
1595996129.6384192,288.4013080596924,130.0,0
1595996129.6484165,290.200834274292,130.0,0
1595996129.6584167,292.00087547302246,130.0,0
1595996129.6684327,293.80374908447266,130.0,0
1595996129.6784277,295.6028461456299,130.0,0
1595996129.688427,297.4027156829834,130.0,0
1595996129.6984248,299.2023277282715,130.0,0
1595996129.7084115,300.99992275238037,130.0,0
1595996129.7184322,302.80365467071533,130.0,0
1595996129.728414,304.60039138793945,130.0,0
1595996129.7384171,306.4009475708008,130.0,0
1595996129.7484183,308.2011604309082,130.0,0
1595996129.7584205,310.0015449523926,130.0,0
1595996129.768419,311.8012857437134,130.0,0
1595996129.7784193,313.60132694244385,130.0,0
1595996129.7884223,315.4018831253052,130.0,0
1595996129.7984278,317.2028684616089,130.0,0
1595996129.8084242,319.00222301483154,130.0,0
1595996129.8184226,320.8019208908081,130.0,0
1595996129.8250458,321.99410915374756,130.0,0
1595996129.8250458,348.59823274612427,156.6041235923767,0
1595996129.8284316,349.2076735496521,156.6041235923767,0
1595996129.8384194,351.0054831504822,156.6041235923767,0
1595996129.8484194,352.8054814338684,156.6041235923767,0
1595996129.858417,354.60505056381226,156.6041235923767,0
1595996129.8684275,356.40693712234497,156.6041235923767,0
1595996129.8784192,358.20543336868286,156.6041235923767,0
1595996129.888389,360,156.6041235923767,1
1595996129.8885207,360.0237135887146,156.6041235923767,0
1595996129.8984168,361.80500078201294,156.6041235923767,0
1595996129.9084277,363.60697317123413,156.6041235923767,0
1595996129.9184225,365.4060273170471,156.6041235923767,0
1595996129.9284134,367.2043948173523,156.6041235923767,0
1595996129.938414,369.00452184677124,156.6041235923767,0
1595996129.9484124,370.8042197227478,156.6041235923767,0
1595996129.9584174,372.60511922836304,156.6041235923767,0
1595996129.968411,374.40395879745483,156.6041235923767,0
1595996129.9784117,376.2040858268738,156.6041235923767,0
1595996129.9884186,378.0053286552429,156.6041235923767,0
1595996129.9984255,379.80657148361206,156.6041235923767,0
1595996130.008411,381.60395193099976,156.6041235923767,0
1595996130.0184135,383.4044222831726,156.6041235923767,0
1595996130.0284262,385.20669507980347,156.6041235923767,0
1595996130.038414,387.00450468063354,156.6041235923767,0
1595996130.0484183,388.80527544021606,156.6041235923767,0
1595996130.058417,390.6050591468811,156.6041235923767,0
1595996130.0684245,392.4063878059387,156.6041235923767,0
1595996130.0784125,394.20424032211304,156.6041235923767,0
1595996130.0884106,396.00389528274536,156.6041235923767,0
1595996130.0984108,397.80393648147583,156.6041235923767,0
1595996130.1084213,399.60582304000854,156.6041235923767,0
1595996130.1184297,401.4073233604431,156.6041235923767,0
1595996130.1284168,403.2050042152405,156.6041235923767,0
1595996130.1384149,405.0046591758728,156.6041235923767,0
1595996130.148419,406.8053870201111,156.6041235923767,0
1595996130.1584156,408.604784488678,156.6041235923767,0
1595996130.1684296,410.40731477737427,156.6041235923767,0
1595996130.1784203,412.2056393623352,156.6041235923767,0
1595996130.1884236,414.00623846054077,156.6041235923767,0
1595996130.1984165,415.80494928359985,156.6041235923767,0
1595996130.2084146,417.6046042442322,156.6041235923767,0
1595996130.2184184,419.4052891731262,156.6041235923767,0
1595996130.2284184,421.20528745651245,156.6041235923767,0
1595996130.2384105,423.0038695335388,156.6041235923767,0
1595996130.248419,424.8054127693176,156.6041235923767,0
1595996130.2584257,426.60661268234253,156.6041235923767,0
1595996130.2684147,428.4046368598938,156.6041235923767,0
1595996130.2784283,430.2070813179016,156.6041235923767,0
1595996130.2884226,432.0060496330261,156.6041235923767,0
1595996130.2984242,433.806348323822,156.6041235923767,0
1595996130.3084285,435.60711908340454,156.6041235923767,0
1595996130.318417,437.40505743026733,156.6041235923767,0
1595996130.3284128,439.2042832374573,156.6041235923767,0
1595996130.338423,441.00612688064575,156.6041235923767,0
1595996130.3484297,442.80732679367065,156.6041235923767,0
1595996130.358416,444.6048789024353,156.6041235923767,0
1595996130.3684282,446.4070658683777,156.6041235923767,0
1595996130.3784213,448.205819606781,156.6041235923767,0
1595996130.3884313,450.00762033462524,156.6041235923767,0
1595996130.3984315,451.8076615333557,156.6041235923767,0
1595996130.4084263,453.6067156791687,156.6041235923767,0
1595996130.4184248,455.4064564704895,156.6041235923767,0
1595996130.428422,457.2059397697449,156.6041235923767,0
1595996130.438412,459.0041356086731,156.6041235923767,0
1595996130.4484143,460.8045630455017,156.6041235923767,0
1595996130.458432,462.6077370643616,156.6041235923767,0
1595996130.46842,464.4055895805359,156.6041235923767,0
1595996130.4784124,466.2042145729065,156.6041235923767,0
1595996130.4884145,468.00459909439087,156.6041235923767,0
1595996130.4984198,469.80554151535034,156.6041235923767,0
1595996130.5084267,471.6067843437195,156.6041235923767,0
1595996130.5184307,473.40751218795776,156.6041235923767,0
1595996130.5284274,475.20690965652466,156.6041235923767,0
1595996130.5384312,477.0075945854187,156.6041235923767,0
1595996130.5484195,478.80549001693726,156.6041235923767,0
1595996130.5584219,480.60591745376587,156.6041235923767,0
1595996130.5684261,482.4066882133484,156.6041235923767,0
1595996130.5784223,484.2059998512268,156.6041235923767,0
1595996130.588429,486.0071997642517,156.6041235923767,0
1595996130.5984108,487.80393648147583,156.6041235923767,0
1595996130.6084318,489.60771131515503,156.6041235923767,0
1595996130.6184282,491.4070658683777,156.6041235923767,0
1595996130.6284308,493.20753622055054,156.6041235923767,0
1595996130.6384106,495.0038866996765,156.6041235923767,0
1595996130.6484158,496.804829120636,156.6041235923767,0
1595996130.6584294,498.6072735786438,156.6041235923767,0
1595996130.6684203,500.405641078949,156.6041235923767,0
1595996130.6784217,502.20589685440063,156.6041235923767,0
1595996130.6884303,504.00744009017944,156.6041235923767,0
1595996130.6984177,505.80516386032104,156.6041235923767,0
1595996130.70843,507.60739374160767,156.6041235923767,0
1595996130.7184289,509.4071774482727,156.6041235923767,0
1595996130.7284274,511.2069182395935,156.6041235923767,0
1595996130.7384102,513.0038266181946,156.6041235923767,0
1595996130.7484272,514.8068718910217,156.6041235923767,0
1595996130.7584167,516.6049818992615,156.6041235923767,0
1595996130.7584167,0,156.6041235923767,0
1595996130.7684245,158.4055380821228,156.6041235923767,0
1595996130.7784297,160.20648050308228,156.6041235923767,0
1595996130.7884257,162.00574922561646,156.6041235923767,0
1595996130.7984262,163.80583333969116,156.6041235923767,0
1595996130.8084214,165.60497331619263,156.6041235923767,0
1595996130.818435,167.40741777420044,156.6041235923767,0
1595996130.8284237,169.20539903640747,156.6041235923767,0
1595996130.838432,171.00689935684204,156.6041235923767,0
1595996130.8484309,172.80668306350708,156.6041235923767,0
1595996130.858432,174.6068959236145,156.6041235923767,0
1595996130.8684185,176.40444803237915,156.6041235923767,0
1595996130.8784323,178.2069354057312,156.6041235923767,0
1595996130.8884213,180.00495958328247,156.6041235923767,0
1595996130.8984327,181.80701780319214,156.6041235923767,0
1595996130.9084327,183.60701608657837,156.6041235923767,0
1595996130.9184225,185.40516901016235,156.6041235923767,0
1595996130.9284182,187.2043948173523,156.6041235923767,0
1595996130.938433,189.0070538520813,156.6041235923767,0
1595996130.9484277,190.8061079978943,156.6041235923767,0
1595996130.9584284,192.60623502731323,156.6041235923767,0
1595996130.9684346,194.40734910964966,156.6041235923767,0
1595996130.9784212,196.20494413375854,156.6041235923767,0
1595996130.9884381,198.0079894065857,156.6041235923767,0
1595996130.9984374,199.8078589439392,156.6041235923767,0
1595996131.008429,201.6063551902771,156.6041235923767,0
1595996131.018436,203.40759801864624,156.6041235923767,0
1595996131.0284328,205.20703840255737,156.6041235923767,0
1595996131.0384204,207.0048050880432,156.6041235923767,0
1595996131.0484252,208.8056616783142,156.6041235923767,0
1595996131.058432,210.60690450668335,156.6041235923767,0
1595996131.0684175,212.40428495407104,156.6041235923767,0
1595996131.0784252,214.2056565284729,156.6041235923767,0
1595996131.088429,216.00634145736694,156.6041235923767,0
1595996131.0984337,217.80719804763794,156.6041235923767,0
1595996131.1084313,219.6067671775818,156.6041235923767,0
1595996131.1184225,221.4051775932312,156.6041235923767,0
1595996131.128435,223.20740747451782,156.6041235923767,0
1595996131.1384242,225.00547456741333,156.6041235923767,0
1595996131.1484284,226.80624532699585,156.6041235923767,0
1595996131.1584241,228.6054711341858,156.6041235923767,0
1595996131.1684222,230.40512609481812,156.6041235923767,0
1595996131.1784284,232.20624017715454,156.6041235923767,0
1595996131.1884243,234.00550889968872,156.6041235923767,0
1595996131.1984212,235.80494928359985,156.6041235923767,0
1595996131.2084205,237.60481882095337,156.6041235923767,0
1595996131.2184277,239.40610456466675,156.6041235923767,0
1595996131.228433,241.20704698562622,156.6041235923767,0
1595996131.2384233,243.00532865524292,156.6041235923767,0
1595996131.2484164,244.80408239364624,156.6041235923767,0
1595996131.2584338,246.60721349716187,156.6041235923767,0
1595996131.2684326,248.4069972038269,156.6041235923767,0
1595996131.278417,250.20420598983765,156.6041235923767,0
1595996131.2884247,252.0055775642395,156.6041235923767,0
1595996131.298431,253.80669164657593,156.6041235923767,0
1595996131.3084264,255.60587453842163,156.6041235923767,0
1595996131.3184376,257.40788984298706,156.6041235923767,0
1595996131.3284283,259.206214427948,156.6041235923767,0
1595996131.3384192,261.0045819282532,156.6041235923767,0
1595996131.348429,262.8063397407532,156.6041235923767,0
1595996131.3584297,264.6064667701721,156.6041235923767,0
1595996131.3684356,266.4075379371643,156.6041235923767,0
1595996131.3784368,268.20775079727173,156.6041235923767,0
1595996131.3884318,270.00684785842896,156.6041235923767,0
1595996131.3984275,271.8060736656189,156.6041235923767,0
1595996131.4084344,273.60731649398804,156.6041235923767,0
1595996131.4184272,275.4060273170471,156.6041235923767,0
1595996131.42842,277.2047381401062,156.6041235923767,0
1595996131.4384248,279.0055947303772,156.6041235923767,0
1595996131.448421,280.8049063682556,156.6041235923767,0
1595996131.458422,282.6050763130188,156.6041235923767,0
1595996131.468421,284.4049029350281,156.6041235923767,0
1595996131.478431,286.2067036628723,156.6041235923767,0
1595996131.4884272,288.00601530075073,156.6041235923767,0
1595996131.4984312,289.806743144989,156.6041235923767,0
1595996131.508424,291.6054539680481,156.6041235923767,0
1595996131.518429,293.40635347366333,156.6041235923767,0
1595996131.5284228,295.20523595809937,156.6041235923767,0
1595996131.5384274,297.0060496330261,156.6041235923767,0
1595996131.5484183,298.8044171333313,156.6041235923767,0
1595996131.5584311,300.6067328453064,156.6041235923767,0
1595996131.5684302,302.4065594673157,156.6041235923767,0
1595996131.578429,304.2063431739807,156.6041235923767,0
1595996131.5884306,306.0066418647766,156.6041235923767,0
1595996131.5984254,307.8056960105896,156.6041235923767,0
1595996131.6084273,309.60603761672974,156.6041235923767,0
1595996131.618421,311.40492010116577,156.6041235923767,0
1595996131.6284223,313.2051329612732,156.6041235923767,0
1595996131.6384246,315.0055603981018,156.6041235923767,0
1595996131.648431,316.80671739578247,156.6041235923767,0
1595996131.6584227,318.60521364212036,156.6041235923767,0
1595996131.6684296,320.4064564704895,156.6041235923767,0
1595996131.6784244,322.2055106163025,156.6041235923767,0
1595996131.688437,324.00778341293335,156.6041235923767,0
1595996131.6984189,325.80452013015747,156.6041235923767,0
1595996131.7084208,327.6048617362976,156.6041235923767,0
1595996131.7184181,329.4043879508972,156.6041235923767,0
1595996131.728423,331.20528745651245,156.6041235923767,0
1595996131.7384207,333.0048565864563,156.6041235923767,0
1595996131.7484322,334.80691480636597,156.6041235923767,0
1595996131.758435,336.60742807388306,156.6041235923767,0
1595996131.7684207,338.404851436615,156.6041235923767,0
1595996131.7784324,340.2069525718689,156.6041235923767,0
1595996131.7884312,342.00673627853394,156.6041235923767,0
1595996131.7984283,343.8062195777893,156.6041235923767,0
1595996131.8084178,345.60432958602905,156.6041235923767,0
1595996131.81842,347.4047141075134,156.6041235923767,0
1595996131.8284194,349.2046265602112,156.6041235923767,0
1595996131.8384273,351.0060410499573,156.6041235923767,0
1595996131.8484282,352.80621099472046,156.6041235923767,0
1595996131.8584375,354.607882976532,156.6041235923767,0
1595996131.8684366,356.40770959854126,156.6041235923767,0
1595996131.8784244,358.20551919937134,156.6041235923767,0
1595996131.8883946,360,156.6041235923767,1
1595996131.888552,360.02847719192505,156.6041235923767,0
1595996131.898435,361.8074469566345,156.6041235923767,0
1595996131.9084291,363.6063723564148,156.6041235923767,0
1595996131.91842,365.40473985671997,156.6041235923767,0
1595996131.9284363,367.2076563835144,156.6041235923767,0
1595996131.9384365,369.0076975822449,156.6041235923767,0
1595996131.948428,370.8061509132385,156.6041235923767,0
1595996131.9584162,372.6040463447571,156.6041235923767,0
1595996131.9684262,374.4058470726013,156.6041235923767,0
1595996131.978434,376.2072615623474,156.6041235923767,0
1595996131.9884248,378.00558614730835,156.6041235923767,0
1595996131.9984362,379.807644367218,156.6041235923767,0
1595996132.008425,381.60562562942505,156.6041235923767,0
1595996132.0184302,383.4065680503845,156.6041235923767,0
1595996132.0284224,385.2051501274109,156.6041235923767,0
1595996132.0384212,387.0049338340759,156.6041235923767,0
1595996132.0484269,388.8059620857239,156.6041235923767,0
1595996132.0584295,390.60643243789673,156.6041235923767,0
1595996132.068421,392.4048857688904,156.6041235923767,0
1595996132.0784247,394.2055706977844,156.6041235923767,0
1595996132.088434,396.00724267959595,156.6041235923767,0
1595996132.0984333,397.80711221694946,156.6041235923767,0
1595996132.1084213,399.6049647331238,156.6041235923767,0
1595996132.1184356,401.4075379371643,156.6041235923767,0
1595996132.1284175,403.2042746543884,156.6041235923767,0
1595996132.138428,405.00616121292114,156.6041235923767,0
1595996132.1484234,406.80534410476685,156.6041235923767,0
1595996132.1584156,408.6039261817932,156.6041235923767,0
1595996132.1684206,410.40482568740845,156.6041235923767,0
1595996132.1784358,412.2075705528259,156.6041235923767,0
1595996132.1884336,414.007182598114,156.6041235923767,0
1595996132.1984293,415.80640840530396,156.6041235923767,0
1595996132.2084339,417.6072220802307,156.6041235923767,0
1595996132.2184262,419.4058470726013,156.6041235923767,0
1595996132.2284188,421.20451498031616,156.6041235923767,0
1595996132.2384207,423.0048565864563,156.6041235923767,0
1595996132.2484229,424.8052411079407,156.6041235923767,0
1595996132.258431,426.606698513031,156.6041235923767,0
1595996132.2684278,428.40613889694214,156.6041235923767,0
1595996132.2784214,430.20497846603394,156.6041235923767,0
1595996132.2884328,432.0070366859436,156.6041235923767,0
1595996132.298426,433.8057904243469,156.6041235923767,0
1595996132.308428,435.6061749458313,156.6041235923767,0
1595996132.3184154,437.4038987159729,156.6041235923767,0
1595996132.3284152,439.2038540840149,156.6041235923767,0
1595996132.338434,441.00724267959595,156.6041235923767,0
1595996132.3484201,442.80475187301636,156.6041235923767,0
1595996132.3584244,444.6055226325989,156.6041235923767,0
1595996132.368435,446.4074091911316,156.6041235923767,0
1595996132.378416,448.204017162323,156.6041235923767,0
1595996132.3884244,450.00551748275757,156.6041235923767,0
1595996132.398422,451.8050866127014,156.6041235923767,0
1595996132.408418,453.6043553352356,156.6041235923767,0
1595996132.418423,455.40525484085083,156.6041235923767,0
1595996132.428427,457.2059826850891,156.6041235923767,0
1595996132.4384258,459.00576639175415,156.6041235923767,0
1595996132.4484363,460.80765295028687,156.6041235923767,0
1595996132.458426,462.60580587387085,156.6041235923767,0
1595996132.468425,464.4056324958801,156.6041235923767,0
1595996132.4784226,466.205201625824,156.6041235923767,0
1595996132.4884243,468.0055003166199,156.6041235923767,0
1595996132.4984238,469.8054127693176,156.6041235923767,0
1595996132.5084212,471.60493898391724,156.6041235923767,0
1595996132.5184312,473.4067397117615,156.6041235923767,0
1595996132.5284193,475.2045922279358,156.6041235923767,0
1595996132.5384274,477.0060496330261,156.6041235923767,0
1595996132.5484254,478.80570459365845,156.6041235923767,0
1595996132.5584197,480.60467290878296,156.6041235923767,0
1595996132.5684175,482.40428495407104,156.6041235923767,0
1595996132.5784302,484.2065577507019,156.6041235923767,0
1595996132.5884247,486.00556898117065,156.6041235923767,0
1595996132.5984223,487.8051381111145,156.6041235923767,0
1595996132.6084347,489.6073679924011,156.6041235923767,0
1595996132.6184318,491.4068512916565,156.6041235923767,0
1595996132.6284227,493.20521879196167,156.6041235923767,0
1595996132.638425,495.0056462287903,156.6041235923767,0
1595996132.648426,496.80581617355347,156.6041235923767,0
1595996132.6584272,498.6060290336609,156.6041235923767,0
1595996132.6684313,500.40675687789917,156.6041235923767,0
1595996132.6784286,502.2062830924988,156.6041235923767,0
1595996132.68842,504.00473642349243,156.6041235923767,0
1595996132.6984284,505.806236743927,156.6041235923767,0
1595996132.7084212,507.6049475669861,156.6041235923767,0
1595996132.7184165,509.40408754348755,156.6041235923767,0
1595996132.728418,511.20438623428345,156.6041235923767,0
1595996132.7384229,513.0052428245544,156.6041235923767,0
1595996132.7484276,514.8060994148254,156.6041235923767,0
1595996132.7584164,516.6040806770325,156.6041235923767,0
1595996132.7584412,516.6085438728333,156.6041235923767,0
1595996132.7584412,0,156.6041235923767,0
1595996132.76846,158.40751218795776,156.6041235923767,0
1595996132.7784429,160.20442056655884,156.6041235923767,0
1595996132.7884583,162.00720834732056,156.6041235923767,0
1595996132.7984505,163.80579042434692,156.6041235923767,0
1595996132.8084412,165.60411500930786,156.6041235923767,0
1595996132.818454,167.40643072128296,156.6041235923767,0
1595996132.8284445,169.20471239089966,156.6041235923767,0
1595996132.8384428,171.00441026687622,156.6041235923767,0
1595996132.8484457,172.8049235343933,156.6041235923767,0
1595996132.8584483,174.60539388656616,156.6041235923767,0
1595996132.8684576,176.40706586837769,156.6041235923767,0
1595996132.8784525,178.2061629295349,156.6041235923767,0
1595996132.8884516,180.0059895515442,156.6041235923767,0
1595996132.89845,181.80568742752075,156.6041235923767,0
1595996132.908445,183.60478448867798,156.6041235923767,0
1595996132.9184546,185.40654230117798,156.6041235923767,0
1595996132.9284537,187.20636892318726,156.6041235923767,0
1595996132.9384558,189.00675344467163,156.6041235923767,0
1595996132.9484427,190.80439138412476,156.6041235923767,0
1595996132.9584432,192.60447549819946,156.6041235923767,0
1595996132.9684436,194.40455961227417,156.6041235923767,0
1595996132.9784524,196.20614576339722,156.6041235923767,0
1595996132.9884617,198.00781774520874,156.6041235923767,0
1595996132.9984455,199.80489778518677,156.6041235923767,0
1595996133.0084572,201.60699892044067,156.6041235923767,0
1595996133.0184581,203.40716886520386,156.6041235923767,0
1595996133.0284586,205.20725297927856,156.6041235923767,0
1595996133.0384426,207.00437593460083,156.6041235923767,0
1595996133.0484483,208.80540418624878,156.6041235923767,0
1595996133.0584412,210.60411500930786,156.6041235923767,0
1595996133.068453,212.406259059906,156.6041235923767,0
1595996133.0784502,214.20574235916138,156.6041235923767,0
1595996133.0884528,216.00621271133423,156.6041235923767,0
1595996133.0984488,217.8054814338684,156.6041235923767,0
1595996133.1084478,219.60530805587769,156.6041235923767,0
1595996133.1184523,221.40612173080444,156.6041235923767,0
1595996133.1284513,223.20594835281372,156.6041235923767,0
1595996133.1384544,225.00650453567505,156.6041235923767,0
1595996133.1484416,226.8041853904724,156.6041235923767,0
1595996133.1584542,228.60645818710327,156.6041235923767,0
1595996133.1684506,230.40581274032593,156.6041235923767,0
1595996133.1784565,232.20688390731812,156.6041235923767,0
1595996133.1884532,234.006281375885,156.6041235923767,0
1595996133.1984515,235.80597925186157,156.6041235923767,0
1595996133.2084515,237.6059775352478,156.6041235923767,0
1595996133.2184448,239.40477418899536,156.6041235923767,0
1595996133.2284515,241.20597410202026,156.6041235923767,0
1595996133.238452,243.00605821609497,156.6041235923767,0
1595996133.2484596,244.80742979049683,156.6041235923767,0
1595996133.258457,246.60695600509644,156.6041235923767,0
1595996133.2684467,248.40510892868042,156.6041235923767,0
1595996133.2784612,250.20772504806519,156.6041235923767,0
1595996133.2884417,252.00420427322388,156.6041235923767,0
1595996133.298453,253.80626249313354,156.6041235923767,0
1595996133.3084455,255.60488748550415,156.6041235923767,0
1595996133.3184466,257.4051003456116,156.6041235923767,0
1595996133.3284497,259.2056565284729,156.6041235923767,0
1595996133.3384538,261.0063843727112,156.6041235923767,0
1595996133.3484545,262.8065114021301,156.6041235923767,0
1595996133.358444,264.6046214103699,156.6041235923767,0
1595996133.368461,266.407666683197,156.6041235923767,0
1595996133.378459,268.20732164382935,156.6041235923767,0
1595996133.3884583,270.00719118118286,156.6041235923767,0
1595996133.3984601,271.807532787323,156.6041235923767,0
1595996133.4084456,273.6049132347107,156.6041235923767,0
1595996133.4184587,275.40727186203003,156.6041235923767,0
1595996133.4284482,277.2053818702698,156.6041235923767,0
1595996133.4384491,279.00555181503296,156.6041235923767,0
1595996133.4484541,280.8064513206482,156.6041235923767,0
1595996133.4584606,282.60760831832886,156.6041235923767,0
1595996133.4684498,284.40567541122437,156.6041235923767,0
1595996133.4784586,286.2072615623474,156.6041235923767,0
1595996133.488461,288.007688999176,156.6041235923767,0
1595996133.4984624,289.8079447746277,156.6041235923767,0
1595996133.508442,291.6042523384094,156.6041235923767,0
1595996133.5184417,293.4042077064514,156.6041235923767,0
1595996133.5284595,295.2074246406555,156.6041235923767,0
1595996133.5384414,297.00416135787964,156.6041235923767,0
1595996133.5484428,298.8044171333313,156.6041235923767,0
1595996133.5584624,300.60793447494507,156.6041235923767,0
1595996133.568445,302.4047999382019,156.6041235923767,0
1595996133.578442,304.2042832374573,156.6041235923767,0
1595996133.5884619,306.0078434944153,156.6041235923767,0
1595996133.5984483,307.80539560317993,156.6041235923767,0
1595996133.6084485,309.6054368019104,156.6041235923767,0
1595996133.6184492,311.40556383132935,156.6041235923767,0
1595996133.6284518,313.2060341835022,156.6041235923767,0
1595996133.6384556,315.00671911239624,156.6041235923767,0
1595996133.6484475,316.80525827407837,156.6041235923767,0
1595996133.6584535,318.60632944107056,156.6041235923767,0
1595996133.6684546,320.406542301178,156.6041235923767,0
1595996133.6784422,322.2043089866638,156.6041235923767,0
1595996133.688453,324.00623846054077,156.6041235923767,0
1595996133.6984522,325.8061079978943,156.6041235923767,0
1595996133.7084498,327.60567712783813,156.6041235923767,0
1595996133.7184587,329.4072632789612,156.6041235923767,0
1595996133.7284434,331.20451498031616,156.6041235923767,0
1595996133.738441,333.00408411026,156.6041235923767,0
1595996133.7484598,334.80747270584106,156.6041235923767,0
1595996133.758461,336.6076855659485,156.6041235923767,0
1595996133.7684424,338.40433645248413,156.6041235923767,0
1595996133.778456,340.20678091049194,156.6041235923767,0
1595996133.7884617,342.0078091621399,156.6041235923767,0
1595996133.798461,343.8076786994934,156.6041235923767,0
1595996133.8084464,345.6050591468811,156.6041235923767,0
1595996133.8184423,347.4043278694153,156.6041235923767,0
1595996133.828442,349.2042832374573,156.6041235923767,0
1595996133.8384469,351.00513982772827,156.6041235923767,0
1595996133.8484495,352.8056101799011,156.6041235923767,0
1595996133.85845,354.60569429397583,156.6041235923767,0
1595996133.8684602,356.4075379371643,156.6041235923767,0
1595996133.878447,358.20517587661743,156.6041235923767,0
1595996133.8884354,360,156.6041235923767,1
1595996133.888562,360.0258593559265,156.6041235923767,0
1595996133.8984427,361.8043999671936,156.6041235923767,0
1595996133.9084482,363.6053853034973,156.6041235923767,0
1595996133.9184513,365.40594148635864,156.6041235923767,0
1595996133.9284577,367.2070984840393,156.6041235923767,0
1595996133.938449,369.0055088996887,156.6041235923767,0
1595996133.9484406,370.8040051460266,156.6041235923767,0
1595996133.9584599,372.60747957229614,156.6041235923767,0
1595996133.9684613,374.4077353477478,156.6041235923767,0
1595996133.9784505,376.2058024406433,156.6041235923767,0
1595996133.988461,378.007688999176,156.6041235923767,0
1595996133.99846,379.8075156211853,156.6041235923767,0
1595996134.0084522,381.60609769821167,156.6041235923767,0
1595996134.0184472,383.4051947593689,156.6041235923767,0
1595996134.0284452,385.2048497200012,156.6041235923767,0
1595996134.038457,387.0069508552551,156.6041235923767,0
1595996134.0484526,388.80617666244507,156.6041235923767,0
1595996134.0584416,390.60420083999634,156.6041235923767,0
1595996134.0684466,392.4051003456116,156.6041235923767,0
1595996134.078446,394.2049698829651,156.6041235923767,0
1595996134.0884461,396.00501108169556,156.6041235923767,0
1595996134.0984442,397.8046660423279,156.6041235923767,0
1595996134.108452,399.606080532074,156.6041235923767,0
1595996134.1184454,401.40487718582153,156.6041235923767,0
1595996134.128457,403.20697832107544,156.6041235923767,0
1595996134.138462,405.0078778266907,156.6041235923767,0
1595996134.14844,406.80388498306274,156.6041235923767,0
1595996134.1584406,408.6040120124817,156.6041235923767,0
1595996134.1684432,410.40448236465454,156.6041235923767,0
1595996134.178453,412.20624017715454,156.6041235923767,0
1595996134.1884527,414.00619554519653,156.6041235923767,0
1595996134.1984534,415.8063225746155,156.6041235923767,0
1595996134.208443,417.6044325828552,156.6041235923767,0
1595996134.2184565,419.40687704086304,156.6041235923767,0
1595996134.2284575,421.2070469856262,156.6041235923767,0
1595996134.2384398,423.0038695335388,156.6041235923767,0
1595996134.2484443,424.8046832084656,156.6041235923767,0
1595996134.2584543,426.6064839363098,156.6041235923767,0
1595996134.268443,428.40446519851685,156.6041235923767,0
1595996134.2784421,430.2042918205261,156.6041235923767,0
1595996134.288449,432.00553464889526,156.6041235923767,0
1595996134.298446,433.8049750328064,156.6041235923767,0
1595996134.3084602,435.6075482368469,156.6041235923767,0
1595996134.3184466,437.4051003456116,156.6041235923767,0
1595996134.3284535,439.2063431739807,156.6041235923767,0
1595996134.338454,441.0064272880554,156.6041235923767,0
1595996134.3484411,442.8041081428528,156.6041235923767,0
1595996134.3584564,444.60685300827026,156.6041235923767,0
1595996134.3684416,446.4041905403137,156.6041235923767,0
1595996134.3784492,448.2055621147156,156.6041235923767,0
1595996134.388452,450.00607538223267,156.6041235923767,0
1595996134.398453,451.80624532699585,156.6041235923767,0
1595996134.4084556,453.6067156791687,156.6041235923767,0
1595996134.418456,455.4067997932434,156.6041235923767,0
1595996134.4284532,457.2062830924988,156.6041235923767,0
1595996134.4384592,459.00735425949097,156.6041235923767,0
1595996134.448461,460.8076958656311,156.6041235923767,0
1595996134.4584522,462.6061062812805,156.6041235923767,0
1595996134.468461,464.40769243240356,156.6041235923767,0
1595996134.4784431,466.2044720649719,156.6041235923767,0
1595996134.4884586,468.00725984573364,156.6041235923767,0
1595996134.4984508,469.80584192276,156.6041235923767,0
1595996134.5084443,471.6046814918518,156.6041235923767,0
1595996134.5184515,473.4059672355652,156.6041235923767,0
1595996134.5284414,475.2041630744934,156.6041235923767,0
1595996134.5384562,477.0068221092224,156.6041235923767,0
1595996134.5484493,478.80557584762573,156.6041235923767,0
1595996134.5584602,480.6075482368469,156.6041235923767,0
1595996134.5684495,482.40561532974243,156.6041235923767,0
1595996134.578455,484.20660066604614,156.6041235923767,0
1595996134.5884533,486.0062985420227,156.6041235923767,0
1595996134.5984612,487.8077130317688,156.6041235923767,0
1595996134.6084554,489.6066813468933,156.6041235923767,0
1595996134.618454,491.4064221382141,156.6041235923767,0
1595996134.628459,493.20732164382935,156.6041235923767,0
1595996134.6384594,495.00740575790405,156.6041235923767,0
1595996134.6484506,496.80581617355347,156.6041235923767,0
1595996134.658442,498.6042695045471,156.6041235923767,0
1595996134.66846,500.4074864387512,156.6041235923767,0
1595996134.6784449,502.20478105545044,156.6041235923767,0
1595996134.6884604,504.00756883621216,156.6041235923767,0
1595996134.698447,505.80516386032104,156.6041235923767,0
1595996134.7084515,507.6059775352478,156.6041235923767,0
1595996134.7184498,509.40567541122437,156.6041235923767,0
1595996134.728461,511.2076907157898,156.6041235923767,0
1595996134.7384598,513.0074744224548,156.6041235923767,0
1595996134.7484465,514.8050694465637,156.6041235923767,0
1595996134.7584543,516.6064839363098,156.6041235923767,0
1595996134.7584543,0,156.6041235923767,0
1595996134.7684608,158.40528059005737,156.6041235923767,0
1595996134.7784746,160.20776796340942,156.6041235923767,0
1595996134.7884665,162.00630712509155,156.6041235923767,0
1595996134.7984574,163.80467462539673,156.6041235923767,0
1595996134.8084602,165.60518789291382,156.6041235923767,0
1595996134.8184657,167.40617322921753,156.6041235923767,0
1595996134.8284671,169.2064290046692,156.6041235923767,0
1595996134.8384697,171.00689935684204,156.6041235923767,0
1595996134.8484726,172.80741262435913,156.6041235923767,0
1595996134.8584564,174.60449266433716,156.6041235923767,0
1595996134.8684745,176.4077525138855,156.6041235923767,0
1595996134.8784542,178.20410299301147,156.6041235923767,0
1595996134.8884726,180.00740575790405,156.6041235923767,0
1595996134.8984628,181.8056445121765,156.6041235923767,0
1595996134.9084666,183.60632944107056,156.6041235923767,0
1595996134.9184678,185.40654230117798,156.6041235923767,0
1595996134.9284587,187.20490980148315,156.6041235923767,0
1595996134.9384625,189.0055947303772,156.6041235923767,0
1595996134.9484603,190.80520677566528,156.6041235923767,0
1595996134.958458,192.60477590560913,156.6041235923767,0
1595996134.9684582,194.4048171043396,156.6041235923767,0
1595996134.978454,196.20408582687378,156.6041235923767,0
1595996134.98846,198.00515699386597,156.6041235923767,0
1595996134.9984696,199.80687189102173,156.6041235923767,0
1595996135.0084586,201.604896068573,156.6041235923767,0
1595996135.0184734,203.407555103302,156.6041235923767,0
1595996135.0284662,205.20626592636108,156.6041235923767,0
1595996135.038454,207.00407552719116,156.6041235923767,0
1595996135.0484736,208.80759286880493,156.6041235923767,0
1595996135.0584657,210.6061749458313,156.6041235923767,0
1595996135.0684574,212.4046711921692,156.6041235923767,0
1595996135.0784588,214.20492696762085,156.6041235923767,0
1595996135.0884628,216.00565481185913,156.6041235923767,0
1595996135.0984607,217.80526685714722,156.6041235923767,0
1595996135.1084702,219.60698175430298,156.6041235923767,0
1595996135.1184754,221.40792417526245,156.6041235923767,0
1595996135.1284738,223.207622051239,156.6041235923767,0
1595996135.1384594,225.00504541397095,156.6041235923767,0
1595996135.1484742,226.80770444869995,156.6041235923767,0
1595996135.1584654,228.60611486434937,156.6041235923767,0
1595996135.1684642,230.4058985710144,156.6041235923767,0
1595996135.178464,232.2058539390564,156.6041235923767,0
1595996135.1884575,234.0046935081482,156.6041235923767,0
1595996135.1984653,235.8061079978943,156.6041235923767,0
1595996135.2084646,237.6059775352478,156.6041235923767,0
1595996135.2184706,239.40704870224,156.6041235923767,0
1595996135.2284756,241.20794820785522,156.6041235923767,0
1595996135.2384582,243.00481367111206,156.6041235923767,0
1595996135.2484574,244.80468320846558,156.6041235923767,0
1595996135.2584622,246.60553979873657,156.6041235923767,0
1595996135.2684557,248.40437936782837,156.6041235923767,0
1595996135.2784545,250.2041630744934,156.6041235923767,0
1595996135.288475,252.00785207748413,156.6041235923767,0
1595996135.298473,253.80746412277222,156.6041235923767,0
1595996135.3084629,255.60565996170044,156.6041235923767,0
1595996135.3184621,257.40552949905396,156.6041235923767,0
1595996135.3284566,259.2045407295227,156.6041235923767,0
1595996135.3384676,261.0065131187439,156.6041235923767,0
1595996135.348476,262.80801343917847,156.6041235923767,0
1595996135.3584619,264.60547971725464,156.6041235923767,0
1595996135.368473,266.40749502182007,156.6041235923767,0
1595996135.3784611,268.2053475379944,156.6041235923767,0
1595996135.388472,270.0073199272156,156.6041235923767,0
1595996135.3984575,271.80470037460327,156.6041235923767,0
1595996135.4084685,273.60667276382446,156.6041235923767,0
1595996135.4184697,275.4068856239319,156.6041235923767,0
1595996135.4284556,277.20435190200806,156.6041235923767,0
1595996135.438471,279.0071396827698,156.6041235923767,0
1595996135.4484577,280.80473470687866,156.6041235923767,0
1595996135.458461,282.60533380508423,156.6041235923767,0
1595996135.4684567,284.40455961227417,156.6041235923767,0
1595996135.478456,286.2044291496277,156.6041235923767,0
1595996135.4884613,288.00537157058716,156.6041235923767,0
1595996135.4984636,289.80579900741577,156.6041235923767,0
1595996135.5084672,291.6064410209656,156.6041235923767,0
1595996135.5184586,293.40489435195923,156.6041235923767,0
1595996135.5284724,295.2073817253113,156.6041235923767,0
1595996135.538464,297.00587797164917,156.6041235923767,0
1595996135.548458,298.80480337142944,156.6041235923767,0
1595996135.5584712,300.6071619987488,156.6041235923767,0
1595996135.5684752,302.40788984298706,156.6041235923767,0
1595996135.5784757,304.20797395706177,156.6041235923767,0
1595996135.5884664,306.0062985420227,156.6041235923767,0
1595996135.5984643,307.8059105873108,156.6041235923767,0
1595996135.608474,309.6076683998108,156.6041235923767,0
1595996135.618461,311.4053063392639,156.6041235923767,0
1595996135.6284735,313.2075791358948,156.6041235923767,0
1595996135.6384566,315.0045304298401,156.6041235923767,0
1595996135.6484601,316.8051724433899,156.6041235923767,0
1595996135.6584723,318.6073594093323,156.6041235923767,0
1595996135.6684592,320.4049973487854,156.6041235923767,0
1595996135.6784742,322.20769929885864,156.6041235923767,0
1595996135.6884656,324.0061526298523,156.6041235923767,0
1595996135.6984684,325.8066658973694,156.6041235923767,0
1595996135.7084541,327.6040892601013,156.6041235923767,0
1595996135.7184567,329.40455961227417,156.6041235923767,0
1595996135.7284646,331.20597410202026,156.6041235923767,0
1595996135.7384684,333.0066590309143,156.6041235923767,0
1595996135.7484634,334.80575609207153,156.6041235923767,0
1595996135.758475,336.60785722732544,156.6041235923767,0
1595996135.76846,338.40515184402466,156.6041235923767,0
1595996135.7784586,340.20489263534546,156.6041235923767,0
1595996135.7884543,342.0041184425354,156.6041235923767,0
1595996135.7984567,343.804545879364,156.6041235923767,0
1595996135.808465,345.6060461997986,156.6041235923767,0
1595996135.8184714,347.40720319747925,156.6041235923767,0
1595996135.8284717,349.2072443962097,156.6041235923767,0
1595996135.8384545,351.0041527748108,156.6041235923767,0
1595996135.8484695,352.80685472488403,156.6041235923767,0
1595996135.85847,354.60693883895874,156.6041235923767,0
1595996135.8684666,356.40633630752563,156.6041235923767,0
1595996135.8784604,358.20521879196167,156.6041235923767,0
1595996135.8884506,360,156.6041235923767,1
1595996135.888614,360.03285455703735,156.6041235923767,0
1595996135.8984656,361.8061594963074,156.6041235923767,0
1595996135.9084756,363.6079602241516,156.6041235923767,0
1595996135.9184673,365.4064564704895,156.6041235923767,0
1595996135.9284608,367.2052960395813,156.6041235923767,0
1595996135.938465,369.0060667991638,156.6041235923767,0
1595996135.9484537,370.8040051460266,156.6041235923767,0
1595996135.9584692,372.60679292678833,156.6041235923767,0
1595996135.968468,374.40657663345337,156.6041235923767,0
1595996135.978474,376.20764780044556,156.6041235923767,0
1595996135.9884703,378.0070023536682,156.6041235923767,0
1595996135.99846,379.8051552772522,156.6041235923767,0
1595996136.0084581,381.6048102378845,156.6041235923767,0
1595996136.0184696,383.4068684577942,156.6041235923767,0
1595996136.028472,385.2072958946228,156.6041235923767,0
1595996136.0384622,387.00553464889526,156.6041235923767,0
1595996136.048458,388.80480337142944,156.6041235923767,0
1595996136.0584621,390.6055312156677,156.6041235923767,0
1595996136.06846,392.4051432609558,156.6041235923767,0
1595996136.078459,394.2049698829651,156.6041235923767,0
1595996136.088464,396.0058693885803,156.6041235923767,0
1595996136.0984747,397.8077988624573,156.6041235923767,0
1595996136.108455,399.60423517227173,156.6041235923767,0
1595996136.1184666,401.40633630752563,156.6041235923767,0
1595996136.128459,403.20496129989624,156.6041235923767,0
1595996136.1384637,405.00581789016724,156.6041235923767,0
1595996136.1484675,406.8065028190613,156.6041235923767,0
1595996136.1584728,408.60744524002075,156.6041235923767,0
1595996136.1684654,410.4061131477356,156.6041235923767,0
1595996136.178469,412.2067551612854,156.6041235923767,0
1595996136.1884727,414.00744009017944,156.6041235923767,0
1595996136.1984618,415.8054642677307,156.6041235923767,0
1595996136.2084634,417.6057629585266,156.6041235923767,0
1595996136.2184644,419.4059329032898,156.6041235923767,0
1595996136.2284636,421.2058024406433,156.6041235923767,0
1595996136.2384694,423.00683069229126,156.6041235923767,0
1595996136.2484717,424.8072581291199,156.6041235923767,0
1595996136.2584593,426.6050248146057,156.6041235923767,0
1595996136.2684538,428.40403604507446,156.6041235923767,0
1595996136.278469,430.20678091049194,156.6041235923767,0
1595996136.2884576,432.00471925735474,156.6041235923767,0
1595996136.298468,433.80660581588745,156.6041235923767,0
1595996136.3084683,435.6066470146179,156.6041235923767,0
1595996136.3184614,437.40540075302124,156.6041235923767,0
1595996136.3284652,439.2060856819153,156.6041235923767,0
1595996136.3384562,441.00445318222046,156.6041235923767,0
1595996136.3484654,442.806125164032,156.6041235923767,0
1595996136.3584578,444.6047501564026,156.6041235923767,0
1595996136.3684614,446.4053921699524,156.6041235923767,0
1595996136.378458,448.2047896385193,156.6041235923767,0
1595996136.3884587,450.00491666793823,156.6041235923767,0
1595996136.3984604,451.80521535873413,156.6041235923767,0
1595996136.4084604,453.60521364212036,156.6041235923767,0
1595996136.4184687,455.40671396255493,156.6041235923767,0
1595996136.4284573,457.2046523094177,156.6041235923767,0
1595996136.4384544,459.0041356086731,156.6041235923767,0
1595996136.4484677,460.80653715133667,156.6041235923767,0
1595996136.4584537,462.60400342941284,156.6041235923767,0
1595996136.4684575,464.4046883583069,156.6041235923767,0
1595996136.4784715,466.2072186470032,156.6041235923767,0
1595996136.4884655,468.00614404678345,156.6041235923767,0
1595996136.4984703,469.80700063705444,156.6041235923767,0
1595996136.5084612,471.6053681373596,156.6041235923767,0
1595996136.5184658,473.4061818122864,156.6041235923767,0
1595996136.5284553,475.2042918205261,156.6041235923767,0
1595996136.5384686,477.0066933631897,156.6041235923767,0
1595996136.5484543,478.80411672592163,156.6041235923767,0
1595996136.558471,480.60711908340454,156.6041235923767,0
1595996136.5684588,482.4049286842346,156.6041235923767,0
1595996136.5784729,484.2074589729309,156.6041235923767,0
1595996136.5884528,486.0038523674011,156.6041235923767,0
1595996136.5984535,487.80397939682007,156.6041235923767,0
1595996136.6084573,489.6046643257141,156.6041235923767,0
1595996136.6184654,491.40612173080444,156.6041235923767,0
1595996136.6284611,493.2053475379944,156.6041235923767,0
1595996136.6384661,495.0062470436096,156.6041235923767,0
1595996136.64847,496.80693197250366,156.6041235923767,0
1595996136.658454,498.6040549278259,156.6041235923767,0
1595996136.6684682,500.40662813186646,156.6041235923767,0
1595996136.6784642,502.20589685440063,156.6041235923767,0
1595996136.6884696,504.00688219070435,156.6041235923767,0
1595996136.698462,505.80550718307495,156.6041235923767,0
1595996136.708463,507.60567712783813,156.6041235923767,0
1595996136.7184682,509.4066195487976,156.6041235923767,0
1595996136.7284539,511.20404291152954,156.6041235923767,0
1595996136.7384655,513.0061440467834,156.6041235923767,0
1595996136.7484527,514.8038249015808,156.6041235923767,0
1595996136.7584648,516.6060118675232,156.6041235923767,0
1595996136.7584648,0,156.6041235923767,0
1595996136.7684784,158.40656805038452,156.6041235923767,0
1595996136.7784748,160.20592260360718,156.6041235923767,0
1595996136.7884772,162.0063500404358,156.6041235923767,0
1595996136.7984776,163.8064341545105,156.6041235923767,0
1595996136.8084683,165.60475873947144,156.6041235923767,0
1595996136.818482,167.40720319747925,156.6041235923767,0
1595996136.8284676,169.20462656021118,156.6041235923767,0
1595996136.8384776,171.00642728805542,156.6041235923767,0
1595996136.848477,172.80629682540894,156.6041235923767,0
1595996136.8584743,174.60582304000854,156.6041235923767,0
1595996136.8684695,176.40496301651,156.6041235923767,0
1595996136.878471,178.20521879196167,156.6041235923767,0
1595996136.8884811,180.00706243515015,156.6041235923767,0
1595996136.8984647,181.80409955978394,156.6041235923767,0
1595996136.9084756,183.60607194900513,156.6041235923767,0
1595996136.918478,185.40649938583374,156.6041235923767,0
1595996136.9284718,187.20538187026978,156.6041235923767,0
1595996136.938467,189.00452184677124,156.6041235923767,0
1595996136.9484646,190.8040909767151,156.6041235923767,0
1595996136.9584756,192.60606336593628,156.6041235923767,0
1595996136.968481,194.40704870224,156.6041235923767,0
1595996136.9784734,196.2056736946106,156.6041235923767,0
1595996136.988467,198.0045132637024,156.6041235923767,0
1595996136.9984736,199.8057131767273,156.6041235923767,0
1595996137.008469,201.604896068573,156.6041235923767,0
1595996137.0184672,203.40455102920532,156.6041235923767,0
1595996137.0284672,205.20454931259155,156.6041235923767,0
1595996137.038468,207.0046763420105,156.6041235923767,0
1595996137.0484736,208.80570459365845,156.6041235923767,0
1595996137.0584862,210.6079773902893,156.6041235923767,0
1595996137.0684743,212.40582990646362,156.6041235923767,0
1595996137.0784721,214.2054419517517,156.6041235923767,0
1595996137.088473,216.0056118965149,156.6041235923767,0
1595996137.09847,217.80505228042603,156.6041235923767,0
1595996137.1084692,219.60492181777954,156.6041235923767,0
1595996137.1184833,221.40745210647583,156.6041235923767,0
1595996137.1284835,223.2074933052063,156.6041235923767,0
1595996137.1384645,225.00405836105347,156.6041235923767,0
1595996137.148476,226.80611658096313,156.6041235923767,0
1595996137.1584852,228.60778856277466,156.6041235923767,0
1595996137.1684678,230.4046540260315,156.6041235923767,0
1595996137.1784794,232.2067551612854,156.6041235923767,0
1595996137.1884692,234.00490808486938,156.6041235923767,0
1595996137.1984825,235.80730962753296,156.6041235923767,0
1595996137.208472,237.6054196357727,156.6041235923767,0
1595996137.2184772,239.40636205673218,156.6041235923767,0
1595996137.2284858,241.207905292511,156.6041235923767,0
1595996137.238467,243.0045132637024,156.6041235923767,0
1595996137.2484827,244.80734395980835,156.6041235923767,0
1595996137.2584732,246.60562562942505,156.6041235923767,0
1595996137.268485,248.4077696800232,156.6041235923767,0
1595996137.278486,250.20793962478638,156.6041235923767,0
1595996137.2884731,252.00562047958374,156.6041235923767,0
1595996137.2984824,253.80729246139526,156.6041235923767,0
1595996137.3084688,255.6048445701599,156.6041235923767,0
1595996137.318483,257.40741777420044,156.6041235923767,0
1595996137.328473,259.20561361312866,156.6041235923767,0
1595996137.338478,261.0065131187439,156.6041235923767,0
1595996137.3484757,262.80608224868774,156.6041235923767,0
1595996137.3584764,264.6062092781067,156.6041235923767,0
1595996137.3684728,266.40556383132935,156.6041235923767,0
1595996137.3784842,268.207622051239,156.6041235923767,0
1595996137.388471,270.0052170753479,156.6041235923767,0
1595996137.3984668,271.8044857978821,156.6041235923767,0
1595996137.4084718,273.6053853034973,156.6041235923767,0
1595996137.4184697,275.4049973487854,156.6041235923767,0
1595996137.4284642,277.20400857925415,156.6041235923767,0
1595996137.4384737,279.0057234764099,156.6041235923767,0
1595996137.4484808,280.8070092201233,156.6041235923767,0
1595996137.458486,282.60795164108276,156.6041235923767,0
1595996137.4684706,284.4051604270935,156.6041235923767,0
1595996137.4784796,286.2067894935608,156.6041235923767,0
1595996137.4884753,288.00601530075073,156.6041235923767,0
1595996137.4984715,289.80532693862915,156.6041235923767,0
1595996137.508479,291.606698513031,156.6041235923767,0
1595996137.5184803,293.4069113731384,156.6041235923767,0
1595996137.5284727,295.20553636550903,156.6041235923767,0
1595996137.5384836,297.0075087547302,156.6041235923767,0
1595996137.5484645,298.8040738105774,156.6041235923767,0
1595996137.5584788,300.6066470146179,156.6041235923767,0
1595996137.5684721,302.4054436683655,156.6041235923767,0
1595996137.578483,304.20741605758667,156.6041235923767,0
1595996137.588484,306.00758600234985,156.6041235923767,0
1595996137.5984807,307.80698347091675,156.6041235923767,0
1595996137.60847,309.60505056381226,156.6041235923767,0
1595996137.6184819,311.4071946144104,156.6041235923767,0
1595996137.6284676,313.20461797714233,156.6041235923767,0
1595996137.6384728,315.0055603981018,156.6041235923767,0
1595996137.648469,316.8048720359802,156.6041235923767,0
1595996137.6584837,318.60753107070923,156.6041235923767,0
1595996137.6684775,320.40641355514526,156.6041235923767,0
1595996137.6784647,322.2040944099426,156.6041235923767,0
1595996137.68848,324.0068392753601,156.6041235923767,0
1595996137.6984706,325.80516386032104,156.6041235923767,0
1595996137.7084844,327.6076512336731,156.6041235923767,0
1595996137.718482,329.40722036361694,156.6041235923767,0
1595996137.7284667,331.2044720649719,156.6041235923767,0
1595996137.7384803,333.00691652297974,156.6041235923767,0
1595996137.748482,334.80721521377563,156.6041235923767,0
1595996137.7584805,336.60695600509644,156.6041235923767,0
1595996137.7684727,338.4055380821228,156.6041235923767,0
1595996137.7784803,340.20690965652466,156.6041235923767,0
1595996137.7884753,342.0060067176819,156.6041235923767,0
1595996137.7984786,343.80660581588745,156.6041235923767,0
1595996137.808474,345.60578870773315,156.6041235923767,0
1595996137.8184845,347.40767526626587,156.6041235923767,0
1595996137.8284674,349.20458364486694,156.6041235923767,0
1595996137.8384812,351.007071018219,156.6041235923767,0
1595996137.848483,352.80741262435913,156.6041235923767,0
1595996137.858482,354.60719633102417,156.6041235923767,0
1595996137.8684683,356.4047484397888,156.6041235923767,0
1595996137.8784783,358.20654916763306,156.6041235923767,0
1595996137.8884618,360,156.6041235923767,1
1595996137.8885996,360.0283913612366,156.6041235923767,0
1595996137.898466,361.80435705184937,156.6041235923767,0
1595996137.908479,363.60667276382446,156.6041235923767,0
1595996137.918478,365.40649938583374,156.6041235923767,0
1595996137.928471,367.20525312423706,156.6041235923767,0
1595996137.9384859,369.00791215896606,156.6041235923767,0
1595996137.9484856,370.80786752700806,156.6041235923767,0
1595996137.9584765,372.60623502731323,156.6041235923767,0
1595996137.9684706,374.4051604270935,156.6041235923767,0
1595996137.9784799,376.20683240890503,156.6041235923767,0
1595996137.9884825,378.0073027610779,156.6041235923767,0
1595996137.9984677,379.80464029312134,156.6041235923767,0
1595996138.0084846,381.6076855659485,156.6041235923767,0
1595996138.0184758,383.4060959815979,156.6041235923767,0
1595996138.0284839,385.20755338668823,156.6041235923767,0
1595996138.0384781,387.00652170181274,156.6041235923767,0
1595996138.048474,388.8057904243469,156.6041235923767,0
1595996138.058468,390.6047158241272,156.6041235923767,0
1595996138.068483,392.40741777420044,156.6041235923767,0
1595996138.0784812,394.20707273483276,156.6041235923767,0
1595996138.0884767,396.00625562667847,156.6041235923767,0
1595996138.0984843,397.8076272010803,156.6041235923767,0
1595996138.1084647,399.604106426239,156.6041235923767,0
1595996138.118468,401.4047055244446,156.6041235923767,0
1595996138.1284754,403.2060341835022,156.6041235923767,0
1595996138.1384811,405.00706243515015,156.6041235923767,0
1595996138.1484845,406.8076615333557,156.6041235923767,0
1595996138.158471,408.6052565574646,156.6041235923767,0
1595996138.1684825,410.40731477737427,156.6041235923767,0
1595996138.1784728,412.20555353164673,156.6041235923767,0
1595996138.1884685,414.00477933883667,156.6041235923767,0
1595996138.1984828,415.8073525428772,156.6041235923767,0
1595996138.2084846,417.60769414901733,156.6041235923767,0
1595996138.2184799,419.4068341255188,156.6041235923767,0
1595996138.228479,421.2066607475281,156.6041235923767,0
1595996138.23848,423.0068736076355,156.6041235923767,0
1595996138.2484665,424.80442571640015,156.6041235923767,0
1595996138.2584805,426.60695600509644,156.6041235923767,0
1595996138.2684639,428.403950214386,156.6041235923767,0
1595996138.2784855,430.2078537940979,156.6041235923767,0
1595996138.2884743,432.00583505630493,156.6041235923767,0
1595996138.2984774,433.80639123916626,156.6041235923767,0
1595996138.308477,435.606303691864,156.6041235923767,0
1595996138.3184843,437.40763235092163,156.6041235923767,0
1595996138.3284822,439.2072443962097,156.6041235923767,0
1595996138.3384728,441.00556898117065,156.6041235923767,0
1595996138.348482,442.80719804763794,156.6041235923767,0
1595996138.3584669,444.60449266433716,156.6041235923767,0
1595996138.3684683,446.4047484397888,156.6041235923767,0
1595996138.3784754,448.2060341835022,156.6041235923767,0
1595996138.3884633,450.0038437843323,156.6041235923767,0
1595996138.398476,451.80611658096313,156.6041235923767,0
1595996138.4084659,453.60431241989136,156.6041235923767,0
1595996138.418478,455.40649938583374,156.6041235923767,0
1595996138.4284635,457.20387983322144,156.6041235923767,0
1595996138.4384809,459.00701093673706,156.6041235923767,0
1595996138.4484818,460.80718088150024,156.6041235923767,0
1595996138.4584727,462.6055483818054,156.6041235923767,0
1595996138.4684849,464.4077353477478,156.6041235923767,0
1595996138.478468,466.2046866416931,156.6041235923767,0
1595996138.4884696,468.004985332489,156.6041235923767,0
1595996138.4984767,469.8062710762024,156.6041235923767,0
1595996138.5084693,471.60493898391724,156.6041235923767,0
1595996138.5184658,473.4042935371399,156.6041235923767,0
1595996138.5284662,475.2043776512146,156.6041235923767,0
1595996138.538471,477.0052342414856,156.6041235923767,0
1595996138.5484762,478.80617666244507,156.6041235923767,0
1595996138.5584795,480.60677576065063,156.6041235923767,0
1595996138.5684726,482.40552949905396,156.6041235923767,0
1595996138.5784721,484.2054419517517,156.6041235923767,0
1595996138.5884683,486.0047535896301,156.6041235923767,0
1595996138.5984714,487.80530977249146,156.6041235923767,0
1595996138.6084762,489.60616636276245,156.6041235923767,0
1595996138.6184838,491.4075379371643,156.6041235923767,0
1595996138.628481,493.2070212364197,156.6041235923767,0
1595996138.6384838,495.00753450393677,156.6041235923767,0
1595996138.6484816,496.80714654922485,156.6041235923767,0
1595996138.6584742,498.6058144569397,156.6041235923767,0
1595996138.668466,500.4043536186218,156.6041235923767,0
1595996138.6784742,502.20581102371216,156.6041235923767,0
1595996138.6884785,504.0065817832947,156.6041235923767,0
1595996138.6984837,505.80752420425415,156.6041235923767,0
1595996138.708484,507.6075654029846,156.6041235923767,0
1595996138.7184803,509.4069199562073,156.6041235923767,0
1595996138.7284768,511.20627450942993,156.6041235923767,0
1595996138.738481,513.0070452690125,156.6041235923767,0
1595996138.7484763,514.8061852455139,156.6041235923767,0
1595996138.7584832,516.607428073883,156.6041235923767,0
1595996138.7584832,0,156.6041235923767,0
1595996138.76849,158.40536642074585,156.6041235923767,0
1595996138.7784858,160.2045922279358,156.6041235923767,0
1595996138.7884953,162.00630712509155,156.6041235923767,0
1595996138.7984931,163.80591917037964,156.6041235923767,0
1595996138.808488,165.60497331619263,156.6041235923767,0
1595996138.8184893,167.4052290916443,156.6041235923767,0
1595996138.828492,169.20569944381714,156.6041235923767,0
1595996138.8384838,171.00423860549927,156.6041235923767,0
1595996138.848487,172.8047947883606,156.6041235923767,0
1595996138.8584917,174.6056513786316,156.6041235923767,0
1595996138.8685045,176.4079670906067,156.6041235923767,0
1595996138.878496,178.20642042160034,156.6041235923767,0
1595996138.8885036,180.0077919960022,156.6041235923767,0
1595996138.8984926,181.80581617355347,156.6041235923767,0
1595996138.9084914,183.6055998802185,156.6041235923767,0
1595996138.9185023,185.4075722694397,156.6041235923767,0
1595996138.9284966,187.2065405845642,156.6041235923767,0
1595996138.938498,189.00679636001587,156.6041235923767,0
1595996138.9484978,190.80675172805786,156.6041235923767,0
1595996138.9584846,192.604389667511,156.6041235923767,0
1595996138.9685035,194.40777826309204,156.6041235923767,0
1595996138.978487,196.20481538772583,156.6041235923767,0
1595996138.9884903,198.0054144859314,156.6041235923767,0
1595996138.9984858,199.8045973777771,156.6041235923767,0
1595996139.0084841,201.60429525375366,156.6041235923767,0
1595996139.0184834,203.40416479110718,156.6041235923767,0
1595996139.0284925,205.20579385757446,156.6041235923767,0
1595996139.038501,207.00733709335327,156.6041235923767,0
1595996139.0485027,208.80763578414917,156.6041235923767,0
1595996139.0585,210.60716199874878,156.6041235923767,0
1595996139.068489,212.40518617630005,156.6041235923767,0
1595996139.0785027,214.20763063430786,156.6041235923767,0
1595996139.0884926,216.00582647323608,156.6041235923767,0
1595996139.0985034,217.80775594711304,156.6041235923767,0
1595996139.108493,219.60590887069702,156.6041235923767,0
1595996139.1184974,221.40667963027954,156.6041235923767,0
1595996139.1284997,223.20710706710815,156.6041235923767,0
1595996139.1384833,225.00414419174194,156.6041235923767,0
1595996139.1484973,226.80667448043823,156.6041235923767,0
1595996139.1584837,228.60422658920288,156.6041235923767,0
1595996139.168502,230.40752935409546,156.6041235923767,0
1595996139.1784983,232.20684099197388,156.6041235923767,0
1595996139.1884866,234.00473642349243,156.6041235923767,0
1595996139.198489,235.80516386032104,156.6041235923767,0
1595996139.208498,237.60679292678833,156.6041235923767,0
1595996139.21849,239.40533208847046,156.6041235923767,0
1595996139.2284849,241.20442914962769,156.6041235923767,0
1595996139.238487,243.00481367111206,156.6041235923767,0
1595996139.2485013,244.8073868751526,156.6041235923767,0
1595996139.2585022,246.60755681991577,156.6041235923767,0
1595996139.2684844,248.40433645248413,156.6041235923767,0
1595996139.2784941,250.20609426498413,156.6041235923767,0
1595996139.2884905,252.0054488182068,156.6041235923767,0
1595996139.2984996,253.80707788467407,156.6041235923767,0
1595996139.3084886,255.60510206222534,156.6041235923767,0
1595996139.3184958,257.4063878059387,156.6041235923767,0
1595996139.3284948,259.206214427948,156.6041235923767,0
1595996139.3384876,261.0049252510071,156.6041235923767,0
1595996139.3484907,262.8054814338684,156.6041235923767,0
1595996139.358488,264.605007648468,156.6041235923767,0
1595996139.368488,266.40500593185425,156.6041235923767,0
1595996139.3785024,268.2075791358948,156.6041235923767,0
1595996139.388504,270.0078778266907,156.6041235923767,0
1595996139.39849,271.80534410476685,156.6041235923767,0
1595996139.4084942,273.60611486434937,156.6041235923767,0
1595996139.4184883,275.40504026412964,156.6041235923767,0
1595996139.4284985,277.2068839073181,156.6041235923767,0
1595996139.4384837,279.0042214393616,156.6041235923767,0
1595996139.448493,280.8058934211731,156.6041235923767,0
1595996139.458503,282.60769414901733,156.6041235923767,0
1595996139.4684887,284.40511751174927,156.6041235923767,0
1595996139.4784937,286.2060170173645,156.6041235923767,0
1595996139.488491,288.0055432319641,156.6041235923767,0
1595996139.4985013,289.8073868751526,156.6041235923767,0
1595996139.5085003,291.60721349716187,156.6041235923767,0
1595996139.5185013,293.40738344192505,156.6041235923767,0
1595996139.528491,295.20553636550903,156.6041235923767,0
1595996139.5384989,297.0069508552551,156.6041235923767,0
1595996139.5485027,298.80763578414917,156.6041235923767,0
1595996139.558484,300.6042866706848,156.6041235923767,0
1595996139.568483,302.4041132926941,156.6041235923767,0
1595996139.5784917,304.2056565284729,156.6041235923767,0
1595996139.588504,306.0078864097595,156.6041235923767,0
1595996139.5984955,307.8063397407532,156.6041235923767,0
1595996139.6084962,309.6064667701721,156.6041235923767,0
1595996139.6184995,311.4070658683777,156.6041235923767,0
1595996139.628499,313.20697832107544,156.6041235923767,0
1595996139.6384978,315.0067620277405,156.6041235923767,0
1595996139.6484952,316.8062882423401,156.6041235923767,0
1595996139.6584973,318.60667276382446,156.6041235923767,0
1595996139.6684942,320.4061131477356,156.6041235923767,0
1595996139.6784928,322.2058539390564,156.6041235923767,0
1595996139.6884844,324.0043501853943,156.6041235923767,0
1595996139.6984823,325.8039622306824,156.6041235923767,0
1595996139.7085001,327.6071791648865,156.6041235923767,0
1595996139.7184906,329.4054608345032,156.6041235923767,0
1595996139.7285018,331.2074761390686,156.6041235923767,0
1595996139.7384825,333.00399827957153,156.6041235923767,0
1595996139.748502,334.8075156211853,156.6041235923767,0
1595996139.7584887,336.6051106452942,156.6041235923767,0
1595996139.7684991,338.4069972038269,156.6041235923767,0
1595996139.7784827,340.2040343284607,156.6041235923767,0
1595996139.7884915,342.00562047958374,156.6041235923767,0
1595996139.798486,343.8046317100525,156.6041235923767,0
1595996139.8084896,345.6052737236023,156.6041235923767,0
1595996139.8184874,347.4048857688904,156.6041235923767,0
1595996139.828492,349.20569944381714,156.6041235923767,0
1595996139.8384912,351.00556898117065,156.6041235923767,0
1595996139.848494,352.80608224868774,156.6041235923767,0
1595996139.8585026,354.60762548446655,156.6041235923767,0
1595996139.8685036,356.40779542922974,156.6041235923767,0
1595996139.8784912,358.2055621147156,156.6041235923767,0
1595996139.8884718,360,156.6041235923767,1
1595996139.888601,360.02534437179565,156.6041235923767,0
1595996139.8985002,361.8071894645691,156.6041235923767,0
1595996139.9084857,363.6045699119568,156.6041235923767,0
1595996139.918497,365.40662813186646,156.6041235923767,0
1595996139.9284945,367.20615434646606,156.6041235923767,0
1595996139.9384964,369.0064959526062,156.6041235923767,0
1595996139.9484935,370.8059792518616,156.6041235923767,0
1595996139.9585004,372.6072220802307,156.6041235923767,0
1595996139.9684892,374.40520334243774,156.6041235923767,0
1595996139.9784927,376.20584535598755,156.6041235923767,0
1595996139.988502,378.0075173377991,156.6041235923767,0
1595996139.9984896,379.8052840232849,156.6041235923767,0
1595996140.008485,381.6044669151306,156.6041235923767,0
1595996140.0184855,383.4045510292053,156.6041235923767,0
1595996140.028482,385.203905582428,156.6041235923767,0
1595996140.0384982,387.0068221092224,156.6041235923767,0
1595996140.0484881,388.80501794815063,156.6041235923767,0
1595996140.0584967,390.60656118392944,156.6041235923767,0
1595996140.0684898,392.40531492233276,156.6041235923767,0
1595996140.0784895,394.20527029037476,156.6041235923767,0
1595996140.0884957,396.0063843727112,156.6041235923767,0
1595996140.0984836,397.80419397354126,156.6041235923767,0
1595996140.1084924,399.6057801246643,156.6041235923767,0
1595996140.1184888,401.40513467788696,156.6041235923767,0
1595996140.128496,403.20642042160034,156.6041235923767,0
1595996140.1384823,405.003972530365,156.6041235923767,0
1595996140.1484888,406.80512952804565,156.6041235923767,0
1595996140.1584902,408.6053853034973,156.6041235923767,0
1595996140.1684897,410.40529775619507,156.6041235923767,0
1595996140.1784978,412.2067551612854,156.6041235923767,0
1595996140.188482,414.0039210319519,156.6041235923767,0
1595996140.1985006,415.8072667121887,156.6041235923767,0
1595996140.2085013,417.60739374160767,156.6041235923767,0
1595996140.2184908,419.4055037498474,156.6041235923767,0
1595996140.228491,421.2055449485779,156.6041235923767,0
1595996140.238488,423.004985332489,156.6041235923767,0
1595996140.248499,424.8069577217102,156.6041235923767,0
1595996140.2585015,426.60742807388306,156.6041235923767,0
1595996140.2684894,428.40523767471313,156.6041235923767,0
1595996140.278497,430.206609249115,156.6041235923767,0
1595996140.2884846,432.00437593460083,156.6041235923767,0
1595996140.298497,433.80660581588745,156.6041235923767,0
1595996140.308497,435.6066040992737,156.6041235923767,0
1595996140.3185024,437.4075894355774,156.6041235923767,0
1595996140.3284867,439.2047553062439,156.6041235923767,0
1595996140.338497,441.0065989494324,156.6041235923767,0
1595996140.3484912,442.8055672645569,156.6041235923767,0
1595996140.3584988,444.60693883895874,156.6041235923767,0
1595996140.3684988,446.40693712234497,156.6041235923767,0
1595996140.378485,448.2044463157654,156.6041235923767,0
1595996140.3884819,450.0038866996765,156.6041235923767,0
1595996140.3984854,451.8045287132263,156.6041235923767,0
1595996140.4084976,453.6067156791687,156.6041235923767,0
1595996140.4184875,455.4049115180969,156.6041235923767,0
1595996140.428492,457.2057251930237,156.6041235923767,0
1595996140.4384816,459.0038352012634,156.6041235923767,0
1595996140.4484918,460.8056788444519,156.6041235923767,0
1595996140.458485,462.6044325828552,156.6041235923767,0
1595996140.4684992,464.40700578689575,156.6041235923767,0
1595996140.4784963,466.2064890861511,156.6041235923767,0
1595996140.4884856,468.00455617904663,156.6041235923767,0
1595996140.4984872,469.80485486984253,156.6041235923767,0
1595996140.5084858,471.60459566116333,156.6041235923767,0
1595996140.5184886,473.4051089286804,156.6041235923767,0
1595996140.5284884,475.2050642967224,156.6041235923767,0
1595996140.5384972,477.00665044784546,156.6041235923767,0
1595996140.5485024,478.80759286880493,156.6041235923767,0
1595996140.5584886,480.60510206222534,156.6041235923767,0
1595996140.5684862,482.4046711921692,156.6041235923767,0
1595996140.57849,484.20535612106323,156.6041235923767,0
1595996140.5884936,486.00599813461304,156.6041235923767,0
1595996140.5985003,487.80719804763794,156.6041235923767,0
1595996140.6084895,489.60526514053345,156.6041235923767,0
1595996140.6184874,491.40487718582153,156.6041235923767,0
1595996140.6284883,493.2050471305847,156.6041235923767,0
1595996140.6384947,495.0062041282654,156.6041235923767,0
1595996140.648495,496.80624532699585,156.6041235923767,0
1595996140.6584907,498.6054711341858,156.6041235923767,0
1595996140.6684844,500.4043536186218,156.6041235923767,0
1595996140.6784966,502.2065405845642,156.6041235923767,0
1595996140.6884995,504.0070538520813,156.6041235923767,0
1595996140.6984863,505.8046917915344,156.6041235923767,0
1595996140.7084882,507.60503339767456,156.6041235923767,0
1595996140.7184932,509.4059329032898,156.6041235923767,0
1595996140.728492,511.20571660995483,156.6041235923767,0
1595996140.7384975,513.0067019462585,156.6041235923767,0
1595996140.7484937,514.806013584137,156.6041235923767,0
1595996140.7584894,516.6052393913269,156.6041235923767,0
1595996140.7584894,0,156.6041235923767,0
1595996140.7685008,158.40618181228638,156.6041235923767,0
1595996140.7785003,160.20609426498413,156.6041235923767,0
1595996140.78849,162.00424718856812,156.6041235923767,0
1595996140.7984905,163.80433130264282,156.6041235923767,0
1595996140.8085105,165.60793447494507,156.6041235923767,0
1595996140.8184912,167.404456615448,156.6041235923767,0
1595996140.8285005,169.20612859725952,156.6041235923767,0
1595996140.8385108,171.007972240448,156.6041235923767,0
1595996140.8485026,172.80651140213013,156.6041235923767,0
1595996140.8584938,174.60492181777954,156.6041235923767,0
1595996140.868508,176.40749502182007,156.6041235923767,0
1595996140.8784962,178.20534753799438,156.6041235923767,0
1595996140.8884954,180.0052170753479,156.6041235923767,0
1595996140.898501,181.8062024116516,156.6041235923767,0
1595996140.9084923,183.60465574264526,156.6041235923767,0
1595996140.9184926,185.40469694137573,156.6041235923767,0
1595996140.9285102,187.2078709602356,156.6041235923767,0
1595996140.9384947,189.00507974624634,156.6041235923767,0
1595996140.9484909,190.80439138412476,156.6041235923767,0
1595996140.9585044,192.60683584213257,156.6041235923767,0
1595996140.9684994,194.4059329032898,156.6041235923767,0
1595996140.9785028,196.20653200149536,156.6041235923767,0
1595996140.9885068,198.00725984573364,156.6041235923767,0
1595996140.9984937,199.80489778518677,156.6041235923767,0
1595996141.008497,201.60549688339233,156.6041235923767,0
1595996141.0185103,203.4078984260559,156.6041235923767,0
1595996141.0284982,205.205708026886,156.6041235923767,0
1595996141.0385087,207.0075945854187,156.6041235923767,0
1595996141.0485108,208.80797910690308,156.6041235923767,0
1595996141.0585048,210.60690450668335,156.6041235923767,0
1595996141.0685043,212.4068169593811,156.6041235923767,0
1595996141.0784965,214.20539903640747,156.6041235923767,0
1595996141.0884962,216.00535440444946,156.6041235923767,0
1595996141.0985048,217.80689764022827,156.6041235923767,0
1595996141.1084995,219.60595178604126,156.6041235923767,0
1595996141.1185088,221.40762376785278,156.6041235923767,0
1595996141.1284938,223.204918384552,156.6041235923767,0
1595996141.1384945,225.00504541397095,156.6041235923767,0
1595996141.1484969,226.80547285079956,156.6041235923767,0
1595996141.158507,228.60731649398804,156.6041235923767,0
1595996141.1685102,230.40787267684937,156.6041235923767,0
1595996141.178492,232.2046093940735,156.6041235923767,0
1595996141.1884918,234.00456476211548,156.6041235923767,0
1595996141.1985085,235.8075671195984,156.6041235923767,0
1595996141.2085016,237.6063208580017,156.6041235923767,0
1595996141.2185009,239.40619039535522,156.6041235923767,0
1595996141.2284956,241.2052445411682,156.6041235923767,0
1595996141.2384982,243.00571489334106,156.6041235923767,0
