Timestamp,Phase,Heading,Ping?
1595994501.000094,130.0,130.0,0
1595994501.0101044,131.80102825164795,130.0,0
1595994501.0201042,133.60098361968994,130.0,0
1595994501.0301125,135.4024839401245,130.0,0
1595994501.0401144,137.20282554626465,130.0,0
1595994501.050106,139.00132179260254,130.0,0
1595994501.0601127,140.80252170562744,130.0,0
1595994501.0701125,142.60247707366943,130.0,0
1595994501.0801191,144.40367698669434,130.0,0
1595994501.0901093,146.2019157409668,130.0,0
1595994501.100107,148.00148487091064,130.0,0
1595994501.110102,149.80058193206787,130.0,0
1595994501.1201193,151.6037130355835,130.0,0
1595994501.130106,153.40130805969238,130.0,0
1595994501.140119,155.20366668701172,130.0,0
1595994501.150099,157.00006008148193,130.0,0
1595994501.1600995,158.80014419555664,130.0,0
1595994501.1701186,160.60357570648193,130.0,0
1595994501.1801155,162.40301609039307,130.0,0
1595994501.1901038,164.20091152191162,130.0,0
1595994501.2001107,166.00215435028076,130.0,0
1595994501.2101138,167.8027105331421,130.0,0
1595994501.2201185,169.6035671234131,130.0,0
1595994501.2301168,171.40326499938965,130.0,0
1595994501.2401028,173.20073127746582,130.0,0
1595994501.2501016,175.00051498413086,130.0,0
1595994501.260105,176.80111408233643,130.0,0
1595994501.2701192,178.60368728637695,130.0,0
1595994501.280115,180.4029130935669,130.0,0
1595994501.2901156,182.20304012298584,130.0,0
1595994501.3001037,184.00089263916016,130.0,0
1595994501.3101065,185.80140590667725,130.0,0
1595994501.3201132,187.60260581970215,130.0,0
1595994501.3301086,189.40178871154785,130.0,0
1595994501.3401039,191.20092868804932,130.0,0
1595994501.350114,193.0027723312378,130.0,0
1595994501.360114,194.80277061462402,130.0,0
1595994501.3700988,196.600022315979,130.0,0
1595994501.3801014,198.40049266815186,130.0,0
1595994501.3901048,200.20109176635742,130.0,0
1595994501.4001136,202.00267791748047,130.0,0
1595994501.4101095,203.80194664001465,130.0,0
1595994501.4201012,205.60044288635254,130.0,0
1595994501.4300992,207.40009784698486,130.0,0
1595994501.4401083,209.20172691345215,130.0,0
1595994501.4501097,211.0019826889038,130.0,0
1595994501.4601035,212.80086517333984,130.0,0
1595994501.467072,214.05519485473633,130.0,0
1595994501.467072,316.2165584564209,232.16136360168457,0
1595994501.470099,316.7614116668701,232.16136360168457,0
1595994501.4801002,318.56162452697754,232.16136360168457,0
1595994501.4900997,320.3615369796753,232.16136360168457,0
1595994501.5001006,322.1617069244385,232.16136360168457,0
1595994501.5100996,323.96153354644775,232.16136360168457,0
1595994501.5201051,325.76251888275146,232.16136360168457,0
1595994501.5301125,327.5638475418091,232.16136360168457,0
1595994501.5401015,329.36187171936035,232.16136360168457,0
1595994501.550113,331.16392993927,232.16136360168457,0
1595994501.560116,332.96448612213135,232.16136360168457,0
1595994501.5700994,334.7614803314209,232.16136360168457,0
1595994501.5801,336.56160736083984,232.16136360168457,0
1595994501.5901124,338.36383724212646,232.16136360168457,0
1595994501.6001108,340.163535118103,232.16136360168457,0
1595994501.610119,341.9650354385376,232.16136360168457,0
1595994501.6201162,343.76451873779297,232.16136360168457,0
1595994501.6301084,345.56310081481934,232.16136360168457,0
1595994501.6401176,347.36477279663086,232.16136360168457,0
1595994501.6501162,349.16451358795166,232.16136360168457,0
1595994501.6601043,350.962366104126,232.16136360168457,0
1595994501.6701093,352.7632656097412,232.16136360168457,0
1595994501.6801178,354.56480884552,232.16136360168457,0
1595994501.6901128,356.36390590667725,232.16136360168457,0
1595994501.700108,358.1630458831787,232.16136360168457,0
1595994501.7101119,359.96373081207275,232.16136360168457,0
1595994501.710335,360,232.16136360168457,1
1595994501.7201023,361.76201248168945,232.16136360168457,0
1595994501.730114,363.56411361694336,232.16136360168457,0
1595994501.735947,364.6140375137329,232.16136360168457,0
1595994501.735947,613.3842112541199,480.9315373420715,0
1595994501.7401104,614.133641910553,480.9315373420715,0
1595994501.750106,615.932867717743,480.9315373420715,0
1595994501.7601142,617.7343251228333,480.9315373420715,0
1595994501.77012,619.5353533744812,480.9315373420715,0
1595994501.7801166,621.3347508430481,480.9315373420715,0
1595994501.7901103,623.1336333274842,480.9315373420715,0
1595994501.800114,624.934275341034,480.9315373420715,0
1595994501.8101048,626.7326428413392,480.9315373420715,0
1595994501.820118,628.5350014686585,480.9315373420715,0
1595994501.8301122,630.333969783783,480.9315373420715,0
1595994501.8401144,632.1343543052674,480.9315373420715,0
1595994501.8501163,633.9346959114075,480.9315373420715,0
1595994501.8601115,635.733835887909,480.9315373420715,0
1595994501.8701131,637.5341345787049,480.9315373420715,0
1595994501.8801003,639.3318154335022,480.9315373420715,0
1595994501.8901167,641.1347748756409,480.9315373420715,0
1595994501.9001095,642.9334856987,480.9315373420715,0
1595994501.9101074,644.7330977439881,480.9315373420715,0
1595994501.9201195,646.5352847099305,480.9315373420715,0
1595994501.9301105,648.3336522102356,480.9315373420715,0
1595994501.940116,650.1346375465394,480.9315373420715,0
1595994501.950106,651.9328333854676,480.9315373420715,0
1595994501.9601152,653.7345053672791,480.9315373420715,0
1595994501.970106,655.53282995224,480.9315373420715,0
1595994501.980103,657.3323132514954,480.9315373420715,0
1595994501.9901168,659.1348006248475,480.9315373420715,0
1595994502.0001013,660.9320094108582,480.9315373420715,0
1595994502.0101035,662.7323939323426,480.9315373420715,0
1595994502.0201073,664.5330788612366,480.9315373420715,0
1595994502.0301025,666.3322188377381,480.9315373420715,0
1595994502.0401025,668.1322171211243,480.9315373420715,0
1595994502.0501094,669.9334599494935,480.9315373420715,0
1595994502.0601134,671.7341877937317,480.9315373420715,0
1595994502.0701063,673.5328986167908,480.9315373420715,0
1595994502.080119,675.3351714134217,480.9315373420715,0
1595994502.0901165,677.1347405433655,480.9315373420715,0
1595994502.1001143,678.9343525886536,480.9315373420715,0
1595994502.110111,680.7337500572205,480.9315373420715,0
1595994502.1200988,682.5315596580506,480.9315373420715,0
1595994502.130098,684.3314291954041,480.9315373420715,0
1595994502.1400976,686.1313416481019,480.9315373420715,0
1595994502.1501112,687.9337861061097,480.9315373420715,0
1595994502.1601048,689.7326256752015,480.9315373420715,0
1595994502.170104,691.532495212555,480.9315373420715,0
1595994502.1800997,693.3317210197449,480.9315373420715,0
1595994502.1901069,695.1330067634583,480.9315373420715,0
1595994502.200119,696.9351937294007,480.9315373420715,0
1595994502.210115,698.7344624519349,480.9315373420715,0
1595994502.220098,700.5314137458802,480.9315373420715,0
1595994502.2301176,702.3349310874939,480.9315373420715,0
1595994502.2401152,704.1345002174378,480.9315373420715,0
1595994502.2501004,705.9318377494812,480.9315373420715,0
1595994502.2601106,707.7336813926697,480.9315373420715,0
1595994502.2701125,709.5340229988099,480.9315373420715,0
1595994502.2801178,711.3349654197693,480.9315373420715,0
1595994502.2901192,713.135221195221,480.9315373420715,0
1595994502.3001158,714.9346186637879,480.9315373420715,0
1595994502.3100991,716.7316128730774,480.9315373420715,0
1595994502.320107,718.5330273628235,480.9315373420715,0
1595994502.3301077,720.3331543922425,480.9315373420715,0
1595994502.340102,722.132122707367,480.9315373420715,0
1595994502.3501124,723.9340092658997,480.9315373420715,0
1595994502.3601003,725.7318188667298,480.9315373420715,0
1595994502.3701077,727.5331475257874,480.9315373420715,0
1595994502.380106,729.332845401764,480.9315373420715,0
1595994502.390115,731.1344744682312,480.9315373420715,0
1595994502.4001055,732.932756137848,480.9315373420715,0
1595994502.4101021,734.7321536064148,480.9315373420715,0
1595994502.4201124,736.5339972496033,480.9315373420715,0
1595994502.430103,738.3323218345643,480.9315373420715,0
1595994502.440116,740.1346375465394,480.9315373420715,0
1595994502.4501073,741.933090877533,480.9315373420715,0
1595994502.460109,743.7333895683289,480.9315373420715,0
1595994502.4700985,745.5314995765686,480.9315373420715,0
1595994502.4801002,747.3317982673645,480.9315373420715,0
1595994502.4901116,749.1338564872742,480.9315373420715,0
1595994502.5001037,750.9324385643006,480.9315373420715,0
1595994502.5101118,752.7338959693909,480.9315373420715,0
1595994502.520101,754.5319630622864,480.9315373420715,0
1595994502.5301046,756.3326050758362,480.9315373420715,0
1595994502.5401063,758.1329037666321,480.9315373420715,0
1595994502.5501072,759.9330737113953,480.9315373420715,0
1595994502.5601118,761.7338873863221,480.9315373420715,0
1595994502.5701094,763.5334565162659,480.9315373420715,0
1595994502.5801022,765.332167339325,480.9315373420715,0
1595994502.590102,767.132122707367,480.9315373420715,0
1595994502.6001172,768.9348675727845,480.9315373420715,0
1595994502.6101,770.7317759513855,480.9315373420715,0
1595994502.620107,772.5330187797547,480.9315373420715,0
1595994502.630102,774.3321158409119,480.9315373420715,0
1595994502.6401088,776.133358669281,480.9315373420715,0
1595994502.6501057,777.9327990531922,480.9315373420715,0
1595994502.6601014,779.7320248603821,480.9315373420715,0
1595994502.670109,781.533396434784,480.9315373420715,0
1595994502.6801183,783.3350684165955,480.9315373420715,0
1595994502.690108,785.1332213401795,480.9315373420715,0
1595994502.7001078,786.9331767082215,480.9315373420715,0
1595994502.7101147,788.7344195365906,480.9315373420715,0
1595994502.7201157,790.5345894813538,480.9315373420715,0
1595994502.7301002,792.3317982673645,480.9315373420715,0
1595994502.740118,794.1350152015686,480.9315373420715,0
1595994502.750105,795.9326531410218,480.9315373420715,0
1595994502.7601104,797.7336384773255,480.9315373420715,0
1595994502.770118,799.5350100517273,480.9315373420715,0
1595994502.7801085,801.333291721344,480.9315373420715,0
1595994502.7901165,803.1347491264344,480.9315373420715,0
1595994502.8001006,804.9318720817566,480.9315373420715,0
1595994502.810112,806.7339303016663,480.9315373420715,0
1595994502.8201,808.5317828178406,480.9315373420715,0
1595994502.8301091,810.3334118843079,480.9315373420715,0
1595994502.8401182,812.1350409507752,480.9315373420715,0
1595994502.8501017,813.932078075409,480.9315373420715,0
1595994502.8601077,815.7331492424012,480.9315373420715,0
1595994502.8701155,817.5345637321473,480.9315373420715,0
1595994502.8801029,819.3322875022889,480.9315373420715,0
1595994502.8901045,821.1325861930848,480.9315373420715,0
1595994502.9001076,822.9331423759461,480.9315373420715,0
1595994502.9101155,824.7345568656922,480.9315373420715,0
1595994502.9201102,826.5336110115052,480.9315373420715,0
1595994502.9301102,828.3336092948914,480.9315373420715,0
1595994502.9401011,830.1319767951966,480.9315373420715,0
1595994502.9500997,831.9317175865174,480.9315373420715,0
1595994502.9601114,833.7338187217713,480.9315373420715,0
1595994502.9701064,835.5329157829285,480.9315373420715,0
1595994502.9801068,837.3329998970032,480.9315373420715,0
1595994502.9901028,839.1322686195374,480.9315373420715,0
1595994503.0001168,840.9347989082337,480.9315373420715,0
1595994503.0001168,0,480.9315373420715,0
1595994503.010126,122.73320932388305,120.93153734207152,0
1595994503.0201318,124.534237575531,120.93153734207152,0
1595994503.030137,126.33517999649047,120.93153734207152,0
1595994503.0401328,128.1344058036804,120.93153734207152,0
1595994503.050125,129.93298788070678,120.93153734207152,0
1595994503.0601175,131.73165578842162,120.93153734207152,0
1595994503.0701287,133.53367109298705,120.93153734207152,0
1595994503.0801318,135.33422727584838,120.93153734207152,0
1595994503.0901194,137.13199396133422,120.93153734207152,0
1595994503.100128,138.93353719711303,120.93153734207152,0
1595994503.1101341,140.73465127944945,120.93153734207152,0
1595994503.1201282,142.53357667922972,120.93153734207152,0
1595994503.1301374,144.33524866104125,120.93153734207152,0
1595994503.1401267,146.13331575393676,120.93153734207152,0
1595994503.1501327,147.93438692092894,120.93153734207152,0
1595994503.1601253,149.7330548286438,120.93153734207152,0
1595994503.1701267,151.53331060409545,120.93153734207152,0
1595994503.1801283,153.33360929489135,120.93153734207152,0
1595994503.1901264,155.13326425552367,120.93153734207152,0
1595994503.2001371,156.93519372940062,120.93153734207152,0
1595994503.210128,158.7335612297058,120.93153734207152,0
1595994503.2201211,160.53231496810912,120.93153734207152,0
1595994503.2301216,162.33239908218383,120.93153734207152,0
1595994503.2401347,164.13475770950316,120.93153734207152,0
1595994503.250132,165.93428392410277,120.93153734207152,0
1595994503.2601213,167.73235101699828,120.93153734207152,0
1595994503.2701302,169.53393716812133,120.93153734207152,0
1595994503.2801378,171.33530874252318,120.93153734207152,0
1595994503.2901266,173.1332900047302,120.93153734207152,0
1595994503.3001328,174.93440408706664,120.93153734207152,0
1595994503.310134,176.73461694717406,120.93153734207152,0
1595994503.3201349,178.53478689193724,120.93153734207152,0
1595994503.330121,180.33229608535765,120.93153734207152,0
1595994503.3401296,182.13383932113646,120.93153734207152,0
1595994503.3501258,183.93315095901488,120.93153734207152,0
1595994503.3601344,185.7346941947937,120.93153734207152,0
1595994503.3701277,187.53349084854125,120.93153734207152,0
1595994503.380126,189.3331887245178,120.93153734207152,0
1595994503.3901236,191.13275785446166,120.93153734207152,0
1595994503.4001327,192.93438692092894,120.93153734207152,0
1595994503.4101377,194.73528642654418,120.93153734207152,0
1595994503.4201221,196.53249521255492,120.93153734207152,0
1595994503.4301312,198.3341242790222,120.93153734207152,0
1595994503.4401264,200.13326425552367,120.93153734207152,0
1595994503.4501264,201.9332625389099,120.93153734207152,0
1595994503.4601226,203.73257417678832,120.93153734207152,0
1595994503.4701273,205.53343076705931,120.93153734207152,0
1595994503.4801297,207.33385820388793,120.93153734207152,0
1595994503.4901326,209.13437147140502,120.93153734207152,0
1595994503.500135,210.93479890823363,120.93153734207152,0
1595994503.5101275,212.73346681594847,120.93153734207152,0
1595994503.5201313,214.53415174484252,120.93153734207152,0
1595994503.5301285,216.3336350440979,120.93153734207152,0
1595994503.5401263,218.13324708938597,120.93153734207152,0
1595994503.5501342,219.93466157913207,120.93153734207152,0
1595994503.5601292,221.7337586402893,120.93153734207152,0
1595994503.5701184,223.5318257331848,120.93153734207152,0
1595994503.5801296,225.33384103775023,120.93153734207152,0
1595994503.5901365,227.13508386611937,120.93153734207152,0
1595994503.6001263,228.93323678970336,120.93153734207152,0
1595994503.6101215,230.73237676620482,120.93153734207152,0
1595994503.6201231,232.53267545700072,120.93153734207152,0
1595994503.6301272,234.333403301239,120.93153734207152,0
1595994503.6401198,236.13207120895385,120.93153734207152,0
1595994503.6501215,237.93236989974974,120.93153734207152,0
1595994503.6601355,239.73490018844603,120.93153734207152,0
1595994503.6701317,241.53421182632445,120.93153734207152,0
1595994503.6801376,243.33528299331664,120.93153734207152,0
1595994503.6901197,245.132062625885,120.93153734207152,0
1595994503.7001164,246.9314600944519,120.93153734207152,0
1595994503.7101204,248.73218793869017,120.93153734207152,0
1595994503.7201297,250.5338599205017,120.93153734207152,0
1595994503.7301302,252.3339440345764,120.93153734207152,0
1595994503.7360566,253.40069074630736,120.93153734207152,0
1595994503.7360566,328.0202072238922,195.55105381965637,0
1595994503.7401366,328.7546175098419,195.55105381965637,0
1595994503.750131,330.55358582496643,195.55105381965637,0
1595994503.7601378,332.3548286533356,195.55105381965637,0
1595994503.770134,334.154140291214,195.55105381965637,0
1595994503.7801259,335.9526794528961,195.55105381965637,0
1595994503.7886617,337.48913460731507,195.55105381965637,0
1595994503.7886617,353.2467403821945,211.30865959453584,0
1595994503.7901306,353.51114181804655,211.30865959453584,0
1595994503.8001273,355.31053928661345,211.30865959453584,0
1595994503.8101313,357.11126713085173,211.30865959453584,0
1595994503.820126,358.9103212766647,211.30865959453584,0
1595994503.8261847,360,211.30865959453584,1
1595994503.830129,360.7108345441818,211.30865959453584,0
1595994503.840136,362.5121202878952,211.30865959453584,0
1595994503.8501256,364.31023029613493,211.30865959453584,0
1595994503.8601305,366.11112980175017,211.30865959453584,0
1595994503.8701172,367.90872482585905,211.30865959453584,0
1595994503.880124,369.7099676542282,211.30865959453584,0
1595994503.8901281,371.5106954984665,211.30865959453584,0
1595994503.9001293,373.3109083585739,211.30865959453584,0
1595994503.9101233,375.10983375835417,211.30865959453584,0
1595994503.9201293,376.91090492534636,211.30865959453584,0
1595994503.9301186,378.70897201824187,211.30865959453584,0
1595994503.9401205,380.509313624382,211.30865959453584,0
1595994503.9501302,382.311071436882,211.30865959453584,0
1595994503.9601219,384.1095676832199,211.30865959453584,0
1595994503.9701312,385.9112396650314,211.30865959453584,0
1595994503.9801326,387.7114954404831,211.30865959453584,0
1595994503.990119,389.5090475492477,211.30865959453584,0
1595994504.0001223,391.3096466474533,211.30865959453584,0
1595994504.0101237,393.10990242290495,211.30865959453584,0
1595994504.0201228,394.90972904491423,211.30865959453584,0
1595994504.030116,396.7085256986618,211.30865959453584,0
1595994504.040127,398.510498087883,211.30865959453584,0
1595994504.050129,400.3108396940231,211.30865959453584,0
1595994504.0601373,402.1123400144577,211.30865959453584,0
1595994504.0701358,403.9120808057785,211.30865959453584,0
1595994504.0801299,405.71100620555876,211.30865959453584,0
1595994504.0901296,407.51096157360075,211.30865959453584,0
1595994504.1001284,409.3107452802658,211.30865959453584,0
1595994504.1101258,411.1102714948654,211.30865959453584,0
1595994504.120126,412.91031269359587,211.30865959453584,0
1595994504.1301317,414.7113409452438,211.30865959453584,0
1595994504.1401315,416.5112963132858,211.30865959453584,0
1595994504.1501312,418.3112516813278,211.30865959453584,0
1595994504.1601222,420.109619181633,211.30865959453584,0
1595994504.1701264,421.9103899412155,211.30865959453584,0
1595994504.1801338,423.7117186002731,211.30865959453584,0
1595994504.1901355,425.512017291069,211.30865959453584,0
1595994504.2001362,427.31214432048796,211.30865959453584,0
1595994504.2101321,429.11141304302214,211.30865959453584,0
1595994504.2201173,430.9087505750656,211.30865959453584,0
1595994504.2301345,432.711838763237,211.30865959453584,0
1595994504.2401202,434.5092621259689,211.30865959453584,0
1595994504.2501256,436.3102474622726,211.30865959453584,0
1595994504.260136,438.1120911054611,211.30865959453584,0
1595994504.2701216,439.90951446819304,211.30865959453584,0
1595994504.2801218,441.7095556669235,211.30865959453584,0
1595994504.2901266,443.5104122571945,211.30865959453584,0
1595994504.300125,445.31011013317107,211.30865959453584,0
1595994504.3101223,447.1096363477707,211.30865959453584,0
1595994504.3201318,448.91135124492644,211.30865959453584,0
1595994504.330116,450.70851711559294,211.30865959453584,0
1595994504.3401306,452.5111332349777,211.30865959453584,0
1595994504.3501346,454.311861079216,211.30865959453584,0
1595994504.3601224,456.10967068004607,211.30865959453584,0
1595994504.3701217,457.9095402173996,211.30865959453584,0
1595994504.3801274,459.71056846904753,211.30865959453584,0
1595994504.3901155,461.50842098522185,211.30865959453584,0
1595994504.40012,463.3092346601486,211.30865959453584,0
1595994504.4101236,465.1098766736984,211.30865959453584,0
1595994504.4201205,466.90931705760954,211.30865959453584,0
1595994504.430135,468.7119331769943,211.30865959453584,0
1595994504.4401364,470.51218895244597,211.30865959453584,0
1595994504.4501162,472.30853943157194,211.30865959453584,0
1595994504.4601367,474.11222843456267,211.30865959453584,0
1595994504.4701314,475.91128258037566,211.30865959453584,0
1595994504.4801266,477.7104225568771,211.30865959453584,0
1595994504.490136,479.51209453868864,211.30865959453584,0
1595994504.5001342,481.3117924146652,211.30865959453584,0
1595994504.5101159,483.1084862165451,211.30865959453584,0
1595994504.5201333,484.9116173200607,211.30865959453584,0
1595994504.5301347,486.7118730955124,211.30865959453584,0
1595994504.540124,488.5099401884079,211.30865959453584,0
1595994504.550122,490.3095951490402,211.30865959453584,0
1595994504.5601232,492.1098080091476,211.30865959453584,0
1595994504.570119,493.90903381633757,211.30865959453584,0
1595994504.580131,495.71122078227995,211.30865959453584,0
1595994504.5901194,497.5091162137985,211.30865959453584,0
1595994504.6001241,499.3099728040695,211.30865959453584,0
1595994504.6101284,501.110743563652,211.30865959453584,0
1595994504.6201317,502.9113426618576,211.30865959453584,0
1595994504.6301262,504.71035389232634,211.30865959453584,0
1595994504.6401207,506.5093651227951,211.30865959453584,0
1595994504.6501262,508.3103504590988,211.30865959453584,0
1595994504.6601243,510.1100054197311,211.30865959453584,0
1595994504.6701245,511.9100466184616,211.30865959453584,0
1595994504.680123,513.7097874097824,211.30865959453584,0
1595994504.6901317,515.5113306455612,211.30865959453584,0
1595994504.7001188,517.3090115003586,211.30865959453584,0
1595994504.7101288,519.1108122282028,211.30865959453584,0
1595994504.7201338,520.911711733818,211.30865959453584,0
1595994504.7301345,522.711838763237,211.30865959453584,0
1595994504.7401285,524.5107641630173,211.30865959453584,0
1595994504.7501273,526.3105478696823,211.30865959453584,0
1595994504.7601306,528.1111469678879,211.30865959453584,0
1595994504.7701168,529.9086561613083,211.30865959453584,0
1595994504.7801151,531.7083540372848,211.30865959453584,0
1595994504.7901154,533.5083952360153,211.30865959453584,0
1595994504.8001218,535.309552233696,211.30865959453584,0
1595994504.8101192,537.1090784482956,211.30865959453584,0
1595994504.8201246,538.9100637845993,211.30865959453584,0
1595994504.8301206,540.7093325071335,211.30865959453584,0
1595994504.840127,542.5104895048141,211.30865959453584,0
1595994504.8501365,544.3122044019699,211.30865959453584,0
1595994504.860121,546.1094131879806,211.30865959453584,0
1595994504.870122,547.9095831327438,211.30865959453584,0
1595994504.8801234,549.7098389081955,211.30865959453584,0
1595994504.8901281,551.5106954984665,211.30865959453584,0
1595994504.900116,553.3085050992966,211.30865959453584,0
1595994504.910122,555.1095762662887,211.30865959453584,0
1595994504.9201205,556.9093170576095,211.30865959453584,0
1595994504.9301362,558.7121477537155,211.30865959453584,0
1595994504.9401248,560.5100861005783,211.30865959453584,0
1595994504.950134,562.3117580823898,211.30865959453584,0
1595994504.9601192,564.1090956144333,211.30865959453584,0
1595994504.970116,565.9084930830002,211.30865959453584,0
1595994504.9801211,567.7094355039596,211.30865959453584,0
1595994504.9901292,569.51089290905,211.30865959453584,0
1595994505.0001202,571.3092604093551,211.30865959453584,0
1595994505.0001202,0,211.30865959453584,0
1595994505.0101292,213.11028866100312,211.30865959453584,0
1595994505.0201418,214.91256145763398,211.30865959453584,0
1595994505.0301323,216.71084312725068,211.30865959453584,0
1595994505.0401223,218.5090389661789,211.30865959453584,0
1595994505.0501351,220.311354678154,211.30865959453584,0
1595994505.0601366,222.11161045360566,211.30865959453584,0
1595994505.0701418,223.91255287456514,211.30865959453584,0
1595994505.08013,225.7104483060837,211.30865959453584,0
1595994505.0901415,227.51250652599336,211.30865959453584,0
1595994505.1001225,229.30907158184053,211.30865959453584,0
1595994505.1101215,231.1088982038498,211.30865959453584,0
1595994505.1201303,232.91048435497285,211.30865959453584,0
1595994505.1301217,234.7089376859665,211.30865959453584,0
1595994505.1401343,236.51121048259736,211.30865959453584,0
1595994505.150135,238.3113375120163,211.30865959453584,0
1595994505.1601398,240.1121941022873,211.30865959453584,0
1595994505.1701338,241.91111950206758,211.30865959453584,0
1595994505.1801286,243.71017364788057,211.30865959453584,0
1595994505.1901264,245.50978569316865,211.30865959453584,0
1595994505.2001383,247.3119297437668,211.30865959453584,0
1595994505.210123,249.10918144512178,211.30865959453584,0
1595994505.220122,250.90900806713105,211.30865959453584,0
1595994505.2301362,252.71153835582734,211.30865959453584,0
1595994505.2401285,254.51016334819795,211.30865959453584,0
1595994505.2501218,256.3089600019455,211.30865959453584,0
1595994505.2601233,258.10921577739714,211.30865959453584,0
1595994505.270139,259.9120464735031,211.30865959453584,0
1595994505.280121,261.70882610607146,211.30865959453584,0
1595994505.2901282,263.51011184978483,211.30865959453584,0
1595994505.3001368,265.31165508556364,211.30865959453584,0
1595994505.3101368,267.1116533689499,211.30865959453584,0
1595994505.3201249,268.9095058851242,211.30865959453584,0
1595994505.3301232,270.70920376110075,211.30865959453584,0
1595994505.3401399,272.51220611858366,211.30865959453584,0
1595994505.3501208,274.30877117443083,211.30865959453584,0
1595994505.36012,276.10864071178435,211.30865959453584,0
1595994505.3701322,277.91082767772673,211.30865959453584,0
1595994505.3801403,279.71228508281706,211.30865959453584,0
1595994505.3901324,281.51086715984343,211.30865959453584,0
1595994505.4001327,283.3109083585739,211.30865959453584,0
1595994505.4101264,285.10979084300993,211.30865959453584,0
1595994505.4201229,286.9091453962326,211.30865959453584,0
1595994505.430131,288.7106028013229,211.30865959453584,0
1595994505.4401283,290.51012901592253,211.30865959453584,0
1595994505.4501414,292.31248764324187,211.30865959453584,0
1595994505.460121,294.1087952070236,211.30865959453584,0
1595994505.4701371,295.91171173381804,211.30865959453584,0
1595994505.480137,297.71171001720427,211.30865959453584,0
1595994505.490129,299.5102491788864,211.30865959453584,0
1595994505.50012,301.3086166791916,211.30865959453584,0
1595994505.5101266,303.1098165922165,211.30865959453584,0
1595994505.5201268,304.90985779094694,211.30865959453584,0
1595994505.530126,306.70972732830046,211.30865959453584,0
1595994505.540139,308.51204304027556,211.30865959453584,0
1595994505.5501418,310.31255630779265,211.30865959453584,0
1595994505.5601385,312.11195377635954,211.30865959453584,0
1595994505.5701272,313.9099350385666,211.30865959453584,0
1595994505.5801404,315.7122936658859,211.30865959453584,0
1595994505.5901313,317.5106611661911,211.30865959453584,0
1595994505.600124,319.30932907390593,211.30865959453584,0
1595994505.6101367,321.111644785881,211.30865959453584,0
1595994505.6201317,322.91074184703825,211.30865959453584,0
1595994505.6301415,324.71249965953825,211.30865959453584,0
1595994505.640127,326.50988010692595,211.30865959453584,0
1595994505.6501286,328.31017879772185,211.30865959453584,0
1595994505.660129,330.11026291179655,211.30865959453584,0
1595994505.670127,331.90987495708464,211.30865959453584,0
1595994505.680127,333.70987324047087,211.30865959453584,0
1595994505.6901255,335.50961403179167,211.30865959453584,0
1595994505.7001219,337.3089685850143,211.30865959453584,0
1595994505.7101407,339.1123571805954,211.30865959453584,0
1595994505.7201397,340.91218380260466,211.30865959453584,0
1595994505.7301216,342.7089205198288,211.30865959453584,0
1595994505.7401311,344.51063541698454,211.30865959453584,0
1595994505.7501328,346.31093410778044,211.30865959453584,0
1595994505.7601225,348.1090870313644,211.30865959453584,0
1595994505.770135,349.91131691265105,211.30865959453584,0
1595994505.7801337,351.7111006193161,211.30865959453584,0
1595994505.7901378,353.51182846355437,211.30865959453584,0
1595994505.8001406,355.31234173107146,211.30865959453584,0
1595994505.810128,357.11006550121306,211.30865959453584,0
1595994505.8201199,358.9086046628952,211.30865959453584,0
1595994505.82619,360,211.30865959453584,1
1595994505.8301375,360.71177868175505,211.30865959453584,0
1595994505.8401318,362.51074699687956,211.30865959453584,0
1595994505.8501415,364.31250480937956,211.30865959453584,0
1595994505.860123,366.1091556959152,211.30865959453584,0
1595994505.8701394,367.9121151380539,211.30865959453584,0
1595994505.8801281,369.7100964002609,211.30865959453584,0
1595994505.8887782,371.26710800457,211.30865959453584,0
1595994505.8887782,615.3801324013709,455.42168399133686,0
1595994505.890136,615.624535286808,455.42168399133686,0
1595994505.900131,617.4236323479653,455.42168399133686,0
1595994505.9101274,619.2229869011879,455.42168399133686,0
1595994505.9201205,621.0217406395913,455.42168399133686,0
1595994505.9301405,622.8253438118935,455.42168399133686,0
1595994505.9326622,623.2792594079018,455.42168399133686,0
1595994505.9326622,690.9837778223705,523.1262024058055,0
1595994505.9401255,692.3271568430614,523.1262024058055,0
1595994505.9501405,694.1298587931346,523.1262024058055,0
1595994505.9601405,695.9298570765209,523.1262024058055,0
1595994505.9701426,697.7302415980053,523.1262024058055,0
1595994505.9801297,699.5279224528026,523.1262024058055,0
1595994505.9901397,701.3297231806469,523.1262024058055,0
1595994506.0001297,703.1279190195751,523.1262024058055,0
1595994506.0101306,704.9280889643383,523.1262024058055,0
1595994506.020138,706.7294176233959,523.1262024058055,0
1595994506.0301337,708.5286434305858,523.1262024058055,0
1595994506.0401282,710.3276546610546,523.1262024058055,0
1595994506.0501225,712.1266229761791,523.1262024058055,0
1595994506.0601244,713.9269645823192,523.1262024058055,0
1595994506.0701272,715.7274778498363,523.1262024058055,0
1595994506.0801191,717.5260170115184,523.1262024058055,0
1595994506.0901344,719.3287618769359,523.1262024058055,0
1595994506.100126,721.1272581232738,523.1262024058055,0
1595994506.1101336,722.9286296976757,523.1262024058055,0
1595994506.120143,724.7303016794872,523.1262024058055,0
1595994506.1301212,726.5263946665477,523.1262024058055,0
1595994506.140121,728.3263500345897,523.1262024058055,0
1595994506.150132,730.1283224238109,523.1262024058055,0
1595994506.160123,731.9267328394603,523.1262024058055,0
1595994506.1701264,733.7273319376659,523.1262024058055,0
1595994506.180126,735.5272443903636,523.1262024058055,0
1595994506.1901317,737.3282726420116,523.1262024058055,0
1595994506.2001271,739.1274555338573,523.1262024058055,0
1595994506.2101398,740.9297283304882,523.1262024058055,0
1595994506.220139,742.7295978678417,523.1262024058055,0
1595994506.230123,744.5267208231639,523.1262024058055,0
1595994506.2401383,746.3294656885814,523.1262024058055,0
1595994506.2501273,748.1274898661327,523.1262024058055,0
1595994506.26012,749.9261577738475,523.1262024058055,0
1595994506.270133,751.7285164011669,523.1262024058055,0
1595994506.2801218,753.5264976633739,523.1262024058055,0
1595994506.290129,755.3277834070873,523.1262024058055,0
1595994506.3001335,757.128597082014,523.1262024058055,0
1595994506.3101292,758.927822889204,523.1262024058055,0
1595994506.3201296,760.7279070032787,523.1262024058055,0
1595994506.3301322,762.5283773554515,523.1262024058055,0
1595994506.3401272,764.3274744166088,523.1262024058055,0
1595994506.3501296,766.1279018534374,523.1262024058055,0
1595994506.3601332,767.9285438669872,523.1262024058055,0
1595994506.370125,769.7270830286693,523.1262024058055,0
1595994506.3801398,771.5297420633983,523.1262024058055,0
1595994506.3901417,773.3300836695385,523.1262024058055,0
1595994506.4001276,775.1275499476146,523.1262024058055,0
1595994506.410138,776.9293935908031,523.1262024058055,0
1595994506.420133,778.7285335673046,523.1262024058055,0
1595994506.4301405,780.5298622263622,523.1262024058055,0
1595994506.4401362,782.3290880335521,523.1262024058055,0
1595994506.450141,784.1299446238231,523.1262024058055,0
1595994506.4601347,785.9288271082592,523.1262024058055,0
1595994506.4701188,787.7259500635814,523.1262024058055,0
1595994506.4801233,789.5267637385082,523.1262024058055,0
1595994506.4901245,791.3269765986156,523.1262024058055,0
1595994506.5001354,793.1289489878368,523.1262024058055,0
1595994506.5101194,794.9260719431591,523.1262024058055,0
1595994506.5201204,796.7262418879222,523.1262024058055,0
1595994506.5301187,798.5259397638988,523.1262024058055,0
1595994506.5401392,800.3296287668895,523.1262024058055,0
1595994506.550123,802.1267088068676,523.1262024058055,0
1595994506.560129,803.9277799738597,523.1262024058055,0
1595994506.5701408,805.7299240244579,523.1262024058055,0
1595994506.5801275,807.5275190485668,523.1262024058055,0
1595994506.5901194,809.3260582102489,523.1262024058055,0
1595994506.600132,811.1283310068798,523.1262024058055,0
1595994506.6101398,812.9297454966259,523.1262024058055,0
1595994506.6201298,814.7279413355541,523.1262024058055,0
1595994506.6301303,816.5280254496288,523.1262024058055,0
1595994506.6401334,818.3285816324901,523.1262024058055,0
1595994506.6501322,820.1283653391552,523.1262024058055,0
1595994506.660137,821.9292219294261,523.1262024058055,0
1595994506.6701326,823.7284477366161,523.1262024058055,0
1595994506.6801407,825.5299051417064,523.1262024058055,0
1595994506.6901364,827.3291309488964,523.1262024058055,0
1595994506.7001417,829.1300733698558,523.1262024058055,0
1595994506.710124,830.9268959177684,523.1262024058055,0
1595994506.720137,832.7292116297435,523.1262024058055,0
1595994506.73012,834.5261629236888,523.1262024058055,0
1595994506.7401433,836.3303669108104,523.1262024058055,0
1595994506.7501235,838.1268032206249,523.1262024058055,0
1595994506.7601244,839.9269731653881,523.1262024058055,0
1595994506.7701406,841.7298896921825,523.1262024058055,0
1595994506.7801344,843.5287721766185,523.1262024058055,0
1595994506.7901373,845.3292854441356,523.1262024058055,0
1595994506.8001196,847.1261079920482,523.1262024058055,0
1595994506.8101246,848.9270074976635,523.1262024058055,0
1595994506.8201416,850.7300527704906,523.1262024058055,0
1595994506.8301258,852.5272186411571,523.1262024058055,0
1595994506.8401294,854.3278606547069,523.1262024058055,0
1595994506.8501213,856.126399816389,523.1262024058055,0
1595994506.8601382,857.9294450892162,523.1262024058055,0
1595994506.8701367,859.729185880537,523.1262024058055,0
1595994506.8801265,861.527338804121,523.1262024058055,0
1595994506.890139,863.3296116007518,523.1262024058055,0
1595994506.9001312,865.1281936777782,523.1262024058055,0
1595994506.9101412,866.9299944056224,523.1262024058055,0
1595994506.9201376,868.7293489588451,523.1262024058055,0
1595994506.9301288,870.5277593744945,523.1262024058055,0
1595994506.940138,872.329431356306,523.1262024058055,0
1595994506.9501195,874.1260822428417,523.1262024058055,0
1595994506.9601202,875.9262092722606,523.1262024058055,0
1595994506.9701312,877.7281816614818,523.1262024058055,0
1595994506.980142,879.530154050703,523.1262024058055,0
1595994506.9901419,881.330109418745,523.1262024058055,0
1595994507.000122,883.1265457285594,523.1262024058055,0
1595994507.000122,0,523.1262024058055,0
1595994507.0101416,164.9297197474193,163.12620240580554,0
1595994507.0201223,166.72624188792224,163.12620240580554,0
1595994507.030143,168.5299738062572,163.12620240580554,0
1595994507.0401282,170.32731133830066,163.12620240580554,0
1595994507.0501418,172.12975579630847,163.12620240580554,0
1595994507.060138,173.9290674341869,163.12620240580554,0
1595994507.0701406,175.72953778635974,163.12620240580554,0
1595994507.080141,177.52962190043445,163.12620240580554,0
1595994507.0901222,179.32622987162586,163.12620240580554,0
1595994507.1001422,181.1298330439281,163.12620240580554,0
1595994507.110122,182.92618352305408,163.12620240580554,0
1595994507.1201296,184.72755509745593,163.12620240580554,0
1595994507.1301358,186.52866917979236,163.12620240580554,0
1595994507.140133,188.32815247904773,163.12620240580554,0
1595994507.1501386,190.12918073069568,163.12620240580554,0
1595994507.160139,191.9292648447704,163.12620240580554,0
1595994507.1701224,193.72625905405994,163.12620240580554,0
1595994507.180129,195.52745896708484,163.12620240580554,0
1595994507.1901271,197.32711392771716,163.12620240580554,0
1595994507.2001345,199.12844258677478,163.12620240580554,0
1595994507.21014,200.9294279230785,163.12620240580554,0
1595994507.2201393,202.729297460432,163.12620240580554,0
1595994507.2301269,204.52706414591785,163.12620240580554,0
1595994507.2401323,206.32804948222156,163.12620240580554,0
1595994507.250132,208.12800485026355,163.12620240580554,0
1595994507.2601392,209.92929059397693,163.12620240580554,0
1595994507.2701404,211.72950345408435,163.12620240580554,0
1595994507.2801316,213.52791386973377,163.12620240580554,0
1595994507.2901278,215.32722550761218,163.12620240580554,0
1595994507.3001318,217.12795335185046,163.12620240580554,0
1595994507.3101366,218.92880994212146,163.12620240580554,0
1595994507.3201218,220.72614747416492,163.12620240580554,0
1595994507.3301368,222.52884942423816,163.12620240580554,0
1595994507.340123,224.32635861765857,163.12620240580554,0
1595994507.3501294,226.12751561533923,163.12620240580554,0
1595994507.3601437,227.93008881937976,163.12620240580554,0
1595994507.3701446,229.73025876414295,163.12620240580554,0
1595994507.3801281,231.52729588877673,163.12620240580554,0
1595994507.3901365,233.3287962092113,163.12620240580554,0
1595994507.4001431,235.1299961222362,163.12620240580554,0
1595994507.410125,236.92673283946033,163.12620240580554,0
1595994507.4201372,238.7289198054027,163.12620240580554,0
1595994507.4301379,240.52904683482166,163.12620240580554,0
1595994507.440133,242.32818681132312,163.12620240580554,0
1595994507.4501379,244.12904340159412,163.12620240580554,0
1595994507.460132,245.9279688013744,163.12620240580554,0
1595994507.4701366,247.7288253916454,163.12620240580554,0
1595994507.4801269,249.52706414591785,163.12620240580554,0
1595994507.4901366,251.32882195841785,163.12620240580554,0
1595994507.5001242,253.1265886439037,163.12620240580554,0
1595994507.5101237,254.92650109660144,163.12620240580554,0
1595994507.5201278,256.7272289408397,163.12620240580554,0
1595994507.5301323,258.5280426157665,163.12620240580554,0
1595994507.540128,260.3272684229564,163.12620240580554,0
1595994507.5501275,262.1271808756542,163.12620240580554,0
1595994507.5601394,263.9293249262523,163.12620240580554,0
1595994507.570132,265.72799283396716,163.12620240580554,0
1595994507.5801349,267.52850610148425,163.12620240580554,0
1595994507.5901346,269.32846146952625,163.12620240580554,0
1595994507.600131,271.1278160227489,163.12620240580554,0
1595994507.610135,272.9285438669872,163.12620240580554,0
1595994507.620141,274.72961503397937,163.12620240580554,0
1595994507.6301284,276.527338804121,163.12620240580554,0
1595994507.6401334,278.3282383097362,163.12620240580554,0
1595994507.650142,280.129781545515,163.12620240580554,0
1595994507.6601264,281.92699033152576,163.12620240580554,0
1595994507.6701288,283.72741776835437,163.12620240580554,0
1595994507.6801255,285.52681523692127,163.12620240580554,0
1595994507.6901336,287.3282726420116,163.12620240580554,0
1595994507.7001321,289.1280134333324,163.12620240580554,0
1595994507.7101355,290.92861253153796,163.12620240580554,0
1595994507.7201297,292.7275808466625,163.12620240580554,0
1595994507.7301373,294.52895242106433,163.12620240580554,0
1595994507.7401316,296.32792073618884,163.12620240580554,0
1595994507.7501295,298.12753278147693,163.12620240580554,0
1595994507.7601328,299.9281318796825,163.12620240580554,0
1595994507.7701359,301.7286880625438,163.12620240580554,0
1595994507.7801423,303.5298450602245,163.12620240580554,0
1595994507.7901332,305.32821256052966,163.12620240580554,0
1595994507.8001292,307.12748128306384,163.12620240580554,0
1595994507.8101344,308.9284237040233,163.12620240580554,0
1595994507.8201349,310.728507818098,163.12620240580554,0
1595994507.830136,312.52872067820545,163.12620240580554,0
1595994507.840123,314.32635861765857,163.12620240580554,0
1595994507.8501353,316.1285884989452,163.12620240580554,0
1595994507.8601422,317.92983132731433,163.12620240580554,0
1595994507.8701365,319.72879964243884,163.12620240580554,0
1595994507.8801384,321.529141248579,163.12620240580554,0
1595994507.8901262,323.32695084940906,163.12620240580554,0
1595994507.900136,325.12870866190906,163.12620240580554,0
1595994507.9101303,326.92767697703357,163.12620240580554,0
1595994507.9201267,328.7270315302562,163.12620240580554,0
1595994507.930132,330.5279739512157,163.12620240580554,0
1595994507.9315326,330.7801015986156,163.12620240580554,0
1595994507.9315326,351.2340304795847,183.58013128677462,0
1595994507.9401267,352.7809569779978,183.58013128677462,0
1595994507.9501238,354.58044027725316,183.58013128677462,0
1595994507.9601302,356.3815972749338,183.58013128677462,0
1595994507.9701397,358.1833121720896,183.58013128677462,0
1595994507.980135,359.98245214859105,183.58013128677462,0
1595994507.9802496,360,183.58013128677462,1
1595994507.9901237,361.7804334107981,183.58013128677462,0
1595994508.0001357,363.5825774613962,183.58013128677462,0
1595994508.0101264,365.38090204635716,183.58013128677462,0
1595994508.020132,367.1819302980051,183.58013128677462,0
1595994508.030127,368.98102735916234,183.58013128677462,0
1595994508.030399,369.0299937669382,183.58013128677462,0
1595994508.030399,614.7089981300815,429.2591356499179,0
1595994508.0401409,616.4625190956576,429.2591356499179,0
1595994508.0501363,618.2617019875033,429.2591356499179,0
1595994508.0601354,620.0615286095126,429.2591356499179,0
1595994508.0701418,621.8626856071933,429.2591356499179,0
1595994508.0801392,623.6622118217929,429.2591356499179,0
1595994508.090126,625.459849761246,429.2591356499179,0
1595994508.1001227,627.2592472298129,429.2591356499179,0
1595994508.110129,629.0604042274936,429.2591356499179,0
1595994508.1201255,630.8597587807162,429.2591356499179,0
1595994508.1301262,632.6598858101352,429.2591356499179,0
1595994508.1401272,634.4600557548983,429.2591356499179,0
1595994508.1501267,636.2599682075961,429.2591356499179,0
1595994508.1601377,638.0619405968173,429.2591356499179,0
1595994508.170134,639.86129515004,429.2591356499179,0
1595994508.180128,641.6602205498202,429.2591356499179,0
1595994508.190131,643.4607338173373,429.2591356499179,0
1595994508.2001278,645.2601742012484,429.2591356499179,0
1595994508.2101245,647.0595716698153,429.2591356499179,0
1595994508.2201395,648.8622736198886,429.2591356499179,0
1595994508.2301216,650.6590532524569,429.2591356499179,0
1595994508.2401228,652.4592661125644,429.2591356499179,0
1595994508.2501283,654.2602514488681,429.2591356499179,0
1595994508.2601287,656.0603355629428,429.2591356499179,0
1595994508.2701423,657.8627800209506,429.2591356499179,0
1595994508.2801306,659.6606754524691,429.2591356499179,0
1595994508.290134,661.4612745506747,429.2591356499179,0
1595994508.3001275,663.2601141197665,429.2591356499179,0
1595994508.3101227,665.059254096268,429.2591356499179,0
1595994508.3201401,666.8623851997836,429.2591356499179,0
1595994508.3301213,668.658993170975,429.2591356499179,0
1595994508.3401392,670.4622101051791,429.2591356499179,0
1595994508.3501313,672.2607921822055,429.2591356499179,0
1595994508.3601344,674.0613483650668,429.2591356499179,0
1595994508.3701377,675.8619474632724,429.2591356499179,0
1595994508.380142,677.6627182228549,429.2591356499179,0
1595994508.390136,679.4616436226352,429.2591356499179,0
1595994508.4001288,681.2603544456942,429.2591356499179,0
1595994508.4101212,683.0589794380649,429.2591356499179,0
1595994508.4201307,684.8606943352206,429.2591356499179,0
1595994508.4301305,686.6606497032626,429.2591356499179,0
1595994508.440136,688.4616350395663,429.2591356499179,0
1595994508.4501312,690.2607750160678,429.2591356499179,0
1595994508.460137,692.0618032677157,429.2591356499179,0
1595994508.4701316,693.8608574135287,429.2591356499179,0
1595994508.4801326,695.6610273582919,429.2591356499179,0
1595994508.4901404,697.462441848038,429.2591356499179,0
1595994508.5001218,699.2590927345736,429.2591356499179,0
1595994508.5101328,701.0610651237948,429.2591356499179,0
1595994508.520137,702.8618358833774,429.2591356499179,0
1595994508.5301335,704.6611904366,429.2591356499179,0
1595994508.5401332,706.461145804642,429.2591356499179,0
1595994508.550142,708.262731955765,429.2591356499179,0
1595994508.5601351,710.0614856941684,429.2591356499179,0
1595994508.5701263,711.8598961098178,429.2591356499179,0
1595994508.5801344,713.6613535149081,429.2591356499179,0
1595994508.5901225,715.4592060310824,429.2591356499179,0
1595994508.6001282,717.2602342827304,429.2591356499179,0
1595994508.6101315,719.060833380936,429.2591356499179,0
1595994508.6201296,720.8604883415683,429.2591356499179,0
1595994508.6301324,722.6610016090854,429.2591356499179,0
1595994508.6401336,724.4612144691928,429.2591356499179,0
1595994508.6501381,726.2620281441195,429.2591356499179,0
1595994508.6601255,728.0597519142611,429.2591356499179,0
1595994508.670141,729.8625396950229,429.2591356499179,0
1595994508.6801338,731.6612505180819,429.2591356499179,0
1595994508.6901407,733.4624933464511,429.2591356499179,0
1595994508.700125,735.2596592171176,429.2591356499179,0
1595994508.7101235,737.0594000084384,429.2591356499179,0
1595994508.7201416,738.8626598579867,429.2591356499179,0
1595994508.730137,740.6618427498324,429.2591356499179,0
1595994508.740126,742.4598240120395,429.2591356499179,0
1595994508.7501204,744.2588352425082,429.2591356499179,0
1595994508.7601376,746.0619234306796,429.2591356499179,0
1595994508.770135,747.8614496452792,429.2591356499179,0
1595994508.7801213,749.6590017540439,429.2591356499179,0
1595994508.7901413,751.4626049263461,429.2591356499179,0
1595994508.800138,753.262002394913,429.2591356499179,0
1595994508.8101287,755.0603269798739,429.2591356499179,0
1595994508.8201416,756.862642691849,429.2591356499179,0
1595994508.8301394,758.6622547371371,429.2591356499179,0
1595994508.8401406,760.4624675972445,429.2591356499179,0
1595994508.85014,762.2623800499423,429.2591356499179,0
1595994508.8601353,764.0615200264438,429.2591356499179,0
1595994508.870128,765.8601879341586,429.2591356499179,0
1595994508.8801327,767.6610445244296,429.2591356499179,0
1595994508.890142,769.4627165062411,429.2591356499179,0
1595994508.9001307,771.2606977684482,429.2591356499179,0
1595994508.9101214,773.0590223534091,429.2591356499179,0
1595994508.920129,774.860393927811,429.2591356499179,0
1595994508.9301221,776.6591476662143,429.2591356499179,0
1595994508.9401326,778.461034224747,429.2591356499179,0
1595994508.9501388,780.2621483070834,429.2591356499179,0
1595994508.9601345,782.0613741142733,429.2591356499179,0
1595994508.9701347,783.8614153130038,429.2591356499179,0
1595994508.9801314,785.6608127815707,429.2591356499179,0
1595994508.9901247,787.4596094353183,429.2591356499179,0
1595994509.0001247,789.2596077187045,429.2591356499179,0
1595994509.0001247,0,429.2591356499179,0
1595994509.0101378,71.06149427723722,69.25913564991788,0
1595994509.0201447,72.86273710560636,69.25913564991788,0
1595994509.0301251,74.65921633076505,69.25913564991788,0
1595994509.0401256,76.45930044483976,69.25913564991788,0
1595994509.050145,78.26277487110929,69.25913564991788,0
1595994509.0601385,80.06161444020108,69.25913564991788,0
1595994509.0701327,81.8605827553256,69.25913564991788,0
1595994509.0801322,83.66049520802335,69.25913564991788,0
1595994509.0901334,85.46070806813077,69.25913564991788,0
1595994509.1001356,87.26109258961515,69.25913564991788,0
1595994509.1101353,89.06104795765714,69.25913564991788,0
1595994509.1201334,90.86070291828946,69.25913564991788,0
1595994509.130132,92.66044370961026,69.25913564991788,0
1595994509.1401324,94.46052782368497,69.25913564991788,0
1595994509.1501327,96.26056902241544,69.25913564991788,0
1595994509.1601293,98.05996649098233,69.25913564991788,0
1595994509.1701286,99.85983602833585,69.25913564991788,0
1595994509.1801405,101.661980078934,69.25913564991788,0
1595994509.1901436,103.46253626179532,69.25913564991788,0
1595994509.2001436,105.26253454518155,69.25913564991788,0
1595994509.210127,107.05957166981534,69.25913564991788,0
1595994509.2201264,108.85944120716886,69.25913564991788,0
1595994509.2301452,110.66282980274991,69.25913564991788,0
1595994509.2401378,112.46149771046476,69.25913564991788,0
1595994509.2501414,114.26213972401456,69.25913564991788,0
1595994509.2601428,116.06239549946622,69.25913564991788,0
1595994509.2701268,117.85951845478849,69.25913564991788,0
1595994509.2801445,119.66269247364835,69.25913564991788,0
1595994509.2901397,121.46183245014981,69.25913564991788,0
1595994509.3001244,123.2590841515048,69.25913564991788,0
1595994509.3101296,125.06002657246427,69.25913564991788,0
1595994509.320129,126.85989610981778,69.25913564991788,0
1595994509.3301268,128.65950815510587,69.25913564991788,0
1595994509.3401384,130.46160929035977,69.25913564991788,0
1595994509.350137,132.26135008168058,69.25913564991788,0
1595994509.360126,134.05937425923184,69.25913564991788,0
1595994509.370144,135.86259119343595,69.25913564991788,0
1595994509.3801281,137.65975706410245,69.25913564991788,0
1595994509.390136,139.46117155384854,69.25913564991788,0
1595994509.4001274,141.2596248848422,69.25913564991788,0
1595994509.4101312,143.06030981373624,69.25913564991788,0
1595994509.4201365,144.8612522346957,69.25913564991788,0
1595994509.430125,146.6591905815585,69.25913564991788,0
1595994509.440141,148.4620641930087,69.25913564991788,0
1595994509.4501393,150.26176206898526,69.25913564991788,0
1595994509.4601393,152.0617603523715,69.25913564991788,0
1595994509.4701385,153.861629889725,69.25913564991788,0
1595994509.4801414,155.6621431572421,69.25913564991788,0
1595994509.4901247,157.45913736653165,69.25913564991788,0
1595994509.5001397,159.2618393166049,69.25913564991788,0
1595994509.5101435,161.06252424549893,69.25913564991788,0
1595994509.5201252,162.85921804737882,69.25913564991788,0
1595994509.530136,164.6611904366,69.25913564991788,0
1595994509.5401454,166.46286241841153,69.25913564991788,0
1595994509.5501254,168.25925581288175,69.25913564991788,0
1595994509.560136,170.0611852867587,69.25913564991788,0
1595994509.5701313,171.86032526326017,69.25913564991788,0
1595994509.580142,173.66225473713712,69.25913564991788,0
1595994509.590125,175.45920603108243,69.25913564991788,0
1595994509.600133,177.26062052082852,69.25913564991788,0
1595994509.6101396,179.06182043385343,69.25913564991788,0
1595994509.6201453,180.86284868550138,69.25913564991788,0
1595994509.6301277,182.65967123341397,69.25913564991788,0
1595994509.640126,184.45936910939054,69.25913564991788,0
1595994509.650125,186.2591957313998,69.25913564991788,0
1595994509.6601446,188.06271307301358,69.25913564991788,0
1595994509.6701312,189.86030809712247,69.25913564991788,0
1595994509.6801286,191.65983431172208,69.25913564991788,0
1595994509.6901417,193.46219293904142,69.25913564991788,0
1595994509.700141,195.26206247639493,69.25913564991788,0
1595994509.7101293,197.05995790791349,69.25913564991788,0
1595994509.7201452,198.86283151936368,69.25913564991788,0
1595994509.7301388,200.66167108845548,69.25913564991788,0
1595994509.7401326,202.4605535728915,69.25913564991788,0
1595994509.7501326,204.26055185627774,69.25913564991788,0
1595994509.7601414,206.0621380074008,69.25913564991788,0
1595994509.770133,207.86063425373868,69.25913564991788,0
1595994509.7801445,209.66269247364835,69.25913564991788,0
1595994509.7901347,211.4609312279208,69.25913564991788,0
1595994509.800138,213.26153032612638,69.25913564991788,0
1595994509.81013,215.0600694878085,69.25913564991788,0
1595994509.8201432,216.86247103047208,69.25913564991788,0
1595994509.830134,218.66079561543302,69.25913564991788,0
1595994509.8401246,220.45912020039395,69.25913564991788,0
1595994509.850138,222.26152174305753,69.25913564991788,0
1595994509.8601277,224.0596746666415,69.25913564991788,0
1595994509.8701313,225.86031668019132,69.25913564991788,0
1595994509.8801382,227.66155950856046,69.25913564991788,0
1595994509.8901422,229.46228735279874,69.25913564991788,0
1595994509.9001417,231.2621998054965,69.25913564991788,0
1595994509.9101431,233.06245558094815,69.25913564991788,0
1595994509.920132,234.86043684315518,69.25913564991788,0
1595994509.930144,236.66262380909757,69.25913564991788,0
1595994509.9401293,238.45996134114102,69.25913564991788,0
1595994509.9501414,240.2621483070834,69.25913564991788,0
1595994509.9601455,242.0628761513217,69.25913564991788,0
1595994509.9701295,243.85999910664395,69.25913564991788,0
1595994509.980132,245.6604694588168,69.25913564991788,0
1595994509.9901245,247.4590944511874,69.25913564991788,0
1595994510.0001411,249.26209680867032,69.25913564991788,0
1595994510.0101438,251.06256716084317,69.25913564991788,0
1595994510.0201373,252.86140672993497,69.25913564991788,0
1595994510.0301297,254.66003172230558,69.25913564991788,0
1595994510.030509,254.72831003498868,69.25913564991788,0
1595994510.030509,328.4184930104966,142.9493186254258,0
1595994510.0401356,330.1512858648057,142.9493186254258,0
1595994510.0501401,331.95209953973244,142.9493186254258,0
1595994510.0601401,333.7520978231187,142.9493186254258,0
1595994510.0701256,335.54947827050637,142.9493186254258,0
1595994510.0801284,337.34999153802346,142.9493186254258,0
1595994510.08562,338.3384606618638,142.9493186254258,0
1595994510.08562,353.50153819855916,158.11239616212114,0
1595994510.0901372,354.3146552258419,158.11239616212114,0
1595994510.1001425,356.11559764680135,158.11239616212114,0
1595994510.110144,357.915853422253,158.11239616212114,0
1595994510.1201308,359.71349136170613,158.11239616212114,0
1595994510.121732,360,158.11239616212114,1
1595994510.1301355,361.51434795197713,158.11239616212114,0
1595994510.1401327,363.3138312512325,158.11239616212114,0
1595994510.15014,365.1151599102901,158.11239616212114,0
1595994510.1601439,366.91584483918416,158.11239616212114,0
1595994510.1701453,368.7161006146358,158.11239616212114,0
1595994510.180128,370.5130089932369,158.11239616212114,0
1595994510.1901326,372.31382266816365,158.11239616212114,0
1595994510.2001395,374.1150654965328,158.11239616212114,0
1595994510.2101438,375.9158362561153,158.11239616212114,0
1595994510.2201324,377.7137746029781,158.11239616212114,0
1595994510.2301333,379.5139445477413,158.11239616212114,0
1595994510.2401283,381.3130416088985,158.11239616212114,0
1595994510.2501442,383.1159152203487,158.11239616212114,0
1595994510.2601252,384.9124802761959,158.11239616212114,0
1595994510.270141,386.71531097230184,158.11239616212114,0
1595994510.2801394,388.51505176362264,158.11239616212114,0
1595994510.2901344,390.31414882477986,158.11239616212114,0
1595994510.3001244,392.1123446637081,158.11239616212114,0
1595994510.3101392,393.9150036984371,158.11239616212114,0
1595994510.3201373,395.7146586590694,158.11239616212114,0
1595994510.3301291,397.51319782075154,158.11239616212114,0
1595994510.3401396,399.31508437928426,158.11239616212114,0
1595994510.3501372,401.1146535092281,158.11239616212114,0
1595994510.360134,402.914050977795,158.11239616212114,0
1595994510.3701446,404.71598045167195,158.11239616212114,0
1595994510.3801408,406.51529208955037,158.11239616212114,0
1595994510.390136,408.31443206605184,158.11239616212114,0
1595994510.400145,410.1160611325191,158.11239616212114,0
1595994510.410126,411.9126261883663,158.11239616212114,0
1595994510.4201326,413.7138261013912,158.11239616212114,0
1595994510.4301403,415.51519767579305,158.11239616212114,0
1595994510.4401395,417.31506721314656,158.11239616212114,0
1595994510.4501252,419.1124905758785,158.11239616212114,0
1595994510.4601235,420.91218845185506,158.11239616212114,0
1595994510.4701405,422.7152337246822,158.11239616212114,0
1595994510.4801447,424.5160044842647,158.11239616212114,0
1595994510.490125,426.3124407940792,158.11239616212114,0
1595994510.500132,428.11372653779256,158.11239616212114,0
1595994510.510145,429.91604224976766,158.11239616212114,0
1595994510.520128,431.71299354371297,158.11239616212114,0
1595994510.5301282,433.51303474244344,158.11239616212114,0
1595994510.5401323,435.3137625866817,158.11239616212114,0
1595994510.5501375,437.1147050076412,158.11239616212114,0
1595994510.560126,438.912643354504,158.11239616212114,0
1595994510.5701282,440.71302787598836,158.11239616212114,0
1595994510.5801442,442.51590148743855,158.11239616212114,0
1595994510.5901299,444.3133248501705,158.11239616212114,0
1595994510.6001399,446.1151255780147,158.11239616212114,0
1595994510.6101336,447.91400806245076,158.11239616212114,0
1595994510.6201353,449.71430675324666,158.11239616212114,0
1595994510.630125,451.51245967683064,158.11239616212114,0
1595994510.6401308,453.3134879284786,158.11239616212114,0
1595994510.650143,455.115674894421,158.11239616212114,0
1595994510.6601248,456.9124116116451,158.11239616212114,0
1595994510.6701288,458.7131394558834,158.11239616212114,0
1595994510.68013,460.5133523159908,158.11239616212114,0
1595994510.6901343,462.3141230755733,158.11239616212114,0
1595994510.7001257,464.112576406567,158.11239616212114,0
1595994510.7101266,465.91274635133016,158.11239616212114,0
1595994510.720144,467.7158774548458,158.11239616212114,0
1595994510.7301412,469.51536075410115,158.11239616212114,0
1595994510.7401335,471.31398574647176,158.11239616212114,0
1595994510.7501342,473.1141127758907,158.11239616212114,0
1595994510.7601304,474.9134244137691,158.11239616212114,0
1595994510.7701442,476.7159117871212,158.11239616212114,0
1595994510.7801406,478.5152663403438,158.11239616212114,0
1595994510.7901325,480.31380550202596,158.11239616212114,0
1595994510.8001344,482.1141471081661,158.11239616212114,0
1595994510.810136,483.914445798962,158.11239616212114,0
1595994510.8201437,485.71581737336385,158.11239616212114,0
1595994510.8301253,487.51251117524373,158.11239616212114,0
1595994510.8401294,489.313239019482,158.11239616212114,0
1595994510.8501399,491.1151255780147,158.11239616212114,0
1595994510.8601282,492.9130210095333,158.11239616212114,0
1595994510.8701425,494.7155942135738,158.11239616212114,0
1595994510.8801427,496.5156354123043,158.11239616212114,0
1595994510.8901355,498.31434623536336,158.11239616212114,0
1595994510.9001312,500.1135720425533,158.11239616212114,0
1595994510.91013,501.91335574921834,158.11239616212114,0
1595994510.9201317,503.71365444001424,158.11239616212114,0
1595994510.9301248,505.51240817841756,158.11239616212114,0
1595994510.940142,507.31549636658895,158.11239616212114,0
1595994510.9501348,509.114207189648,158.11239616212114,0
1595994510.960131,510.91351882752645,158.11239616212114,0
1595994510.970136,512.7144183331417,158.11239616212114,0
1595994510.9801242,514.5123137646602,158.11239616212114,0
1595994510.9901302,516.3133849316524,158.11239616212114,0
1595994511.0001252,518.1124819928096,158.11239616212114,0
1595994511.0001252,0,158.11239616212114,0
1595994511.0101361,159.91436855134233,158.11239616212114,0
1595994511.020139,161.71488181885942,158.11239616212114,0
1595994511.0301409,163.51522342499956,158.11239616212114,0
1595994511.040141,165.31526462373003,158.11239616212114,0
1595994511.0501251,167.1123875790523,158.11239616212114,0
1595994511.0601368,168.9144887143062,158.11239616212114,0
1595994511.0701385,170.7147874051021,158.11239616212114,0
1595994511.0801425,172.51551524934038,158.11239616212114,0
1595994511.0901406,174.3151702099727,158.11239616212114,0
1595994511.100133,176.1137952023433,158.11239616212114,0
1595994511.1101341,177.91400806245073,158.11239616212114,0
1595994511.1201265,179.71263305482134,158.11239616212114,0
1595994511.1301436,181.51572124299273,158.11239616212114,0
1595994511.1401443,183.31584827241167,158.11239616212114,0
1595994511.150146,185.11614696320757,158.11239616212114,0
1595994511.1601362,186.91438571748003,158.11239616212114,0
1595994511.1701384,188.7147702389644,158.11239616212114,0
1595994511.180144,190.51579849061235,158.11239616212114,0
1595994511.1901405,192.315153043835,158.11239616212114,0
1595994511.200127,194.11270515259966,158.11239616212114,0
1595994511.2101367,195.91446296509966,158.11239616212114,0
1595994511.2201414,197.71531955537066,158.11239616212114,0
1595994511.2301302,199.5133008175777,158.11239616212114,0
1595994511.2401357,201.3142861538814,158.11239616212114,0
1595994511.2501273,203.1127824002193,158.11239616212114,0
1595994511.2601304,204.91333858308062,158.11239616212114,0
1595994511.2701414,206.7153109723018,158.11239616212114,0
1595994511.2801375,208.51462261018023,158.11239616212114,0
1595994511.2901316,210.3135480099605,158.11239616212114,0
1595994511.3001277,212.11285964783892,158.11239616212114,0
1595994511.3101323,213.91367332276567,158.11239616212114,0
1595994511.3201249,215.71234123048052,158.11239616212114,0
1595994511.3301425,217.51551524934038,158.11239616212114,0
1595994511.3401306,219.3133677655147,158.11239616212114,0
1595994511.3501291,221.1131085568355,158.11239616212114,0
1595994511.360135,222.9141797238277,158.11239616212114,0
1595994511.370141,224.71525089081987,158.11239616212114,0
1595994511.3801432,226.51563541230425,158.11239616212114,0
1595994511.3901296,228.3131875210689,158.11239616212114,0
1595994511.4001303,230.11331455048784,158.11239616212114,0
1595994511.410128,231.91292659577593,158.11239616212114,0
1595994511.420133,233.71382610139116,158.11239616212114,0
1595994511.43014,235.5150689297603,158.11239616212114,0
1595994511.4401438,237.31575385865435,158.11239616212114,0
1595994511.4501336,239.11390678223833,158.11239616212114,0
1595994511.4601338,240.9139479809688,158.11239616212114,0
1595994511.470141,242.71523372468218,158.11239616212114,0
1595994511.480145,244.51596156892046,158.11239616212114,0
1595994511.4901288,246.3130416088985,158.11239616212114,0
1595994511.5001352,248.11419860657915,158.11239616212114,0
1595994511.5101247,249.9123086148189,158.11239616212114,0
1595994511.5201292,251.71312228974566,158.11239616212114,0
1595994511.5301304,253.51333514985308,158.11239616212114,0
1595994511.5401347,255.3141059094356,158.11239616212114,0
1595994511.5501304,257.11333171662557,158.11239616212114,0
1595994511.5601337,258.91393081483113,158.11239616212114,0
1595994511.5701315,260.7135428601192,158.11239616212114,0
1595994511.5801399,262.5150431805538,158.11239616212114,0
1595994511.590125,264.31238071259725,158.11239616212114,0
1595994511.6001284,266.1129798108028,158.11239616212114,0
1595994511.6101446,267.91589633759725,158.11239616212114,0
1595994511.620133,269.7137917691158,158.11239616212114,0
1595994511.6301324,271.51370422181355,158.11239616212114,0
1595994511.6401303,273.31331626710164,158.11239616212114,0
1595994511.6501422,275.1154603176998,158.11239616212114,0
1595994511.6601288,276.9130553418087,158.11239616212114,0
1595994511.6701245,278.7122811489986,158.11239616212114,0
1595994511.6801295,280.51318065461385,158.11239616212114,0
1595994511.690133,282.31382266816365,158.11239616212114,0
1595994511.7001264,284.1126193219112,158.11239616212114,0
1595994511.7101305,285.9133471661495,158.11239616212114,0
1595994511.7201276,287.71283046540486,158.11239616212114,0
1595994511.7301276,289.5128287487911,158.11239616212114,0
1595994511.7401354,291.3142432385372,158.11239616212114,0
1595994511.7501369,293.11449901398885,158.11239616212114,0
1595994511.7601287,294.913038175671,158.11239616212114,0
1595994511.7701411,296.7152680569576,158.11239616212114,0
1595994511.7801342,298.5140217953609,158.11239616212114,0
1595994511.7901285,300.31299011048543,158.11239616212114,0
1595994511.8001454,302.1160353833126,158.11239616212114,0
1595994511.810133,303.9138020687984,158.11239616212114,0
1595994511.8201444,305.7158602887081,158.11239616212114,0
1595994511.830137,307.51452819642293,158.11239616212114,0
1595994511.8401258,309.31250945862996,158.11239616212114,0
1595994511.8501348,311.11413852509725,158.11239616212114,0
1595994511.8601325,312.9137076550411,158.11239616212114,0
1595994511.870144,314.71576587495076,158.11239616212114,0
1595994511.8801322,316.5136613064693,158.11239616212114,0
1595994511.8901255,318.3124579602169,158.11239616212114,0
1595994511.9001338,320.11395828065145,158.11239616212114,0
1595994511.910142,321.9154156857418,158.11239616212114,0
1595994511.9201355,323.7142552548336,158.11239616212114,0
1595994511.9301388,325.51485435303914,158.11239616212114,0
1595994511.9401388,327.31485263642537,158.11239616212114,0
1595994511.950132,329.1136063748287,158.11239616212114,0
1595994511.9601438,330.91575042542684,158.11239616212114,0
1595994511.9701304,332.7133454495357,158.11239616212114,0
1595994511.9801307,334.5133866482662,158.11239616212114,0
1595994511.9901361,336.3143719845699,158.11239616212114,0
1595994512.0001361,338.11437026795613,158.11239616212114,0
1595994512.0101376,339.9146260434078,158.11239616212114,0
1595994512.0201354,341.7142380886959,158.11239616212114,0
1595994512.0301266,343.5126485043453,158.11239616212114,0
1595994512.040139,345.3148783856319,158.11239616212114,0
1595994512.0501385,347.11479083832967,158.11239616212114,0
1595994512.0601342,348.9140166455196,158.11239616212114,0
1595994512.0701306,350.71337119874227,158.11239616212114,0
1595994512.0801349,352.5141419583248,158.11239616212114,0
1595994512.0901277,354.31285278138387,158.11239616212114,0
1595994512.1001437,356.11572639283406,158.11239616212114,0
1595994512.1101415,357.91533843812215,158.11239616212114,0
1595994512.1201289,359.71306220826375,158.11239616212114,0
1595994512.121739,360,158.11239616212114,1
1595994512.1301255,361.51245967683064,158.11239616212114,0
1595994512.1401322,363.31365958985555,158.11239616212114,0
1595994512.1501324,365.113700788586,158.11239616212114,0
1595994512.1601458,366.9161023312496,158.11239616212114,0
1595994512.1701405,368.7151564770626,158.11239616212114,0
1595994512.1801443,370.5158414059566,158.11239616212114,0
1595994512.1832378,371.0726679974483,158.11239616212114,0
1595994512.1832378,615.3218003992345,402.3615285639073,0
1595994512.1901374,616.5637275461461,402.3615285639073,0
1595994512.2001445,618.3650132898595,402.3615285639073,0
1595994512.2101247,620.1614495996739,402.3615285639073,0
1595994512.2201378,621.9638082269933,402.3615285639073,0
1595994512.2271018,623.2173225168492,402.3615285639073,0
1595994512.2271018,690.9651967550548,470.10940280211287,0
1595994512.2301257,691.5094920660289,470.10940280211287,0
1595994512.2401311,693.3104774023326,470.10940280211287,0
1595994512.250138,695.1117202307017,470.10940280211287,0
1595994512.2601297,696.9102164770396,470.10940280211287,0
1595994512.2701364,698.7114163900645,470.10940280211287,0
1595994512.280132,700.5106421972545,470.10940280211287,0
1595994512.290136,702.3113700414928,470.10940280211287,0
1595994512.3001244,704.1092654730113,470.10940280211287,0
1595994512.3101428,705.9125682379039,470.10940280211287,0
1595994512.3201308,707.7104207540782,470.10940280211287,0
1595994512.3301306,709.5103761221202,470.10940280211287,0
1595994512.3401322,711.3106748129161,470.10940280211287,0
1595994512.3501449,713.112947609547,470.10940280211287,0
1595994512.3601298,714.9102422262462,470.10940280211287,0
1595994512.3701262,716.7095967794688,470.10940280211287,0
1595994512.380136,718.5113545919688,470.10940280211287,0
1595994512.3901286,720.3100224996837,470.10940280211287,0
1595994512.400143,722.1125957037242,470.10940280211287,0
1595994512.4101405,723.912164833668,470.10940280211287,0
1595994512.4201345,725.7110902334483,470.10940280211287,0
1595994512.430133,727.5108310247691,470.10940280211287,0
1595994512.440139,729.3119021917613,470.10940280211287,0
1595994512.4501321,731.1106559301646,470.10940280211287,0
1595994512.4601326,732.9107400442393,470.10940280211287,0
1595994512.4701338,734.7109529043468,470.10940280211287,0
1595994512.4801357,736.5112945104869,470.10940280211287,0
1595994512.490135,738.3111640478404,470.10940280211287,0
1595994512.5001352,740.1112052465709,470.10940280211287,0
1595994512.5101347,741.9111176992686,470.10940280211287,0
1595994512.5201402,743.7121030355723,470.10940280211287,0
1595994512.5301301,745.5102988745006,470.10940280211287,0
1595994512.5401409,747.3122283483775,470.10940280211287,0
1595994512.5501392,749.1119262243541,470.10940280211287,0
1595994512.5601268,750.9096929098399,470.10940280211287,0
1595994512.5701256,752.709476616505,470.10940280211287,0
1595994512.5801287,754.5100327993663,470.10940280211287,0
1595994512.5901449,756.3129493261607,470.10940280211287,0
1595994512.6001375,758.1116172338756,470.10940280211287,0
1595994512.6101236,759.909126427296,470.10940280211287,0
1595994512.6201298,761.7102405096324,470.10940280211287,0
1595994512.6301293,763.5101529623302,470.10940280211287,0
1595994512.640139,765.3119107748302,470.10940280211287,0
1595994512.6501348,767.1111365820201,470.10940280211287,0
1595994512.660126,768.9095469976695,470.10940280211287,0
1595994512.670125,770.7093736196788,470.10940280211287,0
1595994512.6801357,772.5113030935557,470.10940280211287,0
1595994512.690134,774.3110009695323,470.10940280211287,0
1595994512.700125,776.1093684698375,470.10940280211287,0
1595994512.710144,777.9127999807628,470.10940280211287,0
1595994512.7201455,779.7130557562144,470.10940280211287,0
1595994512.730141,781.5122386480601,470.10940280211287,0
1595994512.7401278,783.3098765875133,470.10940280211287,0
1595994512.7501333,785.110861923817,470.10940280211287,0
1595994512.7601407,786.9121905828746,470.10940280211287,0
1595994512.7701406,788.7121888662608,470.10940280211287,0
1595994512.780124,790.5091830755504,470.10940280211287,0
1595994512.7901359,792.3113271261485,470.10940280211287,0
1595994512.8001308,794.1104241873057,470.10940280211287,0
1595994512.8101237,795.9091350103648,470.10940280211287,0
1595994512.8201365,797.7114507223399,470.10940280211287,0
1595994512.830145,799.5129510427745,470.10940280211287,0
1595994512.8401406,801.3121768499644,470.10940280211287,0
1595994512.8501327,803.1107589269908,470.10940280211287,0
1595994512.8601246,804.9092980886729,470.10940280211287,0
1595994512.8701375,806.711613800648,470.10940280211287,0
1595994512.880138,808.5116979147227,470.10940280211287,0
1595994512.8901246,810.3092929388316,470.10940280211287,0
1595994512.9001415,812.1123382116588,470.10940280211287,0
1595994512.9101303,813.9103194738658,470.10940280211287,0
1595994512.9201288,815.7100602651866,470.10940280211287,0
1595994512.9301283,817.5099727178844,470.10940280211287,0
1595994512.9401317,819.3105718160899,470.10940280211287,0
1595994512.950139,821.1119004751475,470.10940280211287,0
1595994512.9601243,822.909238007191,470.10940280211287,0
1595994512.9701312,824.7104808355601,470.10940280211287,0
1595994512.9801278,826.509878304127,470.10940280211287,0
1595994512.990134,828.3109923864635,470.10940280211287,0
1595994513.0001287,830.1100465322764,470.10940280211287,0
1595994513.0001287,0,470.10940280211287,0
1595994513.0101361,111.91073146117049,110.10940280211287,0
1595994513.020141,113.71158805144148,110.10940280211287,0
1595994513.0301323,115.51004138243513,110.10940280211287,0
1595994513.04013,117.30961051237898,110.10940280211287,0
1595994513.0501385,119.11115374815779,110.10940280211287,0
1595994513.0601447,120.91226783049422,110.10940280211287,0
1595994513.0701382,122.71110739958601,110.10940280211287,0
1595994513.0801387,124.51119151366072,110.10940280211287,0
1595994513.0901353,126.31058898222761,110.10940280211287,0
1595994513.1001415,128.11170306456404,110.10940280211287,0
1595994513.1101341,129.91037097227888,110.10940280211287,0
1595994513.120136,131.71071257841902,110.10940280211287,0
1595994513.1301363,133.5107537771495,110.10940280211287,0
1595994513.1401482,135.31289782774763,110.10940280211287,0
1595994513.1501327,137.11010661375838,110.10940280211287,0
1595994513.160132,138.9099761511119,110.10940280211287,0
1595994513.170143,140.71194854033308,110.10940280211287,0
1595994513.1801355,142.51061644804793,110.10940280211287,0
1595994513.1901393,144.31130137694197,110.10940280211287,0
1595994513.200132,146.1099692846568,110.10940280211287,0
1595994513.2101393,147.91129794371443,110.10940280211287,0
1595994513.2201393,149.71129622710066,110.10940280211287,0
1595994513.2301404,151.51150908720808,110.10940280211287,0
1595994513.24015,153.31322398436384,110.10940280211287,0
1595994513.2501411,155.11163440001326,110.10940280211287,0
1595994513.2601326,156.9100877310069,110.10940280211287,0
1595994513.270143,158.71197428953963,110.10940280211287,0
1595994513.2801318,160.50995555174666,110.10940280211287,0
1595994513.290137,162.31089797270613,110.10940280211287,0
1595994513.3001304,164.1096946264537,110.10940280211287,0
1595994513.3101287,165.90939250243025,110.10940280211287,0
1595994513.3201337,167.71029200804549,110.10940280211287,0
1595994513.3301296,169.50956073057966,110.10940280211287,0
1595994513.3401473,171.31273474943953,110.10940280211287,0
1595994513.3501344,173.1104156042369,110.10940280211287,0
1595994513.3601289,174.90942683470564,110.10940280211287,0
1595994513.3701408,176.7115708853038,110.10940280211287,0
1595994513.3801303,178.50968089354353,110.10940280211287,0
1595994513.3901358,180.31066622984724,110.10940280211287,0
1595994513.4001484,182.1129390264781,110.10940280211287,0
1595994513.4101393,183.91130652678328,110.10940280211287,0
1595994513.4201407,185.71156230223494,110.10940280211287,0
1595994513.430138,187.51108851683455,110.10940280211287,0
1595994513.4401443,189.31220259917097,110.10940280211287,0
1595994513.4501374,191.1109563375743,110.10940280211287,0
1595994513.460141,192.9115983511241,110.10940280211287,0
1595994513.4701352,194.7105666662486,110.10940280211287,0
1595994513.4801474,196.512753632191,110.10940280211287,0
1595994513.4901466,198.3126231695445,110.10940280211287,0
1595994513.5001464,200.1125785375865,110.10940280211287,0
1595994513.510134,201.91034522307234,110.10940280211287,0
1595994513.5201352,203.71055808317976,110.10940280211287,0
1595994513.530149,205.5130454565318,110.10940280211287,0
1595994513.5401385,207.31115546477156,110.10940280211287,0
1595994513.5501316,209.10990920317488,110.10940280211287,0
1595994513.5601354,210.91059413206892,110.10940280211287,0
1595994513.5701456,212.7124377752574,110.10940280211287,0
1595994513.5801466,214.51260772002058,110.10940280211287,0
1595994513.5901284,216.3093444372447,110.10940280211287,0
1595994513.6001492,218.11307635557966,110.10940280211287,0
1595994513.6101468,219.9126454855235,110.10940280211287,0
1595994513.6201396,221.7113563085826,110.10940280211287,0
1595994513.630141,223.51161208403425,110.10940280211287,0
1595994513.6401358,225.31066622984724,110.10940280211287,0
1595994513.6501484,227.1129390264781,110.10940280211287,0
1595994513.660146,228.91250815642195,110.10940280211287,0
1595994513.6701486,230.7129785085948,110.10940280211287,0
1595994513.6801338,232.51031604063826,110.10940280211287,0
1595994513.690131,234.30979933989363,110.10940280211287,0
1595994513.7001302,236.10966887724715,110.10940280211287,0
1595994513.710143,237.91198458922224,110.10940280211287,0
1595994513.7201343,239.71039500487166,110.10940280211287,0
1595994513.7301302,241.50966372740584,110.10940280211287,0
1595994513.7401445,243.31223693144636,110.10940280211287,0
1595994513.7501292,245.10948863280134,110.10940280211287,0
1595994513.7601383,246.91111769926863,110.10940280211287,0
1595994513.7701495,248.71313300383406,110.10940280211287,0
1595994513.7801328,250.5101272131236,110.10940280211287,0
1595994513.7901304,252.30969634306746,110.10940280211287,0
1595994513.8001306,254.10973754179793,110.10940280211287,0
1595994513.8101377,255.9110232855113,110.10940280211287,0
1595994513.8201432,257.712008621815,110.10940280211287,0
1595994513.8301485,259.5129510427745,110.10940280211287,0
1595994513.8401396,261.3113614584239,110.10940280211287,0
1595994513.8501446,263.11226096403914,110.10940280211287,0
1595994513.8601413,264.91165843260603,110.10940280211287,0
1595994513.8701339,266.7103263403209,110.10940280211287,0
1595994513.8801336,268.51028170836287,110.10940280211287,0
1595994513.8901396,270.31135287535506,110.10940280211287,0
1595994513.9001298,272.1095916296275,110.10940280211287,0
1595994513.9101326,273.9101048971446,110.10940280211287,0
1595994513.9201427,275.71190562498884,110.10940280211287,0
1595994513.9301383,277.5111314321788,110.10940280211287,0
1595994513.9401464,279.3125888372691,110.10940280211287,0
1595994513.9501474,281.1127587820323,110.10940280211287,0
1595994513.9601288,282.90940966856795,110.10940280211287,0
1595994513.970129,284.7094508672984,110.10940280211287,0
1595994513.9801378,286.51103701842146,110.10940280211287,0
1595994513.9901457,288.31245150816756,110.10940280211287,0
1595994514.0001457,290.1124497915538,110.10940280211287,0
1595994514.0101316,291.90991606962996,110.10940280211287,0
1595994514.0201395,293.71133055937605,110.10940280211287,0
1595994514.0301468,295.51265921843367,110.10940280211287,0
1595994514.0401332,297.3102113271983,110.10940280211287,0
1595994514.0501437,299.11209788573103,110.10940280211287,0
1595994514.060139,300.9112378622325,110.10940280211287,0
1595994514.0701406,302.7115365530284,110.10940280211287,0
1595994514.0801337,304.5102902914317,110.10940280211287,0
1595994514.0901465,306.3126060034068,110.10940280211287,0
1595994514.1001356,308.1106301809581,110.10940280211287,0
1595994514.1101298,309.9095984960826,110.10940280211287,0
1595994514.1201386,311.71118464720564,110.10940280211287,0
1595994514.1301284,313.5093375707896,110.10940280211287,0
1595994514.1401286,315.3093787695201,110.10940280211287,0
1595994514.1501431,317.11199488890486,110.10940280211287,0
1595994514.1601365,318.9107915426524,110.10940280211287,0
1595994514.1701396,320.71134772551375,110.10940280211287,0
1595994514.1801405,322.51151767027693,110.10940280211287,0
1595994514.1901345,324.3104430700572,110.10940280211287,0
1595994514.2001286,326.1093684698375,110.10940280211287,0
1595994514.2101393,327.91129794371443,110.10940280211287,0
1595994514.2201302,329.7096654440196,110.10940280211287,0
1595994514.2259607,330.7591601873668,110.10940280211287,0
1595994514.2259607,351.22774805621003,130.57799067095613,0
1595994514.2301376,351.9795819719205,130.57799067095613,0
1595994514.240143,353.7805673082242,130.57799067095613,0
1595994514.2501383,355.57970728472566,130.57799067095613,0
1595994514.2601295,357.37811770037507,130.57799067095613,0
1595994514.270143,359.1805621583829,130.57799067095613,0
1595994514.2747133,360,130.57799067095613,1
1595994514.2801468,360.9812470872769,130.57799067095613,0
1595994514.2901392,362.77987207964753,130.57799067095613,0
1595994514.30013,364.57819666460847,130.57799067095613,0
1595994514.310142,366.38038363055085,130.57799067095613,0
1595994514.320138,368.17965235308503,130.57799067095613,0
1595994514.3248518,369.0281316240201,130.57799067095613,0
1595994514.3248518,614.7084394872061,376.25829853414206,0
1595994514.3301399,615.6603018224112,376.25829853414206,0
1595994514.3401415,617.460600513207,376.25829853414206,0
1595994514.3501475,619.2616716801992,376.25829853414206,0
1595994514.3601456,621.0613266408316,376.25829853414206,0
1595994514.370135,622.8594366490713,376.25829853414206,0
1595994514.3801408,624.6604649007193,376.25829853414206,0
1595994514.3901467,626.4615360677114,376.25829853414206,0
1595994514.400141,628.260504382836,376.25829853414206,0
1595994514.4101303,630.0585714757315,376.25829853414206,0
1595994514.4201474,631.8616596639029,376.25829853414206,0
1595994514.43013,633.6585251271597,376.25829853414206,0
1595994514.4401457,635.4613558232656,376.25829853414206,0
1595994514.4501448,637.2611824452749,376.25829853414206,0
1595994514.460146,639.0613953053823,376.25829853414206,0
1595994514.470138,640.8599773824087,376.25829853414206,0
1595994514.4801483,642.6618210255972,376.25829853414206,0
1595994514.4901288,644.4583002507559,376.25829853414206,0
1595994514.5001385,646.2600580632559,376.25829853414206,0
1595994514.5101416,648.0606142461172,376.25829853414206,0
1595994514.520141,649.8604837834707,376.25829853414206,0
1595994514.5301275,651.6580788075796,376.25829853414206,0
1595994514.5401285,653.4582487523428,376.25829853414206,0
1595994514.550142,655.2606932103506,376.25829853414206,0
1595994514.560146,657.0614210545889,376.25829853414206,0
1595994514.57014,658.8603035390249,376.25829853414206,0
1595994514.5801275,660.6580702245108,376.25829853414206,0
1595994514.5901318,662.4588409840933,376.25829853414206,0
1595994514.6001437,664.2609850346914,376.25829853414206,0
1595994514.6101298,666.0584942281118,376.25829853414206,0
1595994514.6201468,667.861539500939,376.25829853414206,0
1595994514.6301472,669.6616236150137,376.25829853414206,0
1595994514.6401432,671.4608923375479,376.25829853414206,0
1595994514.650148,673.2617489278189,376.25829853414206,0
1595994514.6601353,675.0594726979605,376.25829853414206,0
1595994514.6701422,676.8607155263296,376.25829853414206,0
1595994514.68014,678.6603275716177,376.25829853414206,0
1595994514.6901426,680.4607979237906,376.25829853414206,0
1595994514.7001445,682.2611395299307,376.25829853414206,0
1595994514.7101455,684.0613094746939,376.25829853414206,0
1595994514.7201328,685.8590332448355,376.25829853414206,0
1595994514.7301404,687.6604048192373,376.25829853414206,0
1595994514.740144,689.4610468327871,376.25829853414206,0
1595994514.7501483,691.2618175923697,376.25829853414206,0
1595994514.7601364,693.059670108544,376.25829853414206,0
1595994514.7701428,694.8608271062246,376.25829853414206,0
1595994514.7801423,696.6607395589224,376.25829853414206,0
1595994514.790143,698.4608665883413,376.25829853414206,0
1595994514.8001475,700.2616802632681,376.25829853414206,0
1595994514.8101315,702.0588032185904,376.25829853414206,0
1595994514.820127,703.8579861104361,376.25829853414206,0
1595994514.8301404,705.6603876530996,376.25829853414206,0
1595994514.8401434,707.460943835961,376.25829853414206,0
1595994514.8501458,709.2613712727896,376.25829853414206,0
1595994514.8601456,711.0613266408316,376.25829853414206,0
1595994514.8701472,712.8616253316275,376.25829853414206,0
1595994514.8801446,714.6611515462271,376.25829853414206,0
1595994514.8901467,716.4615360677114,376.25829853414206,0
1595994514.900133,718.2590452611319,376.25829853414206,0
1595994514.910138,720.0599447667471,376.25829853414206,0
1595994514.9201322,721.8589130818716,376.25829853414206,0
1595994514.9301372,723.6598125874868,376.25829853414206,0
1595994514.9401386,725.4600683629385,376.25829853414206,0
1595994514.9501288,727.258307117211,376.25829853414206,0
1595994514.9601405,729.0604082524649,376.25829853414206,0
1595994514.9701293,730.8583895146719,376.25829853414206,0
1595994514.9801424,732.6607481419912,376.25829853414206,0
1595994514.9901402,734.4603601872793,376.25829853414206,0
1595994515.0001442,736.2610880315176,376.25829853414206,0
1595994515.0001442,0,376.25829853414206,0
1595994515.0101466,18.05872597097067,16.258298534142057,0
1595994515.0201464,19.858681339012662,16.258298534142057,0
1595994515.030151,21.65949501393942,16.258298534142057,0
1595994515.040153,23.459879535423795,16.258298534142057,0
1595994515.0501575,25.260693210350553,16.258298534142057,0
1595994515.0601602,27.061163562523404,16.258298534142057,0
1595994515.0701628,28.861633914696256,16.258298534142057,0
1595994515.0801532,30.659915584312955,16.258298534142057,0
1595994515.0901566,32.46051468251852,16.258298534142057,0
1595994515.1001523,34.25974048970846,16.258298534142057,0
1595994515.1101635,36.06175579427389,16.258298534142057,0
1595994515.120156,37.860423701988736,16.258298534142057,0
1595994515.1301575,39.6606794774404,16.258298534142057,0
1595994515.1401458,41.45857490895895,16.258298534142057,0
1595994515.1501455,43.25853027700094,16.258298534142057,0
1595994515.1601574,45.06067432759909,16.258298534142057,0
1595994515.1701596,46.86105884908346,16.258298534142057,0
1595994515.180157,48.66058506368307,16.258298534142057,0
1595994515.1901457,50.458566325890104,16.258298534142057,0
1595994515.2001543,52.26010956166891,16.258298534142057,0
1595994515.210145,54.05843414662985,16.258298534142057,0
1595994515.2201512,55.859548228966275,16.258298534142057,0
1595994515.2301643,57.66190685628561,16.258298534142057,0
1595994515.2401578,59.46074642537741,16.258298534142057,0
1595994515.2501469,61.25877060292868,16.258298534142057,0
1595994515.2601595,63.06104339955954,16.258298534142057,0
1595994515.270146,64.85859550832419,16.258298534142057,0
1595994515.2801569,66.66056789754538,16.258298534142057,0
1595994515.2901456,68.45854915975241,16.258298534142057,0
1595994515.300148,70.25897659658102,16.258298534142057,0
1595994515.3101614,72.0613781392446,16.258298534142057,0
1595994515.3201642,73.86189140676169,16.258298534142057,0
1595994515.3301623,75.66154636739401,16.258298534142057,0
1595994515.340149,77.4591413915029,16.258298534142057,0
1595994515.3501642,79.26188625692038,16.258298534142057,0
1595994515.360148,81.0589662968984,16.258298534142057,0
1595994515.3701591,82.86098160146383,16.258298534142057,0
1595994515.3801482,84.6590057790151,16.258298534142057,0
1595994515.3901496,86.45926155446676,16.258298534142057,0
1595994515.400152,88.25968899129538,16.258298534142057,0
1595994515.4101624,90.06157554982809,16.258298534142057,0
1595994515.42015,91.85934223531393,16.258298534142057,0
1595994515.4301512,93.65955509542135,16.258298534142057,0
1595994515.440161,95.46131290792135,16.258298534142057,0
1595994515.4501455,97.2585216939321,16.258298534142057,0
1595994515.4601538,99.06002201436667,16.258298534142057,0
1595994515.4701579,100.86074985860495,16.258298534142057,0
1595994515.4801528,102.65984691976217,16.258298534142057,0
1595994515.4901533,104.45993103383688,16.258298534142057,0
1595994515.500161,106.26130260823874,16.258298534142057,0
1595994515.5101633,108.06173004506735,16.258298534142057,0
1595994515.5201526,109.85979713796286,16.258298534142057,0
1595994515.5301547,111.66018165944723,16.258298534142057,0
1595994515.5401602,113.46116699575094,16.258298534142057,0
1595994515.5501645,115.26193775533346,16.258298534142057,0
1595994515.5601494,117.05923237203268,16.258298534142057,0
1595994515.5701535,118.85996021627096,16.258298534142057,0
1595994515.580146,120.6586281239858,16.258298534142057,0
1595994515.59015,122.45935596822409,16.258298534142057,0
1595994515.600147,124.25879635213522,16.258298534142057,0
1595994515.6101563,126.06046833394674,16.258298534142057,0
1595994515.6201627,127.86162533162741,16.258298534142057,0
1595994515.630148,129.65896286367087,16.258298534142057,0
1595994515.6401505,131.45943321584372,16.258298534142057,0
1595994515.6501532,133.25990356801657,16.258298534142057,0
1595994515.6601484,135.05904354451803,16.258298534142057,0
1595994515.6701477,136.85891308187155,16.258298534142057,0
1595994515.6801593,138.66101421712546,16.258298534142057,0
1595994515.6901531,140.4598967015615,16.258298534142057,0
1595994515.7001526,142.25980915425924,16.258298534142057,0
1595994515.7101548,144.06019367574362,16.258298534142057,0
1595994515.7201462,145.85864700673727,16.258298534142057,0
1595994515.7301576,147.66070522664694,16.258298534142057,0
1595994515.740146,149.4586006581655,16.258298534142057,0
1595994515.7501495,151.2592426717153,16.258298534142057,0
1595994515.760145,153.058425563561,16.258298534142057,0
1595994515.7701535,154.8599687993398,16.258298534142057,0
1595994515.780146,156.65859379171042,16.258298534142057,0
1595994515.7901506,158.4594503819814,16.258298534142057,0
1595994515.8001587,160.26090778707174,16.258298534142057,0
1595994515.810161,162.06133522390036,16.258298534142057,0
1595994515.8201468,163.8587585866323,16.258298534142057,0
1595994515.8301632,165.66171802877096,16.258298534142057,0
1595994515.8401506,167.45944179891256,16.258298534142057,0
1595994515.8501632,169.26171459554342,16.258298534142057,0
1595994515.860144,171.05823673604635,16.258298534142057,0
1595994515.870148,172.85896458028463,16.258298534142057,0
1595994515.8801444,174.6583191335073,16.258298534142057,0
1595994515.8901541,176.4600769460073,16.258298534142057,0
1595994515.9001465,178.2587019383779,16.258298534142057,0
1595994515.910163,180.06166138051657,16.258298534142057,0
1595994515.9201608,181.86127342580465,16.258298534142057,0
1595994515.9301581,183.66079964040426,16.258298534142057,0
1595994515.9401581,185.4607979237905,16.258298534142057,0
1595994515.950162,187.26148285268454,16.258298534142057,0
1595994515.96016,189.06113781331686,16.258298534142057,0
1595994515.970163,190.8616939961782,16.258298534142057,0
1595994515.980164,192.66186394094137,16.258298534142057,0
1595994515.990155,194.46023144124655,16.258298534142057,0
1595994516.000156,196.26040138600973,16.258298534142057,0
1595994516.010158,198.0607859074941,16.258298534142057,0
1595994516.0201592,199.86099876760153,16.258298534142057,0
1595994516.0301588,201.66091122029928,16.258298534142057,0
1595994516.040159,203.46095241902975,16.258298534142057,0
1595994516.0501456,205.25854744313864,16.258298534142057,0
1595994516.0601604,207.06120647786764,16.258298534142057,0
1595994516.0701578,208.86073269246725,16.258298534142057,0
1595994516.080145,210.65841354726462,16.258298534142057,0
1595994516.0901604,212.46120132802633,16.258298534142057,0
1595994516.1001549,214.26021255849508,16.258298534142057,0
1595994516.1101592,216.0609833180776,16.258298534142057,0
1595994516.1201558,217.8603807866445,16.258298534142057,0
1595994516.1301565,219.66050781606344,16.258298534142057,0
1595994516.1401627,221.46162189839987,16.258298534142057,0
1595994516.1501482,223.25900234578756,16.258298534142057,0
1595994516.1601477,225.05891479848532,16.258298534142057,0
1595994516.170162,226.86148800252585,16.258298534142057,0
1595994516.1801553,228.6602846562734,16.258298534142057,0
1595994516.1901503,230.45938171743063,16.258298534142057,0
1595994516.2001505,232.2594229161611,16.258298534142057,0
1595994516.210148,234.05899204610495,16.258298534142057,0
1595994516.2201502,235.85937656758932,16.258298534142057,0
1595994516.2301478,237.65894569753317,16.258298534142057,0
1595994516.2401497,239.4592873036733,16.258298534142057,0
1595994516.2501445,241.2583414494863,16.258298534142057,0
1595994516.2601533,243.05992760060934,16.258298534142057,0
1595994516.270163,244.86168541310934,16.258298534142057,0
1595994516.2801592,246.66099705098776,16.258298534142057,0
1595994516.2901578,248.46073784230856,16.258298534142057,0
1595994516.300155,250.26022114156393,16.258298534142057,0
1595994516.310158,252.06077732442526,16.258298534142057,0
1595994516.3201473,253.85884441732077,16.258298534142057,0
1595994516.326207,254.94958080648092,16.258298534142057,0
1595994516.326207,328.4848742419443,89.7935919696054,0
1595994516.3301451,329.1937498980722,89.7935919696054,0
1595994516.3401468,330.9940485888681,89.7935919696054,0
1595994516.3501496,332.7945618563852,89.7935919696054,0
1595994516.360149,334.5944313937387,89.7935919696054,0
1595994516.3701553,336.3955883914194,89.7935919696054,0
1595994516.3801453,338.1937842303476,89.7935919696054,0
1595994516.381332,338.40737389862153,89.7935919696054,0
1595994516.381332,353.52221216958645,104.90843024057033,0
1595994516.3901486,355.1092215995181,104.90843024057033,0
1595994516.4001508,356.90960612100247,104.90843024057033,0
1595994516.4101443,358.70844569009427,104.90843024057033,0
1595994516.4173248,360,104.90843024057033,1
1595994516.4201577,360.51084723275784,104.90843024057033,0
1595994516.4301605,362.31136050027493,104.90843024057033,0
1595994516.4401617,364.11157336038235,104.90843024057033,0
1595994516.450163,365.9117862204898,104.90843024057033,0
1595994516.4601629,367.711784503876,104.90843024057033,0
1595994516.4701445,369.5084783057559,104.90843024057033,0
1595994516.4801493,371.3093348960269,104.90843024057033,0
1595994516.490164,373.1119939307559,104.90843024057033,0
1595994516.50015,374.90946020883206,104.90843024057033,0
1595994516.5101573,376.7107888678897,104.90843024057033,0
1595994516.520145,378.5085555533755,104.90843024057033,0
1595994516.5301464,380.3088113288272,104.90843024057033,0
1595994516.5401514,382.1097108344424,104.90843024057033,0
1595994516.5501566,383.9106532554019,104.90843024057033,0
1595994516.5601616,385.7115527610171,104.90843024057033,0
1595994516.5701437,387.5083323935855,104.90843024057033,0
1595994516.580163,389.311806819855,104.90843024057033,0
1595994516.590144,391.1083718757022,104.90843024057033,0
1595994516.6001484,392.90918555062893,104.90843024057033,0
1595994516.610154,394.71017088693264,104.90843024057033,0
1595994516.6201437,396.50832381051663,104.90843024057033,0
1595994516.63016,398.3112832526553,104.90843024057033,0
1595994516.640153,400.1099940757144,104.90843024057033,0
1595994516.650144,401.9084044913638,104.90843024057033,0
1595994516.6601455,403.70866026681546,104.90843024057033,0
1595994516.670164,405.5120059470523,104.90843024057033,0
1595994516.6801593,407.31114592355374,104.90843024057033,0
1595994516.6901484,409.109170101105,104.90843024057033,0
1595994516.7001505,410.9095546225894,104.90843024057033,0
1595994516.7101586,412.7110120276797,104.90843024057033,0
1595994516.7201498,414.50942244332913,104.90843024057033,0
1595994516.730164,416.31199564736966,104.90843024057033,0
1595994516.740154,418.1101914862979,104.90843024057033,0
1595994516.7501552,419.9104043464053,104.90843024057033,0
1595994516.7601595,421.7111751059878,104.90843024057033,0
1595994516.7701483,423.50915636819485,104.90843024057033,0
1595994516.7801526,425.30992712777737,104.90843024057033,0
1595994516.7901573,427.11078371804837,104.90843024057033,0
1595994516.8001478,428.90906538766507,104.90843024057033,0
1595994516.8101437,430.70833411019925,104.90843024057033,0
1595994516.8201528,432.50996317666653,104.90843024057033,0
1595994516.8301504,434.3095323066104,104.90843024057033,0
1595994516.8401508,436.1096164206851,104.90843024057033,0
1595994516.8501437,437.90832724374417,104.90843024057033,0
1595994516.860155,439.71038546365384,104.90843024057033,0
1595994516.8701472,441.5089675406802,104.90843024057033,0
1595994516.8801503,443.30952372354153,104.90843024057033,0
1595994516.890149,445.10930743020657,104.90843024057033,0
1595994516.900154,446.9102069358218,104.90843024057033,0
1595994516.910144,448.70840277475,104.90843024057033,0
1595994516.9201484,450.50917353433255,104.90843024057033,0
1595994516.9301527,452.30994429391507,104.90843024057033,0
1595994516.9401455,454.10865511697415,104.90843024057033,0
1595994516.9501424,455.9080955008853,104.90843024057033,0
1595994516.9601567,457.7106687049258,104.90843024057033,0
1595994516.9701436,459.50830664437893,104.90843024057033,0
1595994516.9801497,461.30942072671536,104.90843024057033,0
1595994516.9901605,463.1113502005923,104.90843024057033,0
1595994517.0001574,464.91079058450345,104.90843024057033,0
1595994517.0001574,0,104.90843024057033,0
1595994517.0101626,106.7093726615298,104.90843024057033,0
1595994517.0164576,107.84246649545314,104.90843024057033,0
1595994517.0164576,284.35273994863593,281.4187036937531,0
1595994517.02018,285.0227772182282,281.4187036937531,0
1595994517.030168,286.82062973440253,281.4187036937531,0
1595994517.0401585,288.61891140401923,281.4187036937531,0
1595994517.0501654,290.42015423238837,281.4187036937531,0
1595994517.0601642,292.2199379390534,281.4187036937531,0
1595994517.070174,294.0216957515534,281.4187036937531,0
1595994517.0801668,295.8204065746125,281.4187036937531,0
1595994517.0901742,297.6217352336701,281.4187036937531,0
1595994517.100177,299.4222485011872,281.4187036937531,0
1595994517.1101692,301.22083057821357,281.4187036937531,0
1595994517.1201646,303.02001347005927,281.4187036937531,0
1595994517.1301641,304.819925922757,281.4187036937531,0
1595994517.1401799,306.622756618863,281.4187036937531,0
1595994517.150167,308.42043747366034,281.4187036937531,0
1595994517.1601758,310.2220236247834,281.4187036937531,0
1595994517.1701593,312.0190607494172,281.4187036937531,0
1595994517.180165,313.8200890010651,281.4187036937531,0
1595994517.1901622,315.6195723003205,281.4187036937531,0
1595994517.2001617,317.41948475301825,281.4187036937531,0
1595994517.2101636,319.2198263591584,281.4187036937531,0
1595994517.2201629,321.0196958965119,281.4187036937531,0
1595994517.2301655,322.82016624868476,281.4187036937531,0
1595994517.2401774,324.6223102992829,281.4187036937531,0
1595994517.2501671,326.4204632228669,281.4187036937531,0
1595994517.2601676,328.2205473369416,281.4187036937531,0
1595994517.2701643,330.0199448055085,281.4187036937531,0
1595994517.2801676,331.82054390371405,281.4187036937531,0
1595994517.2901607,333.6192976421174,281.4187036937531,0
1595994517.3001697,335.42092670858466,281.4187036937531,0
1595994517.3101747,337.2218262141999,281.4187036937531,0
1595994517.3201687,339.02075161398017,281.4187036937531,0
1595994517.3301702,340.8210073894318,281.4187036937531,0
1595994517.3401654,342.6201473659333,281.4187036937531,0
1595994517.3501732,344.4215618556794,281.4187036937531,0
1595994517.3601754,346.22194637716376,281.4187036937531,0
1595994517.370161,348.0193697398957,281.4187036937531,0
1595994517.380173,349.82151379049384,281.4187036937531,0
1595994517.3901687,351.6207395976838,281.4187036937531,0
1595994517.4001803,353.4228407329377,281.4187036937531,0
1595994517.4101586,355.21893371999823,281.4187036937531,0
1595994517.4201713,357.0212065166291,281.4187036937531,0
1595994517.4301598,358.8191448634919,281.4187036937531,0
1595994517.4367363,360,281.4187036937531,1
1595994517.4401639,360.61987270773017,281.4187036937531,0
1595994517.4501698,362.42094387472235,281.4187036937531,0
1595994517.4601762,364.222100872403,281.4187036937531,0
1595994517.462829,364.6996199077424,281.4187036937531,0
1595994517.462829,613.4098859723226,530.1289697583334,0
1595994517.4701748,614.7321077283041,530.1289697583334,0
1595994517.4801655,616.530432313265,530.1289697583334,0
1595994517.4901714,618.3315034802572,530.1289697583334,0
1595994517.5001636,620.1300855572836,530.1289697583334,0
1595994517.5101786,621.9327875073568,530.1289697583334,0
1595994517.5201674,623.7307687695638,530.1289697583334,0
1595994517.5301569,625.5288787778036,530.1289697583334,0
1595994517.5401602,627.3294778760092,530.1289697583334,0
1595994517.550164,629.1301628049032,530.1289697583334,0
1595994517.560168,630.9308906491415,530.1289697583334,0
1595994517.5701578,632.7290435727255,530.1289697583334,0
1595994517.58016,634.5294280942098,530.1289697583334,0
1595994517.5901728,636.3317438061849,530.1289697583334,0
1595994517.6001632,638.1300254758016,530.1289697583334,0
1595994517.6101716,639.9315257962362,530.1289697583334,0
1595994517.6201613,641.7296787198202,530.1289697583334,0
1595994517.6301582,643.5291191037313,530.1289697583334,0
