Timestamp,Phase,Heading,Ping?
1596033726.000106,60.0,60.0,0
1596033726.0101335,61.80381774902344,60.0,0
1596033726.020126,63.60248565673828,60.0,0
1596033726.0301197,65.40132522583008,60.0,0
1596033726.0401187,67.20115184783936,60.0,0
1596033726.050127,69.00265216827393,60.0,0
1596033726.0601163,70.80071926116943,60.0,0
1596033726.0701306,72.60329246520996,60.0,0
1596033726.0801167,74.40080165863037,60.0,0
1596033726.0901217,76.2017011642456,60.0,0
1596033726.100125,78.00230026245117,60.0,0
1596033726.1101148,79.80045318603516,60.0,0
1596033726.1201158,81.60062313079834,60.0,0
1596033726.130118,83.40100765228271,60.0,0
1596033726.140128,85.20280838012695,60.0,0
1596033726.15013,87.00319290161133,60.0,0
1596033726.1601307,88.80331993103027,60.0,0
1596033726.1701326,90.60366153717041,60.0,0
1596033726.1801152,92.40052700042725,60.0,0
1596033726.1901217,94.20168399810791,60.0,0
1596033726.2001338,96.0038709640503,60.0,0
1596033726.2101183,97.80107975006104,60.0,0
1596033726.2201204,99.60146427154541,60.0,0
1596033726.2301257,101.40240669250488,60.0,0
1596033726.2401237,103.2020616531372,60.0,0
1596033726.2501237,105.00205993652344,60.0,0
1596033726.260131,106.80334568023682,60.0,0
1596033726.2701173,108.60089778900146,60.0,0
1596033726.2801292,110.40304183959961,60.0,0
1596033726.2901323,112.20359802246094,60.0,0
1596033726.3001292,114.00303840637207,60.0,0
1596033726.3101149,115.800461769104,60.0,0
1596033726.3201156,117.60058879852295,60.0,0
1596033726.3301253,119.40234661102295,60.0,0
1596033726.3401277,121.20277404785156,60.0,0
1596033726.3501272,123.00268650054932,60.0,0
1596033726.360113,124.80010986328125,60.0,0
1596033726.3701205,126.6014814376831,60.0,0
1596033726.3801267,128.40259552001953,60.0,0
1596033726.3901172,130.20087718963623,60.0,0
1596033726.400129,132.00302124023438,60.0,0
1596033726.4101338,133.80387783050537,60.0,0
1596033726.4201214,135.6016445159912,60.0,0
1596033726.4301162,137.4006986618042,60.0,0
1596033726.4401133,139.20018196105957,60.0,0
1596033726.4501212,141.00159645080566,60.0,0
1596033726.4601302,142.80322551727295,60.0,0
1596033726.4701319,144.60352420806885,60.0,0
1596033726.4801133,146.4001750946045,60.0,0
1596033726.490112,148.19995880126953,60.0,0
1596033726.5001328,150.0036907196045,60.0,0
1596033726.5101185,151.80111408233643,60.0,0
1596033726.5201285,153.60291481018066,60.0,0
1596033726.5301201,155.40141105651855,60.0,0
1596033726.5401154,157.20055103302002,60.0,0
1596033726.5501232,159.0019655227661,60.0,0
1596033726.5601146,160.80041885375977,60.0,0
1596033726.570132,162.6035499572754,60.0,0
1596033726.5801175,164.4009304046631,60.0,0
1596033726.590113,166.2001132965088,60.0,0
1596033726.6001332,168.00375938415527,60.0,0
1596033726.610126,169.80247020721436,60.0,0
1596033726.6201324,171.60362720489502,60.0,0
1596033726.630112,173.39993476867676,60.0,0
1596033726.640131,175.20336627960205,60.0,0
1596033726.6501327,177.00366497039795,60.0,0
1596033726.660112,178.79992961883545,60.0,0
1596033726.670116,180.60065746307373,60.0,0
1596033726.6801274,182.4027156829834,60.0,0
1596033726.6901264,184.20254230499268,60.0,0
1596033726.7001307,186.0033130645752,60.0,0
1596033726.7101252,187.80232429504395,60.0,0
1596033726.720113,189.60013389587402,60.0,0
1596033726.7301304,191.40326499938965,60.0,0
1596033726.740116,193.20064544677734,60.0,0
1596033726.750133,195.00373363494873,60.0,0
1596033726.760126,196.80248737335205,60.0,0
1596033726.770123,198.60192775726318,60.0,0
1596033726.7801213,200.40162563323975,60.0,0
1596033726.790122,202.2017526626587,60.0,0
1596033726.8001337,204.0038537979126,60.0,0
1596033726.810112,205.79994678497314,60.0,0
1596033726.820131,207.60337829589844,60.0,0
1596033726.8301334,209.40380573272705,60.0,0
1596033726.840127,211.20264530181885,60.0,0
1596033726.8501246,213.0022144317627,60.0,0
1596033726.860122,214.8017406463623,60.0,0
1596033726.8701215,216.60165309906006,60.0,0
1596033726.8801188,218.40117931365967,60.0,0
1596033726.8901217,220.20169258117676,60.0,0
1596033726.9001122,221.99997425079346,60.0,0
1596033726.9101195,223.80130290985107,60.0,0
1596033726.9201152,225.60052871704102,60.0,0
1596033726.9301298,227.40314483642578,60.0,0
1596033726.9401236,229.20202732086182,60.0,0
1596033726.9501133,231.0001802444458,60.0,0
1596033726.9601119,232.7999210357666,60.0,0
1596033726.97012,234.60137844085693,60.0,0
1596033726.9801254,236.40236377716064,60.0,0
1596033726.9901218,238.2017183303833,60.0,0
1596033727.0001125,240.00004291534424,60.0,0
1596033727.0101147,241.8004274368286,60.0,0
1596033727.0201323,243.60360145568848,60.0,0
1596033727.0301237,245.40205478668213,60.0,0
1596033727.04012,247.20136642456055,60.0,0
1596033727.050123,249.00192260742188,60.0,0
1596033727.0601304,250.8032512664795,60.0,0
1596033727.0701253,252.60234832763672,60.0,0
1596033727.0801318,254.40350532531738,60.0,0
1596033727.0901184,256.20110034942627,60.0,0
1596033727.1001246,258.0022144317627,60.0,0
1596033727.1101327,259.803671836853,60.0,0
1596033727.120117,261.60083770751953,60.0,0
1596033727.1301212,263.40160846710205,60.0,0
1596033727.140125,265.2022933959961,60.0,0
1596033727.150127,267.00263500213623,60.0,0
1596033727.1601298,268.8031482696533,60.0,0
1596033727.1701143,270.60035705566406,60.0,0
1596033727.1801333,272.40378856658936,60.0,0
1596033727.1901226,274.20185565948486,60.0,0
1596033727.2001116,275.99987983703613,60.0,0
1596033727.2101316,277.8034830093384,60.0,0
1596033727.2117226,278.08985710144043,60.0,0
1596033727.2117226,335.42695713043213,117.3371000289917,0
1596033727.220129,336.9401092529297,117.3371000289917,0
1596033727.2301185,338.73821926116943,117.3371000289917,0
1596033727.240131,340.54044914245605,117.3371000289917,0
1596033727.2501295,342.34018993377686,117.3371000289917,0
1596033727.2601326,344.1407461166382,117.3371000289917,0
1596033727.2701182,345.9381694793701,117.3371000289917,0
1596033727.2801151,347.73760986328125,117.3371000289917,0
1596033727.2855847,348.72213077545166,117.3371000289917,0
1596033727.2855847,356.6166392326355,125.23160848617553,0
1596033727.2901285,357.4345198631287,125.23160848617553,0
1596033727.3001258,359.2340460777283,125.23160848617553,0
1596033727.304392,360,125.23160848617553,1
1596033727.3101175,361.0325423240662,125.23160848617553,0
1596033727.3201284,362.8345147132874,125.23160848617553,0
1596033727.3301253,364.6339550971985,125.23160848617553,0
1596033727.3401258,366.4340392112732,125.23160848617553,0
1596033727.3501325,368.2352391242981,125.23160848617553,0
1596033727.3601284,370.0345078468323,125.23160848617553,0
1596033727.370123,371.83351907730105,125.23160848617553,0
1596033727.3801289,373.63459024429324,125.23160848617553,0
1596033727.390118,375.4326144218445,125.23160848617553,0
1596033727.4001126,377.2316685676575,125.23160848617553,0
1596033727.4101202,379.03304014205935,125.23160848617553,0
1596033727.4201305,380.8348837852478,125.23160848617553,0
1596033727.4301116,382.63149175643923,125.23160848617553,0
1596033727.4401245,384.43380746841433,125.23160848617553,0
1596033727.4501216,386.2332907676697,125.23160848617553,0
1596033727.4601278,388.0344048500061,125.23160848617553,0
1596033727.470128,389.8344460487366,125.23160848617553,0
1596033727.4801297,391.6347447395325,125.23160848617553,0
1596033727.4901245,393.4337988853455,125.23160848617553,0
1596033727.5001273,395.23431215286257,125.23160848617553,0
1596033727.5101268,397.0342246055603,125.23160848617553,0
1596033727.5201294,398.8346949577332,125.23160848617553,0
1596033727.5301294,400.6346932411194,125.23160848617553,0
1596033727.5401304,402.4348631858826,125.23160848617553,0
1596033727.5501115,404.231471157074,125.23160848617553,0
1596033727.5601254,406.03395853042605,125.23160848617553,0
1596033727.570127,407.83425722122195,125.23160848617553,0
1596033727.580125,409.63391218185427,125.23160848617553,0
1596033727.5901213,411.4332238197327,125.23160848617553,0
1596033727.6001189,413.23279294967654,125.23160848617553,0
1596033727.6101115,415.0314608573914,125.23160848617553,0
1596033727.620117,416.8324461936951,125.23160848617553,0
1596033727.6301188,418.6327877998352,125.23160848617553,0
1596033727.6401165,420.4323569297791,125.23160848617553,0
1596033727.6501303,422.2348443031311,125.23160848617553,0
1596033727.6601253,424.03394136428835,125.23160848617553,0
1596033727.6701224,425.8334246635437,125.23160848617553,0
1596033727.6801128,427.6317063331604,125.23160848617553,0
1596033727.6901217,429.43329248428347,125.23160848617553,0
1596033727.7001266,431.2341919898987,125.23160848617553,0
1596033727.7101274,433.03431901931765,125.23160848617553,0
1596033727.720114,434.83191404342654,125.23160848617553,0
1596033727.7301185,436.6327277183533,125.23160848617553,0
1596033727.740132,438.4351721763611,125.23160848617553,0
1596033727.7501132,440.2317801475525,125.23160848617553,0
1596033727.7601173,442.0325079917908,125.23160848617553,0
1596033727.7701292,443.83465204238894,125.23160848617553,0
1596033727.7801278,445.63439283370974,125.23160848617553,0
1596033727.7901278,447.43439111709597,125.23160848617553,0
1596033727.8001246,449.2338315010071,125.23160848617553,0
1596033727.810123,451.03352937698367,125.23160848617553,0
1596033727.8201318,452.8351155281067,125.23160848617553,0
1596033727.8301225,454.63344011306765,125.23160848617553,0
1596033727.8401191,456.43283758163454,125.23160848617553,0
1596033727.8501256,458.2339945793152,125.23160848617553,0
1596033727.8601294,460.03467950820925,125.23160848617553,0
1596033727.8701277,461.8343773841858,125.23160848617553,0
1596033727.8801138,463.6318865776062,125.23160848617553,0
1596033727.8901258,465.43403062820437,125.23160848617553,0
1596033727.9001238,467.2336855888367,125.23160848617553,0
1596033727.9101226,469.03346929550173,125.23160848617553,0
1596033727.920128,470.83445463180544,125.23160848617553,0
1596033727.9301193,472.63286504745486,125.23160848617553,0
1596033727.9401138,474.4318762779236,125.23160848617553,0
1596033727.9501324,476.2352219581604,125.23160848617553,0
1596033727.9601123,478.03161535263064,125.23160848617553,0
1596033727.9701157,479.8322144508362,125.23160848617553,0
1596033727.9801157,481.63221273422243,125.23160848617553,0
1596033727.9901104,483.4312668800354,125.23160848617553,0
1596033728.000123,485.2335396766663,125.23160848617553,0
1596033728.000123,0,125.23160848617553,0
1596033728.010135,127.03375253677368,125.23160848617553,0
1596033728.020127,128.83233461380004,125.23160848617553,0
1596033728.0301359,130.6339207649231,125.23160848617553,0
1596033728.040128,132.43250284194946,125.23160848617553,0
1596033728.050134,134.23357400894164,125.23160848617553,0
1596033728.0601435,136.0352889060974,125.23160848617553,0
1596033728.0701373,137.83417139053344,125.23160848617553,0
1596033728.0801356,139.63386926651,125.23160848617553,0
1596033728.0901353,141.433824634552,125.23160848617553,0
1596033728.1001408,143.2348099708557,125.23160848617553,0
1596033728.1101258,145.03210458755493,125.23160848617553,0
1596033728.120127,146.83231744766235,125.23160848617553,0
1596033728.1301281,148.63253030776977,125.23160848617553,0
1596033728.1401274,150.43239984512329,125.23160848617553,0
1596033728.1501243,152.23184022903442,125.23160848617553,0
1596033728.160133,154.03338346481323,125.23160848617553,0
1596033728.1701312,155.8330813407898,125.23160848617553,0
1596033728.1801372,157.63415250778198,125.23160848617553,0
1596033728.1901302,159.4329062461853,125.23160848617553,0
1596033728.200135,161.2337628364563,125.23160848617553,0
1596033728.2101285,163.0326024055481,125.23160848617553,0
1596033728.2201278,164.8324719429016,125.23160848617553,0
1596033728.230133,166.63341436386108,125.23160848617553,0
1596033728.240143,168.43521509170532,125.23160848617553,0
1596033728.2501295,170.23276720046997,125.23160848617553,0
1596033728.2601433,172.03525457382202,125.23160848617553,0
1596033728.2701232,173.83164796829223,125.23160848617553,0
1596033728.2801266,175.6322470664978,125.23160848617553,0
1596033728.2901373,177.43417654037475,125.23160848617553,0
1596033728.3001332,179.23344526290893,125.23160848617553,0
1596033728.3101387,181.03443059921264,125.23160848617553,0
1596033728.320138,182.83430013656616,125.23160848617553,0
1596033728.3301327,184.63335428237914,125.23160848617553,0
1596033728.3401344,186.43365297317504,125.23160848617553,0
1596033728.3501284,188.23257837295532,125.23160848617553,0
1596033728.3601384,190.03437910079955,125.23160848617553,0
1596033728.3701236,191.831716632843,125.23160848617553,0
1596033728.380123,193.63158617019653,125.23160848617553,0
1596033728.390132,195.4332152366638,125.23160848617553,0
1596033728.4001398,197.2346297264099,125.23160848617553,0
1596033728.4101446,199.0354863166809,125.23160848617553,0
1596033728.4201405,200.83475503921508,125.23160848617553,0
1596033728.430125,202.63196382522582,125.23160848617553,0
1596033728.4401321,204.4332495689392,125.23160848617553,0
1596033728.4501271,206.23234663009643,125.23160848617553,0
1596033728.4601283,208.03255949020385,125.23160848617553,0
1596033728.470134,209.8335877418518,125.23160848617553,0
1596033728.4801247,211.63191232681274,125.23160848617553,0
1596033728.4901385,213.4343997001648,125.23160848617553,0
1596033728.5001388,215.23444089889526,125.23160848617553,0
1596033728.5101314,217.0331088066101,125.23160848617553,0
1596033728.5201316,218.83315000534057,125.23160848617553,0
1596033728.530123,220.63160333633422,125.23160848617553,0
1596033728.5401306,222.43297491073608,125.23160848617553,0
1596033728.5501437,224.23533353805541,125.23160848617553,0
1596033728.560135,226.03374395370483,125.23160848617553,0
1596033728.5701363,227.8339997291565,125.23160848617553,0
1596033728.5801437,229.6353283882141,125.23160848617553,0
1596033728.5901403,231.434725856781,125.23160848617553,0
1596033728.600123,233.23159132003784,125.23160848617553,0
1596033728.6101382,235.03433618545532,125.23160848617553,0
1596033728.6201317,236.8331757545471,125.23160848617553,0
1596033728.6301296,238.6327877998352,125.23160848617553,0
1596033728.6401327,240.43334398269653,125.23160848617553,0
1596033728.6501355,242.23385725021362,125.23160848617553,0
1596033728.6601374,244.03419885635375,125.23160848617553,0
1596033728.6701372,245.83415422439575,125.23160848617553,0
1596033728.680124,247.63179216384887,125.23160848617553,0
1596033728.690131,249.433034992218,125.23160848617553,0
1596033728.700129,251.23268995285034,125.23160848617553,0
1596033728.7101302,253.03290281295776,125.23160848617553,0
1596033728.7201285,254.83260068893432,125.23160848617553,0
1596033728.730129,256.63268480300906,125.23160848617553,0
1596033728.7401412,258.43487176895144,125.23160848617553,0
1596033728.750131,260.2330246925354,125.23160848617553,0
1596033728.7601225,262.0315209388733,125.23160848617553,0
1596033728.770144,263.835381603241,125.23160848617553,0
1596033728.7801282,265.6325474739075,125.23160848617553,0
1596033728.7901344,267.4336615562439,125.23160848617553,0
1596033728.8001387,269.23443231582644,125.23160848617553,0
1596033728.810126,271.03215608596804,125.23160848617553,0
1596033728.8201296,272.83279809951785,125.23160848617553,0
1596033728.8301313,274.63309679031374,125.23160848617553,0
1596033728.8401437,276.43532667160036,125.23160848617553,0
1596033728.8501341,278.23360834121706,125.23160848617553,0
1596033728.860139,280.03446493148806,125.23160848617553,0
1596033728.8701394,281.83454904556277,125.23160848617553,0
1596033728.8801382,283.6343327522278,125.23160848617553,0
1596033728.8901293,285.4327431678772,125.23160848617553,0
1596033728.9001436,287.23531637191775,125.23160848617553,0
1596033728.9101362,289.0339842796326,125.23160848617553,0
1596033728.9201405,290.8347550392151,125.23160848617553,0
1596033728.930131,292.6330367088318,125.23160848617553,0
1596033728.9401438,294.4353524208069,125.23160848617553,0
1596033728.9501355,296.2338486671448,125.23160848617553,0
1596033728.9601312,298.03307447433474,125.23160848617553,0
1596033728.9701438,299.8353472709656,125.23160848617553,0
1596033728.9801326,301.63332853317263,125.23160848617553,0
1596033728.9901314,303.43311223983767,125.23160848617553,0
1596033729.000125,305.23195180892947,125.23160848617553,0
1596033729.0101268,307.0322934150696,125.23160848617553,0
1596033729.020124,308.831776714325,125.23160848617553,0
1596033729.0301406,310.6347790718079,125.23160848617553,0
1596033729.0401394,312.4345627784729,125.23160848617553,0
1596033729.0501244,314.23185739517214,125.23160848617553,0
1596033729.0601313,316.0331002235413,125.23160848617553,0
1596033729.0701394,317.8345576286316,125.23160848617553,0
1596033729.0801246,319.63189516067507,125.23160848617553,0
1596033729.0901322,321.4332667350769,125.23160848617553,0
1596033729.1001244,323.2318488121033,125.23160848617553,0
1596033729.110122,325.03141794204714,125.23160848617553,0
1596033729.1201303,326.8329182624817,125.23160848617553,0
1596033729.1301353,328.63381776809695,125.23160848617553,0
1596033729.1401398,330.4346314430237,125.23160848617553,0
1596033729.1501305,332.23295602798464,125.23160848617553,0
1596033729.1601303,334.03291139602663,125.23160848617553,0
1596033729.1701245,335.83187971115115,125.23160848617553,0
1596033729.1801364,337.6340237617493,125.23160848617553,0
1596033729.190128,339.4325200080872,125.23160848617553,0
1596033729.2001398,341.2346211433411,125.23160848617553,0
1596033729.2101314,343.033117389679,125.23160848617553,0
1596033729.210696,343.1347409248352,125.23160848617553,0
1596033729.210696,354.9404222774506,137.03728983879088,0
1596033729.2201407,356.64047072410585,137.03728983879088,0
1596033729.2301428,358.4408552455902,137.03728983879088,0
1596033729.2388132,360,137.03728983879088,1
1596033729.2401266,360.23793528556826,137.03728983879088,0
1596033729.2501395,362.04025099754335,137.03728983879088,0
1596033729.2601423,363.84076426506044,137.03728983879088,0
1596033729.2633078,364.4105512905121,137.03728983879088,0
1596033729.2633078,457.24926827430727,137.03728983879088,0
1596033729.2701304,458.4773337650299,137.03728983879088,0
1596033729.2801235,460.27608750343325,137.03728983879088,0
1596033729.2901263,462.07660077095034,137.03728983879088,0
1596033729.3001351,463.8781869220734,137.03728983879088,0
1596033729.3101277,465.6768548297882,137.03728983879088,0
1596033729.3201246,467.47629521369936,137.03728983879088,0
1596033729.33014,469.2790829944611,137.03728983879088,0
1596033729.3401368,471.078480463028,137.03728983879088,0
1596033729.350142,472.87942288398744,137.03728983879088,0
1596033729.360139,474.6788632678986,137.03728983879088,0
1596033729.3701425,476.4795052814484,137.03728983879088,0
1596033729.380135,478.2781731891632,137.03728983879088,0
1596033729.390131,480.0774419116974,137.03728983879088,0
1596033729.4001398,481.87902806282045,137.03728983879088,0
1596033729.4101343,483.6780392932892,137.03728983879088,0
1596033729.4201427,485.4795396137238,137.03728983879088,0
1596033729.4301302,487.2773062992096,137.03728983879088,0
1596033729.4401426,489.07953618049623,137.03728983879088,0
1596033729.4501243,490.8762299823761,137.03728983879088,0
1596033729.460125,492.67635701179506,137.03728983879088,0
1596033729.470132,494.47764275550844,137.03728983879088,0
1596033729.4801273,496.2767827320099,137.03728983879088,0
1596033729.4901376,498.0786263751984,137.03728983879088,0
1596033729.5001304,499.87733719825746,137.03728983879088,0
1596033729.510126,501.6765630054474,137.03728983879088,0
1596033729.5201275,503.47681878089907,137.03728983879088,0
1596033729.5301414,505.2793061542511,137.03728983879088,0
1596033729.5401342,507.0780169773102,137.03728983879088,0
1596033729.550142,508.8794314670563,137.03728983879088,0
1596033729.5601315,510.67754147529604,137.03728983879088,0
1596033729.5701253,512.4764239597321,137.03728983879088,0
1596033729.5801392,514.2789113330841,137.03728983879088,0
1596033729.5901225,516.0759055423737,137.03728983879088,0
1596033729.600128,517.8768908786774,137.03728983879088,0
1596033729.61014,519.6790778446198,137.03728983879088,0
1596033729.6201396,521.4789902973175,137.03728983879088,0
1596033729.6301367,523.2784735965729,137.03728983879088,0
1596033729.64014,525.0790726947785,137.03728983879088,0
1596033729.6501431,526.8796288776398,137.03728983879088,0
1596033729.6601336,528.6779105472565,137.03728983879088,0
1596033729.6701279,530.476878862381,137.03728983879088,0
1596033729.6801238,532.2761475849152,137.03728983879088,0
1596033729.690126,534.0765321063996,137.03728983879088,0
1596033729.7001252,535.8764016437531,137.03728983879088,0
1596033729.7101436,537.6797044086456,137.03728983879088,0
1596033729.7201219,539.4757973957062,137.03728983879088,0
1596033729.7301385,541.2787997531891,137.03728983879088,0
1596033729.740131,543.0774247455597,137.03728983879088,0
1596033729.7501218,544.8757922458649,137.03728983879088,0
1596033729.7601252,546.6763913440705,137.03728983879088,0
1596033729.7701406,548.4791791248322,137.03728983879088,0
1596033729.7801397,550.2790057468414,137.03728983879088,0
1596033729.7901216,552.0757424640656,137.03728983879088,0
1596033729.8001306,553.8773715305329,137.03728983879088,0
1596033729.810143,555.6796014118195,137.03728983879088,0
1596033729.8201423,557.479470949173,137.03728983879088,0
1596033729.830138,559.2786967563629,137.03728983879088,0
1596033729.8401268,561.07667801857,137.03728983879088,0
1596033729.850126,562.8765475559235,137.03728983879088,0
1596033729.860127,564.6767175006867,137.03728983879088,0
1596033729.870127,566.4767157840729,137.03728983879088,0
1596033729.8801405,568.2791602420807,137.03728983879088,0
1596033729.8901281,570.0769269275665,137.03728983879088,0
1596033729.9001303,571.8773114490509,137.03728983879088,0
1596033729.9101362,573.6783826160431,137.03728983879088,0
1596033729.9201272,575.4767501163483,137.03728983879088,0
1596033729.9301414,577.2793233203888,137.03728983879088,0
1596033729.9401348,579.0781199741364,137.03728983879088,0
1596033729.9501295,580.8771741199494,137.03728983879088,0
1596033729.9601326,582.6777303028107,137.03728983879088,0
1596033729.9701343,584.4780289936066,137.03728983879088,0
1596033729.980124,586.2761819171906,137.03728983879088,0
1596033729.9901228,588.0759656238556,137.03728983879088,0
1596033730.0001333,589.8778521823883,137.03728983879088,0
1596033730.0001333,0,137.03728983879088,0
1596033730.0101407,138.8386184978485,137.03728983879088,0
1596033730.0201464,140.63964674949645,137.03728983879088,0
1596033730.030155,142.44118998527526,137.03728983879088,0
1596033730.040156,144.24135993003844,137.03728983879088,0
1596033730.0501425,146.03895495414733,137.03728983879088,0
1596033730.060154,147.841013174057,137.03728983879088,0
1596033730.0701478,149.63989565849303,137.03728983879088,0
1596033730.0801446,151.43933604240416,137.03728983879088,0
1596033730.0901406,153.23860476493834,137.03728983879088,0
1596033730.100142,155.03886054039,137.03728983879088,0
1596033730.1101358,156.83774302482604,137.03728983879088,0
1596033730.1201344,158.63748381614684,137.03728983879088,0
1596033730.13014,160.4385120677948,137.03728983879088,0
1596033730.1401384,162.23820994377135,137.03728983879088,0
1596033730.1501448,164.03936694145202,137.03728983879088,0
1596033730.1601446,165.839322309494,137.03728983879088,0
1596033730.1701553,167.64125178337096,137.03728983879088,0
1596033730.1801445,169.43931887626647,137.03728983879088,0
1596033730.190155,171.24120543479918,137.03728983879088,0
1596033730.2001462,173.0396158504486,137.03728983879088,0
1596033730.2101448,174.8393566417694,137.03728983879088,0
1596033730.2201407,176.63862536430358,137.03728983879088,0
1596033730.2301433,178.43909571647643,137.03728983879088,0
1596033730.2401462,180.23960898399352,137.03728983879088,0
1596033730.2501433,182.0390922832489,137.03728983879088,0
1596033730.2601442,183.83926222801207,137.03728983879088,0
1596033730.270137,185.63797305107116,137.03728983879088,0
1596033730.2801523,187.44071791648864,137.03728983879088,0
1596033730.2901554,189.24127409934997,137.03728983879088,0
1596033730.3001459,191.03955576896666,137.03728983879088,0
1596033730.310148,192.83994029045104,137.03728983879088,0
1596033730.320139,194.63830779075622,137.03728983879088,0
1596033730.3301392,196.43834898948668,137.03728983879088,0
1596033730.3401477,198.2398922252655,137.03728983879088,0
1596033730.3501425,200.03894637107848,137.03728983879088,0
1596033730.3601415,201.83877299308776,137.03728983879088,0
1596033730.3701355,203.63769839286803,137.03728983879088,0
1596033730.3801394,205.43838332176207,137.03728983879088,0
1596033730.3901331,207.2372658061981,137.03728983879088,0
1596033730.400153,209.04082606315612,137.03728983879088,0
1596033730.4101453,210.83945105552672,137.03728983879088,0
1596033730.4201496,212.64022181510924,137.03728983879088,0
1596033730.430133,214.43725893974303,137.03728983879088,0
1596033730.4401524,216.24073336601256,137.03728983879088,0
1596033730.450142,218.0388433742523,137.03728983879088,0
1596033730.4601467,219.8396999645233,137.03728983879088,0
1596033730.4701502,221.6403419780731,137.03728983879088,0
1596033730.4801328,223.43720744132995,137.03728983879088,0
1596033730.4901493,225.24016688346862,137.03728983879088,0
1596033730.5001385,227.03823397636413,137.03728983879088,0
1596033730.5101333,228.8372881221771,137.03728983879088,0
1596033730.5201428,230.63900301933288,137.03728983879088,0
1596033730.5301402,232.43852923393248,137.03728983879088,0
1596033730.5401328,234.23719714164733,137.03728983879088,0
1596033730.5501494,236.04019949913024,137.03728983879088,0
1596033730.5601366,237.8378803539276,137.03728983879088,0
1596033730.5701368,239.63792155265807,137.03728983879088,0
1596033730.5801408,241.43864939689635,137.03728983879088,0
1596033730.5901482,243.23997805595397,137.03728983879088,0
1596033730.600145,245.0394184398651,137.03728983879088,0
1596033730.610153,246.8408329296112,137.03728983879088,0
1596033730.6201365,248.63787005424498,137.03728983879088,0
1596033730.6301537,250.44095824241637,137.03728983879088,0
1596033730.6401362,252.2378237056732,137.03728983879088,0
1596033730.6501398,254.038465719223,137.03728983879088,0
1596033730.660143,255.83902190208434,137.03728983879088,0
1596033730.67015,257.64030764579775,137.03728983879088,0
1596033730.680155,259.441207151413,137.03728983879088,0
1596033730.6901484,261.24000380516054,137.03728983879088,0
1596033730.7001345,263.03751299858095,137.03728983879088,0
1596033730.7101479,264.8399145412445,137.03728983879088,0
1596033730.7201326,266.6371662425995,137.03728983879088,0
1596033730.7301364,268.43785117149355,137.03728983879088,0
1596033730.740151,270.2404672908783,137.03728983879088,0
1596033730.7501335,272.03733275413515,137.03728983879088,0
1596033730.760152,273.84067843437197,137.03728983879088,0
1596033730.7701519,275.64063380241396,137.03728983879088,0
1596033730.7801383,277.4381859111786,137.03728983879088,0
1596033730.7901473,279.2398149776459,137.03728983879088,0
1596033730.8001373,281.0380108165741,137.03728983879088,0
1596033730.8101497,282.84024069786074,137.03728983879088,0
1596033730.820146,284.6395952510834,137.03728983879088,0
1596033730.8301423,286.4389068889618,137.03728983879088,0
1596033730.8401423,288.23890517234804,137.03728983879088,0
1596033730.8501348,290.0375730800629,137.03728983879088,0
1596033730.8601434,291.8391163158417,137.03728983879088,0
1596033730.8701444,293.6392862606049,137.03728983879088,0
1596033730.8801455,295.4394991207123,137.03728983879088,0
1596033730.890134,297.2374374675751,137.03728983879088,0
1596033730.9001422,299.0388948726654,137.03728983879088,0
1596033730.9101374,300.8380348491669,137.03728983879088,0
1596033730.9201334,302.63730357170107,137.03728983879088,0
1596033730.930148,304.43991969108583,137.03728983879088,0
1596033730.9401453,306.23944590568544,137.03728983879088,0
1596033730.9501417,308.0388004589081,137.03728983879088,0
1596033730.96015,309.84030077934267,137.03728983879088,0
1596033730.9701512,311.6405136394501,137.03728983879088,0
1596033730.980148,313.4399540233612,137.03728983879088,0
1596033730.9901395,315.2384073543549,137.03728983879088,0
1596033731.000133,317.0372469234467,137.03728983879088,0
1596033731.010135,318.8375885295868,137.03728983879088,0
1596033731.020145,320.63938925743105,137.03728983879088,0
1596033731.0301497,322.44024584770204,137.03728983879088,0
1596033731.0401495,324.24020121574404,137.03728983879088,0
1596033731.050153,326.04084322929384,137.03728983879088,0
1596033731.0601401,327.8385240840912,137.03728983879088,0
1596033731.0701444,329.6392948436737,137.03728983879088,0
1596033731.0801547,331.4411384868622,137.03728983879088,0
1596033731.090154,333.2410080242157,137.03728983879088,0
1596033731.1001384,335.03821681022646,137.03728983879088,0
1596033731.110152,336.84066126823427,137.03728983879088,0
1596033731.1201372,338.6379988002777,137.03728983879088,0
1596033731.1301541,340.4410440731049,137.03728983879088,0
1596033731.1401427,342.23898241996767,137.03728983879088,0
1596033731.1501427,344.0389807033539,137.03728983879088,0
1596033731.1601353,345.83764861106874,137.03728983879088,0
1596033731.1701422,347.6388914394379,137.03728983879088,0
1596033731.1801379,349.4381172466278,137.03728983879088,0
1596033731.1901352,351.23764346122744,137.03728983879088,0
1596033731.2001362,353.0378134059906,137.03728983879088,0
1596033731.210139,354.8383266735077,137.03728983879088,0
1596033731.2109249,354.9797756481171,137.03728983879088,0
1596033731.2109249,358.4939326944351,140.55144688510893,0
1596033731.2193115,360,140.55144688510893,1
1596033731.2201488,360.1542415323257,140.55144688510893,0
1596033731.230142,361.9530381860733,140.55144688510893,0
1596033731.2401502,363.7544955911636,140.55144688510893,0
1596033731.2498074,365.4927816095352,140.55144688510893,0
1596033731.2498074,460.0338473024368,140.55144688510893,0
1596033731.2501416,460.0940146150589,140.55144688510893,0
1596033731.2601464,461.8948712053299,140.55144688510893,0
1596033731.270148,463.6951698961258,140.55144688510893,0
1596033731.280139,465.49353739643095,140.55144688510893,0
1596033731.2901542,467.29628226184843,140.55144688510893,0
1596033731.3001463,469.0948643388748,140.55144688510893,0
1596033731.3101382,470.89340350055693,140.55144688510893,0
1596033731.3201401,472.69374510669707,140.55144688510893,0
1596033731.330132,474.4922842683792,140.55144688510893,0
1596033731.3401344,476.2927117052078,140.55144688510893,0
1596033731.35015,478.09554240131376,140.55144688510893,0
1596033731.3601325,479.89236494922636,140.55144688510893,0
1596033731.3701513,481.6957535448074,140.55144688510893,0
1596033731.380142,483.49407812976835,140.55144688510893,0
1596033731.3901453,485.2946772279739,140.55144688510893,0
1596033731.4001372,487.09321638965605,140.55144688510893,0
1596033731.4101527,488.89600417041777,140.55144688510893,0
1596033731.420144,490.6944575014114,140.55144688510893,0
1596033731.43014,492.4937262239456,140.55144688510893,0
1596033731.4401329,494.2924370470047,140.55144688510893,0
1596033731.4501503,496.0955681505203,140.55144688510893,0
1596033731.4601512,497.8957380952835,140.55144688510893,0
1596033731.4701364,499.69307562732695,140.55144688510893,0
1596033731.480144,501.4944472017288,140.55144688510893,0
1596033731.4901364,503.2930721940994,140.55144688510893,0
1596033731.5001493,505.0953879060745,140.55144688510893,0
1596033731.5101535,506.896158665657,140.55144688510893,0
1596033731.5201344,508.6927237215042,140.55144688510893,0
1596033731.5301356,510.4929365816116,140.55144688510893,0
1596033731.54014,512.2937073411941,140.55144688510893,0
1596033731.5501454,514.0946926774978,140.55144688510893,0
1596033731.5601325,515.8923735322952,140.55144688510893,0
1596033731.5701447,517.6945604982376,140.55144688510893,0
1596033731.5801508,519.495674580574,140.55144688510893,0
1596033731.5901413,521.2939562501907,140.55144688510893,0
1596033731.6001387,523.0934824647903,140.55144688510893,0
1596033731.6101527,524.8960127534866,140.55144688510893,0
1596033731.6201332,526.6924919786453,140.55144688510893,0
1596033731.6301472,528.4950222673416,140.55144688510893,0
1596033731.6401331,530.2924885454178,140.55144688510893,0
1596033731.650138,532.0933451356888,140.55144688510893,0
1596033731.6601415,533.8939871492386,140.55144688510893,0
1596033731.6701484,535.6952299776077,140.55144688510893,0
1596033731.6801517,537.4958290758133,140.55144688510893,0
1596033731.690152,539.2958702745437,140.55144688510893,0
1596033731.7001464,541.0948815050125,140.55144688510893,0
1596033731.710152,542.8958668413162,140.55144688510893,0
1596033731.7201338,544.6926035585403,140.55144688510893,0
1596033731.7301452,546.49466177845,140.55144688510893,0
1596033731.740146,548.2947888078689,140.55144688510893,0
1596033731.7501376,550.0932850542068,140.55144688510893,0
1596033731.7601445,551.894527882576,140.55144688510893,0
1596033731.770132,553.6922945680618,140.55144688510893,0
1596033731.7801394,555.4936232271194,140.55144688510893,0
1596033731.790145,557.2946085634231,140.55144688510893,0
1596033731.8001373,559.0932335557937,140.55144688510893,0
1596033731.8101315,560.8922018709183,140.55144688510893,0
1596033731.8201497,562.6954617204666,140.55144688510893,0
1596033731.8301399,564.4937004747391,140.55144688510893,0
1596033731.8401453,566.2946858110428,140.55144688510893,0
1596033731.8501391,568.0935682954788,140.55144688510893,0
1596033731.8601463,569.8948540391922,140.55144688510893,0
1596033731.8701353,571.6928782167435,140.55144688510893,0
1596033731.8801336,573.49257609272,140.55144688510893,0
1596033731.89014,575.2937330904007,140.55144688510893,0
1596033731.9001408,577.0938601198196,140.55144688510893,0
1596033731.9101465,578.8948883714676,140.55144688510893,0
1596033731.9201534,580.6961311998367,140.55144688510893,0
1596033731.930154,582.4962582292557,140.55144688510893,0
1596033731.9401479,584.2951407136917,140.55144688510893,0
1596033731.950135,586.0928215684891,140.55144688510893,0
1596033731.9601426,587.8941931428909,140.55144688510893,0
1596033731.9701405,589.693805188179,140.55144688510893,0
1596033731.980145,591.4946188631058,140.55144688510893,0
1596033731.9901466,593.2949175539017,140.55144688510893,0
1596033732.0001419,595.0940575304031,140.55144688510893,0
1596033732.0001419,0,140.55144688510893,0
1596033732.010151,142.35307595157622,140.55144688510893,0
1596033732.0201588,144.1544904413223,140.55144688510893,0
1596033732.0301476,145.95247170352934,140.55144688510893,0
1596033732.0401623,147.75513073825834,140.55144688510893,0
1596033732.050151,149.55311200046538,140.55144688510893,0
1596033732.0601623,151.3551273050308,140.55144688510893,0
1596033732.0701425,153.15156361484526,140.55144688510893,0
1596033732.0801525,154.9533643426895,140.55144688510893,0
1596033732.0901635,156.7553367319107,140.55144688510893,0
1596033732.1001477,158.5525026025772,140.55144688510893,0
1596033732.1101635,160.35533329868315,140.55144688510893,0
1596033732.1201446,162.15194126987456,140.55144688510893,0
1596033732.1301472,163.9524116220474,140.55144688510893,0
1596033732.1401608,165.75485608005522,140.55144688510893,0
1596033732.1501524,167.5533523263931,140.55144688510893,0
1596033732.160147,169.35236355686186,140.55144688510893,0
1596033732.1701534,171.15352055454252,140.55144688510893,0
1596033732.1801484,172.95261761569975,140.55144688510893,0
1596033732.1901512,174.75313088321684,140.55144688510893,0
1596033732.2001514,176.5531720819473,140.55144688510893,0
1596033732.210142,178.351453751564,140.55144688510893,0
1596033732.2201557,180.15394112491606,140.55144688510893,0
1596033732.2301419,181.95145031833647,140.55144688510893,0
1596033732.2401564,183.75406643772124,140.55144688510893,0
1596033732.2501526,185.55337807559965,140.55144688510893,0
1596033732.2601511,187.35311886692045,140.55144688510893,0
1596033732.2701552,189.15384671115874,140.55144688510893,0
1596033732.2801464,190.95225712680815,140.55144688510893,0
1596033732.2901561,192.75401493930815,140.55144688510893,0
1596033732.3001482,194.55259701633452,140.55144688510893,0
1596033732.3101442,196.3518657388687,140.55144688510893,0
1596033732.3201616,198.15499684238432,140.55144688510893,0
1596033732.3301513,199.9531497659683,140.55144688510893,0
1596033732.3401418,201.751431435585,140.55144688510893,0
1596033732.3501606,203.55482003116606,140.55144688510893,0
1596033732.3601475,205.35245797061918,140.55144688510893,0
1596033732.370159,207.15451619052885,140.55144688510893,0
1596033732.3801587,208.95447155857084,140.55144688510893,0
1596033732.3901541,210.75365445041655,140.55144688510893,0
1596033732.4001532,212.55348107242583,140.55144688510893,0
1596033732.410146,214.3521918954849,140.55144688510893,0
1596033732.4201636,216.15536591434477,140.55144688510893,0
1596033732.430145,217.95201680088041,140.55144688510893,0
1596033732.4401531,219.75347420597075,140.55144688510893,0
1596033732.4501433,221.5517129602432,140.55144688510893,0
1596033732.4601455,223.35209748172758,140.55144688510893,0
1596033732.4701622,225.1550998392105,140.55144688510893,0
1596033732.480159,226.95454022312163,140.55144688510893,0
1596033732.4901562,228.754023522377,140.55144688510893,0
1596033732.5001593,230.55457970523833,140.55144688510893,0
1596033732.5101519,232.35324761295317,140.55144688510893,0
1596033732.5201426,234.1515721979141,140.55144688510893,0
1596033732.530149,235.95272919559477,140.55144688510893,0
1596033732.5401468,237.75234124088286,140.55144688510893,0
1596033732.5501437,239.551781624794,140.55144688510893,0
1596033732.5601587,241.35448357486723,140.55144688510893,0
1596033732.5701532,243.15349480533598,140.55144688510893,0
1596033732.5801542,244.95366475009916,140.55144688510893,0
1596033732.5901442,246.7518605890274,140.55144688510893,0
1596033732.6001432,248.55168721103666,140.55144688510893,0
1596033732.6101465,250.35228630924223,140.55144688510893,0
1596033732.6201627,252.15520283603666,140.55144688510893,0
1596033732.6301484,253.9526261987686,140.55144688510893,0
1596033732.6401467,255.75232407474516,140.55144688510893,0
1596033732.6501591,257.5545539560318,140.55144688510893,0
1596033732.6601577,259.3542947473526,140.55144688510893,0
1596033732.670144,261.15184685611723,140.55144688510893,0
1596033732.6801457,262.95214554691313,140.55144688510893,0
1596033732.6901577,264.7542895975113,140.55144688510893,0
1596033732.70015,266.5529145898819,140.55144688510893,0
1596033732.710145,268.3520116510391,140.55144688510893,0
1596033732.720149,270.1527394952774,140.55144688510893,0
1596033732.7301595,271.9546260538101,140.55144688510893,0
1596033732.7401478,273.75252148532866,140.55144688510893,0
1596033732.7501469,275.55234810733793,140.55144688510893,0
1596033732.7601588,277.3544921579361,140.55144688510893,0
1596033732.7701414,279.1513576211929,140.55144688510893,0
1596033732.7801466,280.9523000421524,140.55144688510893,0
1596033732.7901492,282.75277039432524,140.55144688510893,0
1596033732.8001451,284.5520391168594,140.55144688510893,0
1596033732.8101494,286.35280987644194,140.55144688510893,0
1596033732.8201435,288.1517352762222,140.55144688510893,0
1596033732.830148,289.95254895114897,140.55144688510893,0
1596033732.8401563,291.75404927158354,140.55144688510893,0
1596033732.8501432,293.55168721103666,140.55144688510893,0
1596033732.860145,295.3520288171768,140.55144688510893,0
1596033732.8701541,297.1536578836441,140.55144688510893,0
1596033732.8801472,298.9524116220474,140.55144688510893,0
1596033732.8901412,300.7513370218277,140.55144688510893,0
1596033732.9001448,302.5519790353775,140.55144688510893,0
1596033732.9101481,304.35257813358305,140.55144688510893,0
1596033732.9201615,306.1549796762466,140.55144688510893,0
1596033732.9301496,307.95283219242094,140.55144688510893,0
1596033732.9401507,309.75304505252836,140.55144688510893,0
1596033732.9501479,311.55252835178374,140.55144688510893,0
1596033732.9601572,313.35420033359526,140.55144688510893,0
1596033732.9701474,315.1524390878677,140.55144688510893,0
1596033732.9801624,316.95514103794096,140.55144688510893,0
1596033732.9901485,318.7526502313614,140.55144688510893,0
1596033733.0001469,320.55234810733793,140.55144688510893,0
1596033733.0101602,322.3547496500015,140.55144688510893,0
1596033733.020142,324.15148636722563,140.55144688510893,0
1596033733.0301502,325.95294377231596,140.55144688510893,0
1596033733.0401592,327.75457283878325,140.55144688510893,0
1596033733.0501566,329.55409905338286,140.55144688510893,0
1596033733.0601523,331.3533248605728,140.55144688510893,0
1596033733.070147,333.1523790063858,140.55144688510893,0
1596033733.0801594,334.9546088876724,140.55144688510893,0
1596033733.0901465,336.75228974246977,140.55144688510893,0
1596033733.1001544,338.55370423221586,140.55144688510893,0
1596033733.1101575,340.3542604150772,140.55144688510893,0
1596033733.1201603,342.1547736825943,140.55144688510893,0
1596033733.1301496,343.9528407754898,140.55144688510893,0
1596033733.1401417,345.75142285251616,140.55144688510893,0
1596033733.1501427,347.55159279727934,140.55144688510893,0
1596033733.160146,349.3521918954849,140.55144688510893,0
1596033733.1701443,351.15188977146147,140.55144688510893,0
1596033733.1801574,352.9542483987808,140.55144688510893,0
1596033733.190148,354.75257298374174,140.55144688510893,0
1596033733.2001576,356.5542878808975,140.55144688510893,0
1596033733.2101448,358.35196873569487,140.55144688510893,0
1596033733.211173,358.5370626153946,140.55144688510893,0
1596033733.211173,359.5611187846184,141.57550305433273,0
1596033733.213624,360,141.57550305433273,1
1596033733.22015,361.17696732587814,141.57550305433273,0
1596033733.2301538,362.9776522547722,141.57550305433273,0
1596033733.240147,364.77644890851974,141.57550305433273,0
1596033733.245039,365.6569859416008,141.57550305433273,0
1596033733.245039,460.79994792051315,141.57550305433273,0
1596033733.2501552,461.7208682925224,141.57550305433273,0
1596033733.2601523,463.5203515917778,141.57550305433273,0
1596033733.270161,465.3218948275566,141.57550305433273,0
1596033733.2801554,467.12090605802535,141.57550305433273,0
1596033733.290147,468.91940230436325,141.57550305433273,0
1596033733.3001442,470.7188856036186,141.57550305433273,0
1596033733.3101609,472.5218879611015,141.57550305433273,0
1596033733.3201544,474.3207275301933,141.57550305433273,0
1596033733.3301458,476.119180861187,141.57550305433273,0
1596033733.340143,477.91866416044235,141.57550305433273,0
1596033733.3501523,479.72033614225387,141.57550305433273,0
1596033733.3601549,481.5208064944267,141.57550305433273,0
1596033733.3701541,483.32067603178024,141.57550305433273,0
1596033733.3801584,485.12144679136276,141.57550305433273,0
1596033733.3901546,486.9207584292412,141.57550305433273,0
1596033733.400143,488.71865386075973,141.57550305433273,0
1596033733.4101586,490.5214845568657,141.57550305433273,0
1596033733.4201462,492.3192512423515,141.57550305433273,0
1596033733.4301553,494.1208803088188,141.57550305433273,0
1596033733.440158,495.92135066099166,141.57550305433273,0
1596033733.4501486,497.7196752459526,141.57550305433273,0
1596033733.460143,499.51868647642135,141.57550305433273,0
1596033733.4701564,501.3210880190849,141.57550305433273,0
1596033733.4801452,503.11906928129196,141.57550305433273,0
1596033733.4901485,504.9196683794975,141.57550305433273,0
1596033733.500141,506.7182933718681,141.57550305433273,0
1596033733.5101407,508.5182487399101,141.57550305433273,0
1596033733.5201406,510.31824702329635,141.57550305433273,0
1596033733.5301468,512.1193611056328,141.57550305433273,0
1596033733.5401611,513.9219343096734,141.57550305433273,0
1596033733.5501573,515.7212459475518,141.57550305433273,0
1596033733.5601544,517.5207292468072,141.57550305433273,0
1596033733.5701594,519.3216287524224,141.57550305433273,0
1596033733.580146,521.1192237765313,141.57550305433273,0
1596033733.5901496,522.9198657900811,141.57550305433273,0
1596033733.6001415,524.7184049517632,141.57550305433273,0
1596033733.6101549,526.5208064944268,141.57550305433273,0
1596033733.6201546,528.3207618624688,141.57550305433273,0
1596033733.630142,530.1184856326104,141.57550305433273,0
1596033733.6401522,531.9203292757988,141.57550305433273,0
1596033733.6501534,533.7205421359063,141.57550305433273,0
1596033733.6601524,535.5203687579155,141.57550305433273,0
1596033733.6701412,537.3183500201226,141.57550305433273,0
1596033733.6801462,539.1192495257378,141.57550305433273,0
1596033733.6901426,540.9186040789605,141.57550305433273,0
1596033733.7001402,542.7181732089043,141.57550305433273,0
1596033733.7101586,544.5214759737969,141.57550305433273,0
1596033733.7201447,546.3189851672173,141.57550305433273,0
1596033733.730156,548.1210004717827,141.57550305433273,0
1596033733.7401416,549.9184238345147,141.57550305433273,0
1596033733.7501583,551.7214261919976,141.57550305433273,0
1596033733.7601438,553.5188066393853,141.57550305433273,0
1596033733.7701519,555.3202640444756,141.57550305433273,0
1596033733.7801561,557.1210348040581,141.57550305433273,0
1596033733.7901466,558.9193164736748,141.57550305433273,0
1596033733.800147,560.7194005877495,141.57550305433273,0
1596033733.8101432,562.518712225628,141.57550305433273,0
1596033733.8201578,564.3213283450127,141.57550305433273,0
1596033733.8301528,566.1204254061699,141.57550305433273,0
1596033733.8401513,567.9201661974907,141.57550305433273,0
1596033733.8501625,569.7221815020562,141.57550305433273,0
1596033733.8601408,571.5182744891167,141.57550305433273,0
1596033733.870152,573.3202897936822,141.57550305433273,0
1596033733.880162,575.1220905215264,141.57550305433273,0
1596033733.8901582,576.9214021594048,141.57550305433273,0
1596033733.9001408,578.7182676226616,141.57550305433273,0
1596033733.9101481,580.5195962817193,141.57550305433273,0
1596033733.9201505,582.3200237185479,141.57550305433273,0
1596033733.9301567,584.1211378008843,141.57550305433273,0
1596033733.9401472,585.919419470501,141.57550305433273,0
1596033733.9501622,587.7221214205742,141.57550305433273,0
1596033733.9601483,589.5196306139947,141.57550305433273,0
1596033733.9701536,591.3205730349541,141.57550305433273,0
1596033733.98016,593.1217300326348,141.57550305433273,0
1596033733.9901593,594.9215995699883,141.57550305433273,0
1596033734.000148,596.7195808321953,141.57550305433273,0
1596033734.000148,0,141.57550305433273,0
1596033734.0101502,143.3758875758171,141.57550305433273,0
1596033734.020159,145.17747372694015,141.57550305433273,0
1596033734.030163,146.97820157117843,141.57550305433273,0
1596033734.0401542,148.77661198682785,141.57550305433273,0
1596033734.0501637,150.5783268839836,141.57550305433273,0
1596033734.0601661,152.37875432081222,141.57550305433273,0
1596033734.0701685,154.17918175764083,141.57550305433273,0
1596033734.0801551,155.97677678174972,141.57550305433273,0
1596033734.0901492,157.77570218153,141.57550305433273,0
1596033734.1001682,159.5791336924553,141.57550305433273,0
1596033734.1101696,161.37938946790695,141.57550305433273,0
1596033734.1201503,163.17591160840988,141.57550305433273,0
1596033734.1301665,164.9788281352043,141.57550305433273,0
1596033734.1401553,166.77680939741134,141.57550305433273,0
1596033734.1501596,168.57758015699386,141.57550305433273,0
1596033734.1601481,170.37551850385665,141.57550305433273,0
1596033734.1701653,172.17860669202804,141.57550305433273,0
1596033734.1801605,173.9777466685295,141.57550305433273,0
1596033734.190148,175.77551335401535,141.57550305433273,0
1596033734.200157,177.5770995051384,141.57550305433273,0
1596033734.21015,179.3758532435417,141.57550305433273,0
1596033734.2201486,181.1755940348625,141.57550305433273,0
1596033734.2301652,182.97859639234542,141.57550305433273,0
1596033734.240163,184.7782084376335,141.57550305433273,0
1596033734.2501657,186.57867878980636,141.57550305433273,0
1596033734.2601535,188.37648839063644,141.57550305433273,0
1596033734.2701552,190.17678708143234,141.57550305433273,0
1596033734.2801647,191.9785019785881,141.57550305433273,0
1596033734.2901647,193.77850026197433,141.57550305433273,0
1596033734.3001542,195.57661027021408,141.57550305433273,0
1596033734.3101697,197.3793980509758,141.57550305433273,0
1596033734.3201623,199.17806595869064,141.57550305433273,0
1596033734.3301544,200.976648035717,141.57550305433273,0
1596033734.3401515,202.77613133497238,141.57550305433273,0
1596033734.3501692,204.57930535383224,141.57550305433273,0
1596033734.3601677,206.37904614515304,141.57550305433273,0
1596033734.3701506,208.17595452375411,141.57550305433273,0
1596033734.380154,209.97655362195968,141.57550305433273,0
1596033734.3901541,211.77659482069015,141.57550305433273,0
1596033734.400157,213.57710808820724,141.57550305433273,0
1596033734.4101481,215.37551850385665,141.57550305433273,0
1596033734.4201608,217.1777913004875,141.57550305433273,0
1596033734.4301543,218.9766308695793,141.57550305433273,0
1596033734.4401557,220.77688664503097,141.57550305433273,0
1596033734.4501505,222.57594079084396,141.57550305433273,0
1596033734.4601598,224.37761277265548,141.57550305433273,0
1596033734.470157,226.17709607191085,141.57550305433273,0
1596033734.4801657,227.9786822230339,141.57550305433273,0
1596033734.490165,229.77855176038742,141.57550305433273,0
1596033734.5001543,231.57661885328292,141.57550305433273,0
1596033734.510159,233.37747544355392,141.57550305433273,0
1596033734.5201595,235.17755955762863,141.57550305433273,0
1596033734.5301647,236.9785019785881,141.57550305433273,0
1596033734.5401669,238.77888650007247,141.57550305433273,0
1596033734.5501645,240.57845563001632,141.57550305433273,0
1596033734.5601618,242.37798184461593,141.57550305433273,0
1596033734.5701525,244.17630642957687,141.57550305433273,0
1596033734.5801532,245.9764334589958,141.57550305433273,0
1596033734.5901558,247.77690381116867,141.57550305433273,0
1596033734.6001647,249.5784899622917,141.57550305433273,0
1596033734.610163,251.37818783826827,141.57550305433273,0
1596033734.6201582,253.17732781476974,141.57550305433273,0
1596033734.6301684,254.97917145795822,141.57550305433273,0
1596033734.640166,256.77874058790206,141.57550305433273,0
1596033734.6501641,258.5783955485344,141.57550305433273,0
1596033734.6601508,260.3759905726433,141.57550305433273,0
1596033734.6701646,262.1784779459953,141.57550305433273,0
1596033734.6801682,263.97911995954513,141.57550305433273,0
1596033734.6901612,265.77787369794845,141.57550305433273,0
1596033734.7001479,267.57546872205734,141.57550305433273,0
1596033734.7101562,269.3769690424919,141.57550305433273,0
1596033734.7201495,271.17576569623947,141.57550305433273,0
1596033734.7301497,272.97580689496994,141.57550305433273,0
1596033734.7401602,274.77769345350265,141.57550305433273,0
1596033734.7501605,276.5777346522331,141.57550305433273,0
1596033734.7601569,278.3770892054558,141.57550305433273,0
1596033734.7701623,280.1780745417595,141.57550305433273,0
1596033734.78016,281.97764367170333,141.57550305433273,0
1596033734.7901628,283.7781569392204,141.57550305433273,0
1596033734.8001583,285.5773398310661,141.57550305433273,0
1596033734.8101602,287.37768143720626,141.57550305433273,0
1596033734.8201573,289.17716473646163,141.57550305433273,0
1596033734.8301663,290.9787938029289,141.57550305433273,0
1596033734.840149,292.77565926618576,141.57550305433273,0
1596033734.8501625,294.57810372419357,141.57550305433273,0
1596033734.8601575,296.3772007853508,141.57550305433273,0
1596033734.8701665,298.1788298518181,141.57550305433273,0
1596033734.8801677,299.9790427119255,141.57550305433273,0
1596033734.8901591,301.77749604291915,141.57550305433273,0
1596033734.9001513,303.5760781199455,141.57550305433273,0
1596033734.9101658,305.3786942393303,141.57550305433273,0
1596033734.9201534,307.1764609248161,141.57550305433273,0
1596033734.9301627,308.97813290662765,141.57550305433273,0
1596033734.940149,310.7756850153923,141.57550305433273,0
1596033734.950155,312.5767561823845,141.57550305433273,0
1596033734.9601495,314.37576741285324,141.57550305433273,0
1596033734.970154,316.17658108778,141.57550305433273,0
1596033734.9801676,317.9790255457878,141.57550305433273,0
1596033734.9901521,319.77623433179855,141.57550305433273,0
1596033735.000169,321.5792796046257,141.57550305433273,0
1596033735.0101547,323.37670296735763,141.57550305433273,0
1596033735.0201476,325.1754137904167,141.57550305433273,0
1596033735.0301673,326.9789740473747,141.57550305433273,0
1596033735.040164,328.7783715159416,141.57550305433273,0
1596033735.0501597,330.57759732313156,141.57550305433273,0
1596033735.0601535,332.3764798075676,141.57550305433273,0
1596033735.070164,334.1783663661003,141.57550305433273,0
1596033735.0801651,335.9785792262077,141.57550305433273,0
1596033735.0901506,337.7759596735954,141.57550305433273,0
1596033735.1001687,339.57921952314376,141.57550305433273,0
1596033735.1101503,341.37591332502365,141.57550305433273,0
1596033735.120164,343.17835778303146,141.57550305433273,0
1596033735.1301594,344.97754067487716,141.57550305433273,0
1596033735.140167,346.778912249279,141.57550305433273,0
1596033735.1501575,348.5771939188957,141.57550305433273,0
1596033735.1601524,350.37629098005294,141.57550305433273,0
1596033735.1701612,352.177877131176,141.57550305433273,0
1596033735.1801617,353.9779612452507,141.57550305433273,0
1596033735.1901498,355.775813761425,141.57550305433273,0
1596033735.2001646,357.578472796154,141.57550305433273,0
1596033735.2101629,359.3781706721306,141.57550305433273,0
1596033735.2114155,359.6036478907585,141.57550305433273,0
1596033735.2114155,359.88109436722755,141.85294953080177,0
1596033735.212097,360,141.85294953080177,1
1596033735.2201595,361.4550146171665,141.85294953080177,0
1596033735.2301528,363.25381127091407,141.85294953080177,0
1596033735.2401578,365.0547107765293,141.85294953080177,0
1596033735.2440343,365.7524713584995,141.85294953080177,0
1596033735.2440343,461.0228060791111,141.85294953080177,0
1596033735.2501523,462.1240567276096,141.85294953080177,0
1596033735.26015,463.9236258575535,141.85294953080177,0
1596033735.2701507,465.7237528869724,141.85294953080177,0
1596033735.28015,467.52362242432594,141.85294953080177,0
1596033735.2901611,469.32563772889137,141.85294953080177,0
1596033735.3001664,471.12658014985084,141.85294953080177,0
1596033735.3101487,472.92340269776344,141.85294953080177,0
1596033735.3201537,474.72430220337867,141.85294953080177,0
1596033735.3301563,476.5247725555515,141.85294953080177,0
1596033735.3401518,478.3239554473972,141.85294953080177,0
1596033735.350165,480.12631407471656,141.85294953080177,0
1596033735.3601482,481.9233082840061,141.85294953080177,0
1596033735.3701572,483.7249373504734,141.85294953080177,0
1596033735.3801525,485.52407732697486,141.85294953080177,0
1596033735.3901572,487.32493391724586,141.85294953080177,0
1596033735.400148,489.1232585022068,141.85294953080177,0
1596033735.4101474,490.92317095490455,141.85294953080177,0
1596033735.420165,492.7263449737644,141.85294953080177,0
1596033735.4301667,494.5266436645603,141.85294953080177,0
1596033735.4401608,496.3255690643406,141.85294953080177,0
1596033735.4501503,498.12367907258033,141.85294953080177,0
1596033735.4601626,499.92590895386695,141.85294953080177,0
1596033735.470161,501.7256068298435,141.85294953080177,0
1596033735.4801636,503.52607718201637,141.85294953080177,0
1596033735.4901483,505.32332888337135,141.85294953080177,0
1596033735.5001624,507.12585917206763,141.85294953080177,0
1596033735.5101495,508.923540026865,141.85294953080177,0
1596033735.520149,510.72345247956275,141.85294953080177,0
1596033735.5301516,512.5239228317356,141.85294953080177,0
1596033735.5401592,514.3252944061375,141.85294953080177,0
1596033735.5501568,516.1248635360813,141.85294953080177,0
1596033735.5601668,517.9266642639255,141.85294953080177,0
1596033735.5701668,519.7266625473118,141.85294953080177,0
1596033735.5801485,521.5233563491917,141.85294953080177,0
1596033735.5901487,523.3233975479221,141.85294953080177,0
1596033735.600156,525.1247262069797,141.85294953080177,0
1596033735.6101658,526.9264840194797,141.85294953080177,0
1596033735.6201491,528.7234782287693,141.85294953080177,0
1596033735.630159,530.5252360412693,141.85294953080177,0
1596033735.640155,532.3245476791477,141.85294953080177,0
1596033735.6501467,534.1230439254856,141.85294953080177,0
1596033735.6601615,535.9257029602146,141.85294953080177,0
1596033735.6701531,537.7241992065525,141.85294953080177,0
1596033735.6801665,539.5266007492161,141.85294953080177,0
1596033735.6901672,541.326727778635,141.85294953080177,0
1596033735.7001674,543.1267689773655,141.85294953080177,0
1596033735.710147,544.9230765411472,141.85294953080177,0
1596033735.720153,546.7241906234837,141.85294953080177,0
1596033735.7301648,548.5262917587376,141.85294953080177,0
1596033735.7401633,550.3260325500584,141.85294953080177,0
1596033735.7501676,552.1268033096409,141.85294953080177,0
1596033735.760165,553.9263295242405,141.85294953080177,0
1596033735.7701643,555.726199061594,141.85294953080177,0
1596033735.7801607,557.5255536148167,141.85294953080177,0
1596033735.7901669,559.3266676971531,141.85294953080177,0
1596033735.8001652,561.1263655731296,141.85294953080177,0
1596033735.810149,562.9234456131077,141.85294953080177,0
1596033735.8201528,564.7241305420017,141.85294953080177,0
1596033735.8301592,566.5252875396824,141.85294953080177,0
1596033735.8401573,568.3249425003147,141.85294953080177,0
1596033735.8501608,570.1255845138645,141.85294953080177,0
1596033735.8601587,571.9251965591526,141.85294953080177,0
1596033735.8701463,573.7229632446384,141.85294953080177,0
1596033735.8801634,575.5260514328098,141.85294953080177,0
1596033735.8901594,577.325320155344,141.85294953080177,0
1596033735.9001532,579.12420263978,141.85294953080177,0
1596033735.9101486,580.9233855316257,141.85294953080177,0
1596033735.9201665,582.7266024658298,141.85294953080177,0
1596033735.930165,584.5263432571506,141.85294953080177,0
1596033735.9401624,586.3258694717503,141.85294953080177,0
1596033735.9501657,588.1264685699558,141.85294953080177,0
1596033735.9601624,589.9258660385227,141.85294953080177,0
1596033735.970157,591.7248772689915,141.85294953080177,0
1596033735.980157,593.5248755523777,141.85294953080177,0
1596033735.9901526,595.3241013595676,141.85294953080177,0
1596033736.0001502,597.1236704895115,141.85294953080177,0
1596033736.0001502,0,141.85294953080177,0
1596033736.0101585,143.65444985123634,141.85294953080177,0
1596033736.0201597,145.45466271134376,141.85294953080177,0
1596033736.0301569,147.25414601059913,141.85294953080177,0
1596033736.0401518,149.05324307175636,141.85294953080177,0
1596033736.0501552,150.85384216996192,141.85294953080177,0
1596033736.0601654,152.6556858131504,141.85294953080177,0
1596033736.0701716,154.45679989548682,141.85294953080177,0
1596033736.0801632,156.25529614182472,141.85294953080177,0
1596033736.0901544,158.05370655747413,141.85294953080177,0
1596033736.100162,159.85507813187598,141.85294953080177,0
1596033736.1101556,161.65391770096778,141.85294953080177,0
1596033736.1201591,163.4545597145176,141.85294953080177,0
1596033736.130165,165.25563088150977,141.85294953080177,0
1596033736.1401587,167.05447045060157,141.85294953080177,0
1596033736.150169,168.85631409379005,141.85294953080177,0
1596033736.1601539,170.65360871048927,141.85294953080177,0
1596033736.1701665,172.45588150712013,141.85294953080177,0
1596033736.1801565,174.25407734604835,141.85294953080177,0
1596033736.1901612,176.05493393631934,141.85294953080177,0
1596033736.2001538,177.8536018440342,141.85294953080177,0
1596033736.2101564,179.65407219620704,141.85294953080177,0
1596033736.2201588,181.45449963303565,141.85294953080177,0
1596033736.2301548,183.25376835556983,141.85294953080177,0
1596033736.2401547,185.05376663895606,141.85294953080177,0
1596033736.2501636,186.8553527900791,141.85294953080177,0
1596033736.26015,188.65290489884376,141.85294953080177,0
1596033736.27015,190.45290318223,141.85294953080177,0
1596033736.2801685,192.2562488624668,141.85294953080177,0
1596033736.2901685,194.05624714585304,141.85294953080177,0
1596033736.3001716,195.85680332871436,141.85294953080177,0
1596033736.310171,197.65667286606788,141.85294953080177,0
1596033736.3201606,199.45482578965186,141.85294953080177,0
1596033736.3301654,201.25568237992286,141.85294953080177,0
1596033736.3401675,203.05606690140723,141.85294953080177,0
1596033736.3501554,204.8538765022373,141.85294953080177,0
1596033736.3601596,206.65464726181983,141.85294953080177,0
1596033736.3701665,208.45589009018897,141.85294953080177,0
1596033736.3801568,210.25412884446143,141.85294953080177,0
1596033736.3901522,212.05331173630714,141.85294953080177,0
1596033736.400156,213.85399666520118,141.85294953080177,0
1596033736.4101675,215.65605488511085,141.85294953080177,0
1596033736.4201543,217.45369282456397,141.85294953080177,0
1596033736.4301684,219.25622311326026,141.85294953080177,0
1596033736.440168,221.05613556595802,141.85294953080177,0
1596033736.4501574,222.85424557419776,141.85294953080177,0
1596033736.4601538,224.65360012742042,141.85294953080177,0
1596033736.4701533,226.45351258011817,141.85294953080177,0
1596033736.4801533,228.2535108635044,141.85294953080177,0
1596033736.4901502,230.05295124741554,141.85294953080177,0
1596033736.5001566,231.8541082450962,141.85294953080177,0
1596033736.5101619,233.65505066605567,141.85294953080177,0
1596033736.5201623,235.45513478013038,141.85294953080177,0
1596033736.530163,237.25526180954932,141.85294953080177,0
1596033736.540165,239.05560341568946,141.85294953080177,0
1596033736.550163,240.85525837632179,141.85294953080177,0
1596033736.5601587,242.65448418351173,141.85294953080177,0
1596033736.5701678,244.456113249979,141.85294953080177,0
1596033736.5801625,246.255167395792,141.85294953080177,0
1596033736.5901592,248.0545648643589,141.85294953080177,0
1596033736.6001713,249.85675183030128,141.85294953080177,0
1596033736.610164,251.65541973801612,141.85294953080177,0
1596033736.620157,253.45417347641944,141.85294953080177,0
1596033736.6301596,255.2546438285923,141.85294953080177,0
1596033736.6401508,257.0530542442417,141.85294953080177,0
1596033736.6501603,258.85476914139747,141.85294953080177,0
1596033736.6601524,260.65335121842384,141.85294953080177,0
1596033736.670171,262.45669689866065,141.85294953080177,0
1596033736.6801682,264.256180197916,141.85294953080177,0
1596033736.69017,266.05652180405616,141.85294953080177,0
1596033736.7001684,267.8562196800327,141.85294953080177,0
1596033736.7101598,269.6546730110264,141.85294953080177,0
1596033736.7201629,271.4552291938877,141.85294953080177,0
1596033736.7301626,273.2551845619297,141.85294953080177,0
1596033736.7401612,275.0549253532505,141.85294953080177,0
1596033736.7501662,276.85582485886573,141.85294953080177,0
1596033736.7601664,278.6558660575962,141.85294953080177,0
1596033736.7701573,280.4542335579014,141.85294953080177,0
1596033736.7801547,282.253759772501,141.85294953080177,0
1596033736.7901616,284.0550026008701,141.85294953080177,0
1596033736.8001661,285.8558162757969,141.85294953080177,0
1596033736.8101678,287.6561149665928,141.85294953080177,0
1596033736.8201516,289.4531950065708,141.85294953080177,0
1596033736.8301604,291.25478115769386,141.85294953080177,0
1596033736.840153,293.0534490654087,141.85294953080177,0
1596033736.8501537,294.85357609482764,141.85294953080177,0
1596033736.8601644,296.6555055687046,141.85294953080177,0
1596033736.8701675,298.4560617515659,141.85294953080177,0
1596033736.8801615,300.2549871513462,141.85294953080177,0
1596033736.8901665,302.05588665696143,141.85294953080177,0
1596033736.90016,303.85472622605323,141.85294953080177,0
1596033736.9101708,305.6566556999302,141.85294953080177,0
1596033736.920169,307.45635357590675,141.85294953080177,0
1596033736.9301662,309.2558368751621,141.85294953080177,0
1596033736.9401567,311.0541185447788,141.85294953080177,0
1596033736.950158,312.8543743202305,141.85294953080177,0
1596033736.960169,314.65634670945167,141.85294953080177,0
1596033736.9701633,316.4553150245762,141.85294953080177,0
1596033736.9801614,318.2549699852085,141.85294953080177,0
1596033736.9901593,320.0545820304966,141.85294953080177,0
1596033737.000153,321.8534645149326,141.85294953080177,0
1596033737.0101538,323.65359154435157,141.85294953080177,0
1596033737.0201535,325.45354691239356,141.85294953080177,0
1596033737.0301533,327.25350228043555,141.85294953080177,0
1596033737.0401561,329.05401554795264,141.85294953080177,0
1596033737.050158,330.8543571540928,141.85294953080177,0
1596033737.0601633,332.65529957505225,141.85294953080177,0
1596033737.0701654,334.45568409653663,141.85294953080177,0
1596033737.0801656,336.2557252952671,141.85294953080177,0
1596033737.090157,338.05417862626075,141.85294953080177,0
1596033737.10015,339.85293236466407,141.85294953080177,0
1596033737.1101592,341.65456143113136,141.85294953080177,0
1596033737.120157,343.45417347641944,141.85294953080177,0
1596033737.1301644,345.25550213547706,141.85294953080177,0
1596033737.1401534,347.0535263130283,141.85294953080177,0
1596033737.1501539,348.85361042710304,141.85294953080177,0
1596033737.16016,350.65472450943946,141.85294953080177,0
1596033737.1701648,352.45558109971046,141.85294953080177,0
1596033737.1801498,354.2528757164097,141.85294953080177,0
1596033737.1901634,356.0553201744175,141.85294953080177,0
1596033737.2001548,357.85377350541114,141.85294953080177,0
1596033737.210167,359.6559604713535,141.85294953080177,0
1596033737.2116473,359.922421843729,141.85294953080177,0
1596033737.2116473,359.9767265531187,141.90725424019146,0
1596033737.211784,360,141.90725424019146,1
1596033737.2201662,361.51013471809677,141.90725424019146,0
1596033737.2301626,363.3094892713194,141.90725424019146,0
1596033737.2401564,365.10837175575546,141.90725424019146,0
1596033737.2430189,365.62361337868026,141.90725424019146,0
1596033737.2430189,461.0221619817381,141.90725424019146,0
1596033737.250166,462.3086352559691,141.90725424019146,0
1596033737.26017,464.10936310020736,141.90725424019146,0
1596033737.2701578,465.90717270103744,141.90725424019146,0
1596033737.280158,467.7072138997679,141.90725424019146,0
1596033737.2901497,469.5057101461058,141.90725424019146,0
1596033737.300166,471.30862667290023,141.90725424019146,0
1596033737.3101573,473.1070800038939,141.90725424019146,0
1596033737.3201685,474.9090953084593,141.90725424019146,0
1596033737.3301528,476.7062611791258,141.90725424019146,0
1596033737.3401604,478.5076327535277,141.90725424019146,0
1596033737.3501499,480.3057427617674,141.90725424019146,0
1596033737.360168,482.10900261131576,141.90725424019146,0
1596033737.3701575,483.9071126195555,141.90725424019146,0
1596033737.3801494,485.70565178123763,141.90725424019146,0
1596033737.3901591,487.50740959373763,141.90725424019146,0
1596033737.400156,489.30684997764877,141.90725424019146,0
1596033737.4101565,491.1069340917235,141.90725424019146,0
1596033737.420161,492.90774776665023,141.90725424019146,0
1596033737.4301553,494.70671608177474,141.90725424019146,0
1596033737.440156,496.5068431111937,141.90725424019146,0
1596033737.4501626,498.3080430242186,141.90725424019146,0
1596033737.460169,500.10920002189926,141.90725424019146,0
1596033737.4701614,501.90782501426986,141.90725424019146,0
1596033737.4801579,503.7071795674925,141.90725424019146,0
1596033737.4901617,505.50786449638656,141.90725424019146,0
1596033737.5001645,507.30837776390365,141.90725424019146,0
1596033737.5101602,509.1076035710936,141.90725424019146,0
1596033737.5201528,510.90627147880843,141.90725424019146,0
1596033737.5301657,512.7085871907835,141.90725424019146,0
1596033737.540157,514.5070405217772,141.90725424019146,0
1596033737.5501597,516.30751087395,141.90725424019146,0
1596033737.5601687,518.1091399404173,141.90725424019146,0
1596033737.57016,519.9075503560667,141.90725424019146,0
1596033737.5801697,521.7093081685667,141.90725424019146,0
1596033737.5901659,523.5086198064452,141.90725424019146,0
1596033737.600156,525.3068585607176,141.90725424019146,0
1596033737.610166,527.1086592885619,141.90725424019146,0
1596033737.6201608,528.9077134343748,141.90725424019146,0
1596033737.6301556,530.7067675801878,141.90725424019146,0
1596033737.6401603,532.5076241704588,141.90725424019146,0
1596033737.6501641,534.3083090993529,141.90725424019146,0
1596033737.6601605,536.1076636525755,141.90725424019146,0
1596033737.670168,537.9089923116331,141.90725424019146,0
1596033737.6801507,539.7059006902342,141.90725424019146,0
1596033737.6901681,541.5090317937498,141.90725424019146,0
1596033737.700159,543.307399294055,141.90725424019146,0
1596033737.7101693,545.1092429372435,141.90725424019146,0
1596033737.7201538,546.9064517232542,141.90725424019146,0
1596033737.7301493,548.7056346150999,141.90725424019146,0
1596033737.7401488,550.5055470677977,141.90725424019146,0
1596033737.7501621,552.3079486104613,141.90725424019146,0
1596033737.7601545,554.1065736028319,141.90725424019146,0
1596033737.7701585,555.9073014470702,141.90725424019146,0
1596033737.7801619,557.7079005452757,141.90725424019146,0
1596033737.79017,559.509357950366,141.90725424019146,0
1596033737.8001542,561.3065238210326,141.90725424019146,0
1596033737.81017,563.1093545171385,141.90725424019146,0
1596033737.8201532,564.9063487264281,141.90725424019146,0
1596033737.8301642,566.7083211156493,141.90725424019146,0
1596033737.840154,568.5064740392332,141.90725424019146,0
1596033737.8501666,570.3087468358641,141.90725424019146,0
1596033737.8601706,572.1094746801024,141.90725424019146,0
1596033737.8701515,573.9060397359495,141.90725424019146,0
1596033737.8801622,575.7079692098265,141.90725424019146,0
1596033737.8901563,577.5068946096068,141.90725424019146,0
1596033737.9001565,579.3069358083372,141.90725424019146,0
1596033737.9101691,581.1092086049681,141.90725424019146,0
1596033737.9201632,582.9081340047484,141.90725424019146,0
1596033737.9301522,584.7061581822996,141.90725424019146,0
1596033737.9401615,586.5078301641112,141.90725424019146,0
1596033737.9501634,588.3081717702513,141.90725424019146,0
1596033737.9601705,590.1094575139647,141.90725424019146,0
1596033737.970152,591.9061084005003,141.90725424019146,0
1596033737.9801605,593.7076516362791,141.90725424019146,0
1596033737.9901652,595.5085082265501,141.90725424019146,0
1596033738.0001583,597.3072619649535,141.90725424019146,0
1596033738.0001583,0,141.90725424019146,0
1596033738.01018,143.71115781990338,141.90725424019146,0
1596033738.0201697,145.50931074348736,141.90725424019146,0
1596033738.0301797,147.3111114713316,141.90725424019146,0
1596033738.0401628,149.1080627652769,141.90725424019146,0
1596033738.0501592,150.90741731849957,141.90725424019146,0
1596033738.0601683,152.70904638496685,141.90725424019146,0
1596033738.070165,154.50844385353375,141.90725424019146,0
1596033738.0801768,156.3105879041319,141.90725424019146,0
1596033738.0901678,158.10895540443707,141.90725424019146,0
1596033738.100161,159.90775205818463,141.90725424019146,0
1596033738.1101584,161.70727827278424,141.90725424019146,0
1596033738.1201694,163.50925066200543,141.90725424019146,0
1596033738.1301692,165.30920603004742,141.90725424019146,0
1596033738.1401606,167.10765936104107,141.90725424019146,0
1596033738.1501763,168.91049005714703,141.90725424019146,0
1596033738.1601646,170.70838548866558,141.90725424019146,0
1596033738.1701794,172.5110445233946,141.90725424019146,0
1596033738.1801665,174.30872537819195,141.90725424019146,0
1596033738.1901596,176.10747911659527,141.90725424019146,0
1596033738.200177,177.9106102201109,141.90725424019146,0
1596033738.2101727,179.70983602730084,141.90725424019146,0
1596033738.2201612,181.50777437416363,141.90725424019146,0
1596033738.2301664,183.3087167951231,141.90725424019146,0
1596033738.2401717,185.10965921608258,141.90725424019146,0
1596033738.2501779,186.910773298419,141.90725424019146,0
1596033738.2601779,188.71077158180523,141.90725424019146,0
1596033738.270165,190.5084524366026,141.90725424019146,0
1596033738.2801747,192.3102102491026,141.90725424019146,0
1596033738.2901595,194.10746195045758,141.90725424019146,0
1596033738.3001692,195.90921976295758,141.90725424019146,0
1596033738.3101594,197.70745851723004,141.90725424019146,0
1596033738.320174,199.5100746366148,141.90725424019146,0
1596033738.3301673,201.30887129036236,141.90725424019146,0
1596033738.3401616,203.10783960548687,141.90725424019146,0
1596033738.3501632,204.90813829628277,141.90725424019146,0
1596033738.3601735,206.70998193947125,141.90725424019146,0
1596033738.3701744,208.51015188423443,141.90725424019146,0
1596033738.3801677,210.308948537982,141.90725424019146,0
1596033738.3901672,212.10886099067974,141.90725424019146,0
1596033738.4001644,213.90834428993512,141.90725424019146,0
1596033738.4101615,215.7078275891905,141.90725424019146,0
1596033738.4201741,217.51010038582135,141.90725424019146,0
1596033738.4301794,219.31104280678082,141.90725424019146,0
1596033738.4401689,221.10915281502056,141.90725424019146,0
1596033738.450167,222.9088077756529,141.90725424019146,0
1596033738.4601693,224.7092352124815,141.90725424019146,0
1596033738.4701653,226.50850393501568,141.90725424019146,0
1596033738.480159,228.30738641945172,141.90725424019146,0
1596033738.4901698,230.10931589332867,141.90725424019146,0
1596033738.5001695,231.90927126137066,141.90725424019146,0
1596033738.510162,233.7079391690855,141.90725424019146,0
1596033738.5201771,235.51064111915875,141.90725424019146,0
1596033738.53017,237.30935194221783,141.90725424019146,0
1596033738.5401587,239.10733320442486,141.90725424019146,0
1596033738.550172,240.90973474708844,141.90725424019146,0
1596033738.5601707,242.70947553840924,141.90725424019146,0
1596033738.5701582,244.50724222389508,141.90725424019146,0
1596033738.5801606,246.3076696607237,141.90725424019146,0
1596033738.590167,248.10882665840435,141.90725424019146,0
1596033738.6001754,249.91032697883892,141.90725424019146,0
1596033738.6101604,251.70762159553814,141.90725424019146,0
1596033738.620172,253.50972273079205,141.90725424019146,0
1596033738.630176,255.31045057503033,141.90725424019146,0
1596033738.6401687,257.1091184827452,141.90725424019146,0
1596033738.6501737,258.91001798836044,141.90725424019146,0
1596033738.660161,260.70774175850204,141.90725424019146,0
1596033738.6701617,262.507868787921,141.90725424019146,0
1596033738.680169,264.3091974469786,141.90725424019146,0
1596033738.6901782,266.1108265134459,141.90725424019146,0
1596033738.7001665,267.90872194496444,141.90725424019146,0
1596033738.710179,269.7109947415953,141.90725424019146,0
1596033738.7201784,271.5108642789488,141.90725424019146,0
1596033738.7301598,273.30751516548446,141.90725424019146,0
1596033738.7401712,275.1095733853941,141.90725424019146,0
1596033738.7501612,276.90776922432235,141.90725424019146,0
1596033738.7601707,278.7094841214781,141.90725424019146,0
1596033738.770168,280.5090103360777,141.90725424019146,0
1596033738.7801704,282.30943777290634,141.90725424019146,0
1596033738.790162,284.1079340192442,141.90725424019146,0
1596033738.8001778,285.9107647153502,141.90725424019146,0
1596033738.810158,287.70720102516464,141.90725424019146,0
1596033738.8201623,289.50797178474716,141.90725424019146,0
1596033738.8301692,291.3092146131163,141.90725424019146,0
1596033738.840176,293.11045744148544,141.90725424019146,0
1596033738.850177,294.9106273862486,141.90725424019146,0
1596033738.860174,296.71006777015975,141.90725424019146,0
1596033738.870173,298.50989439216903,141.90725424019146,0
1596033738.8801687,300.309120199359,141.90725424019146,0
1596033738.8901672,302.1088609906798,141.90725424019146,0
1596033738.9001763,303.91049005714706,141.90725424019146,0
1596033738.9101675,305.7089004727965,141.90725424019146,0
1596033738.920164,307.50829794136337,141.90725424019146,0
1596033738.930169,309.3091974469786,141.90725424019146,0
1596033738.9401734,311.1099682065611,141.90725424019146,0
1596033738.950175,312.910266897357,141.90725424019146,0
1596033738.96017,314.70936395851425,141.90725424019146,0
1596033738.9701755,316.51034929481796,141.90725424019146,0
1596033738.980178,318.3108196469908,141.90725424019146,0
1596033738.9901729,320.1098737928038,141.90725424019146,0
1596033739.0001745,321.9101724835997,141.90725424019146,0
1596033739.0101604,323.70763876167587,141.90725424019146,0
1596033739.020176,325.5104265424376,141.90725424019146,0
1596033739.0301692,327.30922319618514,141.90725424019146,0
1596033739.0401602,329.1075906964903,141.90725424019146,0
1596033739.0501606,330.907674810565,141.90725424019146,0
1596033739.0601661,332.70866014686874,141.90725424019146,0
1596033739.0701745,334.5101604673033,141.90725424019146,0
1596033739.0801744,336.31015875068954,141.90725424019146,0
1596033739.0901606,338.10766794410995,141.90725424019146,0
1596033739.100176,339.91045572487167,141.90725424019146,0
1596033739.1101677,341.70895197120956,141.90725424019146,0
1596033739.1201625,343.50800611702255,141.90725424019146,0
1596033739.1301694,345.3092489453917,141.90725424019146,0
1596033739.140171,347.1095476361876,141.90725424019146,0
1596033739.1501722,348.909760496295,141.90725424019146,0
1596033739.1601694,350.7092437955504,141.90725424019146,0
1596033739.1701703,352.50941374031356,141.90725424019146,0
1596033739.1801786,354.31091406074813,141.90725424019146,0
1596033739.1901631,356.1081228467589,141.90725424019146,0
1596033739.2001588,357.9073486539488,141.90725424019146,0
1596033739.2101595,359.70747568336776,141.90725424019146,0
1596033739.2106342,359.7929201337462,141.90725424019146,0
1596033739.2106342,359.93787604012385,142.05221014656914,0
1596033739.2109926,360,142.05221014656914,1
1596033739.2201614,361.6527731958855,142.05221014656914,0
1596033739.230177,363.45556097664723,142.05221014656914,0
1596033739.2401638,365.25319891610036,142.05221014656914,0
1596033739.2432737,365.8129866663445,142.05221014656914,0
1596033739.2432737,461.1804431025017,142.05221014656914,0
1596033739.2501616,462.4202673975457,142.05221014656914,0
1596033739.2601767,464.2229693476189,142.05221014656914,0
1596033739.270167,466.0212510172356,142.05221014656914,0
1596033739.2801769,467.8230088297356,142.05221014656914,0
1596033739.290166,469.6210330072869,142.05221014656914,0
1596033739.3001652,471.4209025446404,142.05221014656914,0
1596033739.310176,473.22283201851735,142.05221014656914,0
1596033739.3201747,475.0226157251824,142.05221014656914,0
1596033739.3301651,476.8208973947991,142.05221014656914,0
1596033739.340166,478.6210673395623,142.05221014656914,0
1596033739.3501782,480.42325430550466,142.05221014656914,0
1596033739.360166,482.22106390633473,142.05221014656914,0
1596033739.3701768,484.0229933802117,142.05221014656914,0
1596033739.3801727,485.82226210274587,142.05221014656914,0
1596033739.3901746,487.622603708886,142.05221014656914,0
1596033739.4001586,489.41972666420827,142.05221014656914,0
1596033739.4101636,491.2206261698235,142.05221014656914,0
1596033739.4201596,493.0198948923577,142.05221014656914,0
1596033739.4301772,494.82306891121755,142.05221014656914,0
1596033739.440162,496.6203206125725,142.05221014656914,0
1596033739.4501774,498.42310839333425,142.05221014656914,0
1596033739.4601614,500.2202313486565,142.05221014656914,0
1596033739.4701731,502.0223324839104,142.05221014656914,0
1596033739.4801724,503.82220202126393,142.05221014656914,0
1596033739.4901683,505.6214707437981,142.05221014656914,0
1596033739.5001721,507.42215567269216,142.05221014656914,0
1596033739.5101717,509.2220681253899,142.05221014656914,0
1596033739.5201652,511.0209076944817,142.05221014656914,0
1596033739.5301714,512.8220217768181,142.05221014656914,0
1596033739.540171,514.6219342295159,142.05221014656914,0
1596033739.5501602,516.4200013224114,142.05221014656914,0
1596033739.5601785,518.223304087304,142.05221014656914,0
1596033739.5701613,520.020212465905,142.05221014656914,0
1596033739.580159,521.8197815958489,142.05221014656914,0
1596033739.5901647,523.6208098474968,142.05221014656914,0
1596033739.6001751,525.4226964060296,142.05221014656914,0
1596033739.61016,527.2199910227288,142.05221014656914,0
1596033739.620157,529.0194314066399,142.05221014656914,0
1596033739.63017,530.8217900339592,142.05221014656914,0
1596033739.6401656,532.620972925805,142.05221014656914,0
1596033739.6501648,534.4208424631585,142.05221014656914,0
1596033739.6601596,536.2198966089715,142.05221014656914,0
1596033739.6701612,538.0201952997674,142.05221014656914,0
1596033739.6801586,539.819721514367,142.05221014656914,0
1596033739.6901588,541.6197627130974,142.05221014656914,0
1596033739.7001626,543.4204476419915,142.05221014656914,0
1596033739.7101626,545.2204459253777,142.05221014656914,0
1596033739.7201731,547.0223324839104,142.05221014656914,0
1596033739.730166,548.8210433069695,142.05221014656914,0
1596033739.7401712,550.621985727929,142.05221014656914,0
1596033739.7501757,552.4227994028557,142.05221014656914,0
1596033739.7601612,554.2201798502434,142.05221014656914,0
1596033739.7701666,556.0211651865471,142.05221014656914,0
1596033739.780171,557.8219359461297,142.05221014656914,0
1596033739.790176,559.6228354517449,142.05221014656914,0
1596033739.8001719,561.4221041742791,142.05221014656914,0
1596033739.8101745,563.2225745264519,142.05221014656914,0
1596033739.820165,565.0208561960686,142.05221014656914,0
1596033739.8301694,566.8216698709954,142.05221014656914,0
1596033739.840163,568.6205094400872,142.05221014656914,0
1596033739.8501627,570.4204648081292,142.05221014656914,0
1596033739.8601725,572.2222226206292,142.05221014656914,0
1596033739.8701687,574.0215342585076,142.05221014656914,0
1596033739.880169,575.821575457238,142.05221014656914,0
1596033739.8901567,577.6193850580681,142.05221014656914,0
1596033739.9001708,579.4219153467644,142.05221014656914,0
1596033739.9101756,581.2227719370354,142.05221014656914,0
1596033739.9201634,583.0205815378655,142.05221014656914,0
1596033739.9301567,584.819378191613,142.05221014656914,0
1596033739.940177,586.6230242792595,142.05221014656914,0
1596033739.9501755,588.4227650705803,142.05221014656914,0
1596033739.9601605,590.2200596872796,142.05221014656914,0
1596033739.9701734,592.0223753992547,142.05221014656914,0
1596033739.980161,593.8201420847405,142.05221014656914,0
1596033739.990171,595.6219428125847,142.05221014656914,0
1596033740.0001729,597.4222844187249,142.05221014656914,0
1596033740.0001729,0,142.05221014656914,0
1596033740.0101938,143.85598498024834,142.05221014656914,0
1596033740.0201788,145.65327959694756,142.05221014656914,0
1596033740.0301874,147.45482283272636,142.05221014656914,0
1596033740.040193,149.2558510843743,142.05221014656914,0
1596033740.0501785,151.053231531762,142.05221014656914,0
1596033740.0601728,152.85219984688652,142.05221014656914,0
1596033740.0701876,154.65485888161552,142.05221014656914,0
1596033740.080179,156.45331221260918,142.05221014656914,0
1596033740.090177,158.2529671732415,142.05221014656914,0
1596033740.1001933,160.05588370003593,142.05221014656914,0
1596033740.110178,161.85313540139092,142.05221014656914,0
1596033740.1201909,163.655451113366,142.05221014656914,0
1596033740.130186,165.45459108986748,142.05221014656914,0
1596033740.1401775,167.25304442086113,142.05221014656914,0
1596033740.1501913,169.05553179421318,142.05221014656914,0
1596033740.1601915,170.85557299294365,142.05221014656914,0
1596033740.1701827,172.65398340859306,142.05221014656914,0
1596033740.1801755,174.45269423165215,142.05221014656914,0
1596033740.190194,176.25599699654472,142.05221014656914,0
1596033740.2001774,178.0530341211785,142.05221014656914,0
1596033740.2101746,179.85251742043388,142.05221014656914,0
1596033740.2201855,181.65448980965508,142.05221014656914,0
1596033740.2301898,183.4552605692376,142.05221014656914,0
1596033740.2401795,185.25341349282158,142.05221014656914,0
1596033740.2501888,187.0550854746331,142.05221014656914,0
1596033740.2601726,188.85216551461113,142.05221014656914,0
1596033740.2701814,190.65375166573418,142.05221014656914,0
1596033740.2801828,192.45400744118584,142.05221014656914,0
1596033740.290188,194.2549498621453,142.05221014656914,0
1596033740.3001938,196.05597811379326,142.05221014656914,0
1596033740.310195,197.85619097390068,142.05221014656914,0
1596033740.3201764,199.65284186043633,142.05221014656914,0
1596033740.3301802,201.45352678933037,142.05221014656914,0
1596033740.3401825,203.25395422615898,142.05221014656914,0
1596033740.35019,205.0552828852166,142.05221014656914,0
1596033740.3601751,206.85262041726006,142.05221014656914,0
1596033740.3701878,208.65489321389092,142.05221014656914,0
1596033740.3801727,210.45218783059013,142.05221014656914,0
1596033740.3901932,212.25587683358086,142.05221014656914,0
1596033740.40019,214.055317217492,142.05221014656914,0
1596033740.4101908,215.85544424691093,142.05221014656914,0
1596033740.42018,217.65351133980644,142.05221014656914,0
1596033740.4301786,219.45325213112724,142.05221014656914,0
1596033740.4401805,221.25359373726738,142.05221014656914,0
1596033740.4501803,223.05354910530937,142.05221014656914,0
1596033740.4601836,224.85414820351494,142.05221014656914,0
1596033740.4701738,226.6523869577874,142.05221014656914,0
1596033740.480175,228.45259981789482,142.05221014656914,0
1596033740.49019,230.25530176796806,142.05221014656914,0
1596033740.5001726,232.0521672312249,142.05221014656914,0
1596033740.510173,233.8522513452996,142.05221014656914,0
1596033740.5201929,235.65581160225761,142.05221014656914,0
1596033740.5301876,237.4548657480706,142.05221014656914,0
1596033740.5401766,239.25288992562187,142.05221014656914,0
1596033740.5501838,241.05417566933525,142.05221014656914,0
1596033740.5601792,242.85335856118095,142.05221014656914,0
1596033740.5701852,244.65442972817314,142.05221014656914,0
1596033740.5801804,246.4535697046746,142.05221014656914,0
1596033740.5901864,248.2546408716668,142.05221014656914,0
1596033740.6001723,250.05210714974297,142.05221014656914,0
1596033740.6101818,251.85382204689873,142.05221014656914,0
1596033740.6201897,253.65523653664482,142.05221014656914,0
1596033740.630182,255.45386152901543,142.05221014656914,0
1596033740.6401758,257.25274401345143,142.05221014656914,0
1596033740.650179,259.05330019631276,142.05221014656914,0
1596033740.6601877,260.8548863474358,142.05221014656914,0
1596033740.670189,262.65509920754323,142.05221014656914,0
1596033740.68018,264.45350962319264,142.05221014656914,0
1596033740.6901724,266.25213461556325,142.05221014656914,0
1596033740.7001824,268.0539353434075,142.05221014656914,0
1596033740.7101934,269.8559077326287,142.05221014656914,0
1596033740.72018,271.65350275673757,142.05221014656914,0
1596033740.7301817,273.45380144753346,142.05221014656914,0
1596033740.7401764,275.25285559334645,142.05221014656914,0
1596033740.7501752,277.0526393000115,142.05221014656914,0
1596033740.7601743,278.85246592202077,142.05221014656914,0
1596033740.7701766,280.6528933588494,142.05221014656914,0
1596033740.780177,282.4529774729241,142.05221014656914,0
1596033740.790174,284.2524178568352,142.05221014656914,0
1596033740.8001873,286.0548193994988,142.05221014656914,0
1596033740.8101928,287.8558047358025,142.05221014656914,0
1596033740.8201842,289.65425806679616,142.05221014656914,0
1596033740.8301861,291.4545996729363,142.05221014656914,0
1596033740.840172,293.25206595101247,142.05221014656914,0
1596033740.8501828,295.0539954248894,142.05221014656914,0
1596033740.8601766,296.85287790932546,142.05221014656914,0
1596033740.8701766,298.6528761927117,142.05221014656914,0
1596033740.8801765,300.4528744760979,142.05221014656914,0
1596033740.8901758,302.25274401345143,142.05221014656914,0
1596033740.900189,304.05510264077077,142.05221014656914,0
1596033740.9101741,305.8524401728142,142.05221014656914,0
1596033740.9201844,307.6542838160027,142.05221014656914,0
1596033740.9301775,309.453037554406,142.05221014656914,0
1596033740.9401848,311.25436621346364,142.05221014656914,0
1596033740.9501808,313.0536349359978,142.05221014656914,0
1596033740.960178,314.8531182352532,142.05221014656914,0
1596033740.9701738,316.65238695778737,142.05221014656914,0
1596033740.9801729,318.45221357979665,142.05221014656914,0
1596033740.9901824,320.2539284769524,142.05221014656914,0
1596033741.0001729,322.0522101465691,142.05221014656914,0
1596033741.0101864,323.8546546045769,142.05221014656914,0
1596033741.0201795,325.65340834298024,142.05221014656914,0
1596033741.030181,327.4536641184319,142.05221014656914,0
1596033741.0401726,329.2521603647698,142.05221014656914,0
1596033741.050184,331.05421858467946,142.05221014656914,0
1596033741.0601828,332.8540022913445,142.05221014656914,0
1596033741.0701919,334.6556313578118,142.05221014656914,0
1596033741.0801752,336.45262556710134,142.05221014656914,0
1596033741.090187,338.2547696176995,142.05221014656914,0
1596033741.100186,340.05459623970876,142.05221014656914,0
1596033741.1101732,341.8522770945061,142.05221014656914,0
1596033741.1201725,343.65214663185964,142.05221014656914,0
1596033741.13019,345.45527773537526,142.05221014656914,0
1596033741.1401818,347.2538168970574,142.05221014656914,0
1596033741.1501884,349.0550168100823,142.05221014656914,0
1596033741.1601768,350.85291224160085,142.05221014656914,0
1596033741.170173,352.65222387947927,142.05221014656914,0
1596033741.1801767,354.4529088083733,142.05221014656914,0
1596033741.1901777,356.2530787531365,142.05221014656914,0
1596033741.2001863,358.0546219889153,142.05221014656914,0
1596033741.2101839,359.85419111885915,142.05221014656914,0
1596033741.2110138,360,142.05221014656914,1
1596033741.2121427,360.20678358712087,142.05221014656914,0
1596033741.2121427,459.49858217873464,142.05221014656914,0
1596033741.2201767,460.944700533532,142.05221014656914,0
1596033741.2301872,462.7465870920647,142.05221014656914,0
1596033741.2401803,464.54534083046804,142.05221014656914,0
1596033741.2434957,465.1421216074456,142.05221014656914,0
1596033741.2434957,490.97918358483207,142.05221014656914,0
1596033741.2501836,492.1830019060601,142.05221014656914,0
1596033741.2601845,493.9831718508233,142.05221014656914,0
1596033741.2701862,495.7834705416192,142.05221014656914,0
1596033741.2801924,497.5845846239556,142.05221014656914,0
1596033741.2901857,499.38338127770317,142.05221014656914,0
1596033741.3001802,501.1823925081719,142.05221014656914,0
1596033741.3101745,502.9813608232964,142.05221014656914,0
1596033741.3201718,504.78088703789604,142.05221014656914,0
1596033741.330189,506.5839752260674,142.05221014656914,0
1596033741.340183,508.3829006258477,142.05221014656914,0
1596033741.350181,510.18255558648,142.05221014656914,0
1596033741.3601906,511.9842704836358,142.05221014656914,0
1596033741.3701715,513.780835539483,142.05221014656914,0
1596033741.3801885,515.5838808123101,142.05221014656914,0
1596033741.390191,517.384351164483,142.05221014656914,0
1596033741.4001863,519.1834911409844,142.05221014656914,0
1596033741.4101834,520.9829744402398,142.05221014656914,0
1596033741.4201763,522.7816852632989,142.05221014656914,0
1596033741.4301863,524.5834859911431,142.05221014656914,0
1596033741.440184,526.3830980364312,142.05221014656914,0
1596033741.4501789,528.1821521822442,142.05221014656914,0
1596033741.4601827,529.9828371111382,142.05221014656914,0
1596033741.4701877,531.7837366167535,142.05221014656914,0
1596033741.4801862,533.5834774080743,142.05221014656914,0
1596033741.4901893,535.3840335909356,142.05221014656914,0
1596033741.5001717,537.1808561388482,142.05221014656914,0
1596033741.510189,538.9839872423638,142.05221014656914,0
1596033741.5201735,540.7811960283746,142.05221014656914,0
1596033741.5301764,542.5817092958916,142.05221014656914,0
1596033741.540175,544.3814500872124,142.05221014656914,0
1596033741.5501735,546.1811908785332,142.05221014656914,0
1596033741.5601804,547.9824337069024,142.05221014656914,0
1596033741.570189,549.7839769426812,142.05221014656914,0
1596033741.5801826,551.582816511773,142.05221014656914,0
1596033741.59019,553.3841451708306,142.05221014656914,0
1596033741.600191,555.184358030938,142.05221014656914,0
1596033741.6101913,556.9843992296685,142.05221014656914,0
1596033741.6201715,558.780835539483,142.05221014656914,0
1596033741.6301758,560.5816062990655,142.05221014656914,0
1596033741.6401858,562.3834070269097,142.05221014656914,0
1596033741.6501822,564.1827615801324,142.05221014656914,0
1596033741.6601782,565.9820303026665,142.05221014656914,0
1596033741.6701837,567.7830156389703,142.05221014656914,0
1596033741.6801922,569.5845588747491,142.05221014656914,0
1596033741.6901731,571.3811239305962,142.05221014656914,0
1596033741.7001853,573.1833108965386,142.05221014656914,0
1596033741.7101862,574.9834808413018,142.05221014656914,0
1596033741.7201843,576.7831358019341,142.05221014656914,0
1596033741.7301857,578.5833915773858,142.05221014656914,0
1596033741.740177,580.3818019930352,142.05221014656914,0
1596033741.7501872,582.1836456362237,142.05221014656914,0
1596033741.7601876,583.9837297502984,142.05221014656914,0
1596033741.7701738,585.7812389437188,142.05221014656914,0
1596033741.7801774,587.5818809572686,142.05221014656914,0
1596033741.7901757,589.3815788332452,142.05221014656914,0
1596033741.800189,591.1839803759087,142.05221014656914,0
1596033741.8101892,592.9840215746392,142.05221014656914,0
1596033741.820177,594.7818311754693,142.05221014656914,0
1596033741.8301733,596.5811428133477,142.05221014656914,0
1596033741.840173,598.3810981813897,142.05221014656914,0
1596033741.850171,600.180753142022,142.05221014656914,0
1596033741.860174,601.9812664095391,142.05221014656914,0
1596033741.8701825,603.7828096453179,142.05221014656914,0
1596033741.8801882,605.5838378969659,142.05221014656914,0
1596033741.8901813,607.3825916353692,142.05221014656914,0
1596033741.9001727,609.1810449663628,142.05221014656914,0
1596033741.9101872,610.9836610857476,142.05221014656914,0
1596033741.9201875,612.7837022844781,142.05221014656914,0
1596033741.9301865,614.5835289064873,142.05221014656914,0
1596033741.9401753,616.3815101686944,142.05221014656914,0
1596033741.9501908,618.1842979494561,142.05221014656914,0
1596033741.9601877,619.9837383333672,142.05221014656914,0
1596033741.9701924,621.7845949236382,142.05221014656914,0
1596033741.980178,623.5820182863702,142.05221014656914,0
1596033741.9901927,625.3846344057549,142.05221014656914,0
1596033742.000179,627.1821865145196,142.05221014656914,0
1596033742.000179,0,142.05221014656914,0
1596033742.0101948,143.8550408426751,142.05221014656914,0
1596033742.020189,145.6540091577996,142.05221014656914,0
1596033742.030192,147.4545224253167,142.05221014656914,0
1596033742.0401824,149.2528040949334,142.05221014656914,0
1596033742.050188,151.05383234658134,142.05221014656914,0
1596033742.060182,152.85275774636162,142.05221014656914,0
1596033742.0701985,154.6557171885003,142.05221014656914,0
1596033742.0802007,156.45610170998467,142.05221014656914,0
1596033742.090182,158.2527525965203,142.05221014656914,0
1596033742.1001918,160.0545104090203,142.05221014656914,0
1596033742.1101942,161.85493784584892,142.05221014656914,0
1596033742.1201992,163.65583735146416,142.05221014656914,0
1596033742.1301937,165.4548485819329,142.05221014656914,0
1596033742.1401927,167.25467520394218,142.05221014656914,0
1596033742.150199,169.0557892862786,142.05221014656914,0
1596033742.1601987,170.8557446543206,142.05221014656914,0
1596033742.170184,172.65308218636406,142.05221014656914,0
1596033742.1801853,174.45333796181572,142.05221014656914,0
1596033742.1901844,176.253164583825,142.05221014656914,0
1596033742.2001805,178.05247622170342,142.05221014656914,0
1596033742.2101858,179.8534186426629,142.05221014656914,0
1596033742.22018,181.6523869577874,142.05221014656914,0
1596033742.2301822,183.45277147927177,142.05221014656914,0
1596033742.2401972,185.25547342934502,142.05221014656914,0
1596033742.2501996,187.05590086617363,142.05221014656914,0
1596033742.260197,188.85542708077324,142.05221014656914,0
1596033742.2701828,190.6528933588494,142.05221014656914,0
1596033742.2801995,192.45589571633232,142.05221014656914,0
1596033742.2901943,194.2549498621453,142.05221014656914,0
1596033742.3001988,196.05576353707207,142.05221014656914,0
1596033742.3101895,197.854088122033,142.05221014656914,0
1596033742.3201966,199.65537386574638,142.05221014656914,0
1596033742.3301892,201.45404177346123,142.05221014656914,0
1596033742.3401823,203.25279551186455,142.05221014656914,0
1596033742.3501816,205.05266504921806,142.05221014656914,0
1596033742.360193,206.85472326912773,142.05221014656914,0
1596033742.3701816,208.65266161599052,142.05221014656914,0
1596033742.3801966,210.45536356606377,142.05221014656914,0
1596033742.3901968,212.25540476479424,142.05221014656914,0
1596033742.4001803,214.05244188942802,142.05221014656914,0
1596033742.410197,215.85544424691093,142.05221014656914,0
1596033742.4201941,217.6549275461663,142.05221014656914,0
1596033742.4301808,219.4525225702752,142.05221014656914,0
1596033742.4401886,221.2539370600213,142.05221014656914,0
1596033742.4501803,223.05243330635918,142.05221014656914,0
1596033742.460186,224.85346155800713,142.05221014656914,0
1596033742.4701958,226.65521937050713,142.05221014656914,0
1596033742.4801836,228.4530289713372,142.05221014656914,0
1596033742.4901955,230.25517302193535,142.05221014656914,0
1596033742.500183,232.0529397074212,142.05221014656914,0
1596033742.5101812,233.8525946680535,142.05221014656914,0
1596033742.5201821,235.6527646128167,142.05221014656914,0
1596033742.5301864,237.45353537239922,142.05221014656914,0
1596033742.5401983,239.25567942299736,142.05221014656914,0
1596033742.5501802,241.05241614022148,142.05221014656914,0
1596033742.560192,242.85456019081963,142.05221014656914,0
1596033742.5701797,244.65232687630547,142.05221014656914,0
1596033742.5801928,246.4546855036248,142.05221014656914,0
1596033742.590181,248.25258093514336,142.05221014656914,0
1596033742.6001916,250.05446749367607,142.05221014656914,0
1596033742.6101792,251.8522341791619,142.05221014656914,0
1596033742.6201794,253.65227537789238,142.05221014656914,0
1596033742.6301968,255.455406481408,142.05221014656914,0
1596033742.6401966,257.25536184944997,142.05221014656914,0
1596033742.6501925,259.05463057198415,142.05221014656914,0
1596033742.6601899,260.85415678658376,142.05221014656914,0
1596033742.6701906,262.6542838160027,142.05221014656914,0
1596033742.6801991,264.4558270517815,142.05221014656914,0
1596033742.69019,266.2541945520867,142.05221014656914,0
1596033742.700191,268.05436449684987,142.05221014656914,0
1596033742.7101922,269.8545773569573,142.05221014656914,0
1596033742.7201996,271.6559060160149,142.05221014656914,0
1596033742.7301853,273.45332937874684,142.05221014656914,0
1596033742.7402,275.25598841347585,142.05221014656914,0
1596033742.7501929,277.05469923653493,142.05221014656914,0
