Timestamp,Phase,Heading,Ping?
1595997496.0000842,130.0,130.0,0
1595997496.0100927,131.80034160614014,130.0,0
1595997496.0200949,133.6007261276245,130.0,0
1595997496.0301082,135.4031276702881,130.0,0
1595997496.0401025,137.2020959854126,130.0,0
1595997496.0501125,139.00389671325684,130.0,0
1595997496.0601032,140.80222129821777,130.0,0
1595997496.0701003,142.60170459747314,130.0,0
1595997496.0800984,144.40135955810547,130.0,0
1595997496.0900972,146.2011432647705,130.0,0
1595997496.1001015,148.00191402435303,130.0,0
1595997496.1100945,149.80066776275635,130.0,0
1595997496.120099,151.6014814376831,130.0,0
1595997496.130102,153.4019947052002,130.0,0
1595997496.140094,155.20057678222656,130.0,0
1595997496.1501043,157.00242042541504,130.0,0
1595997496.1600924,158.80027294158936,130.0,0
1595997496.1700912,160.6000566482544,130.0,0
1595997496.180103,162.40220069885254,130.0,0
1595997496.190093,164.20039653778076,130.0,0
1595997496.2001057,166.00266933441162,130.0,0
1595997496.2100992,167.80150890350342,130.0,0
1595997496.220107,169.6029233932495,130.0,0
1595997496.230109,171.40326499938965,130.0,0
1595997496.2400975,173.20120334625244,130.0,0
1595997496.250096,175.00094413757324,130.0,0
1595997496.2600946,176.80068492889404,130.0,0
1595997496.2701027,178.60214233398438,130.0,0
1595997496.2801118,180.40377140045166,130.0,0
1595997496.290106,182.20273971557617,130.0,0
1595997496.3001075,184.00299549102783,130.0,0
1595997496.3101027,185.8021354675293,130.0,0
1595997496.3201044,187.6024341583252,130.0,0
1595997496.3301039,189.40234661102295,130.0,0
1595997496.3400939,191.20054244995117,130.0,0
1595997496.3500907,192.9999828338623,130.0,0
1595997496.360109,194.80328559875488,130.0,0
1595997496.3701105,196.60354137420654,130.0,0
1595997496.3801038,198.4023380279541,130.0,0
1595997496.3900971,200.20113468170166,130.0,0
1595997496.4000943,202.00061798095703,130.0,0
1595997496.410098,203.80130290985107,130.0,0
1595997496.4200974,205.6011724472046,130.0,0
1595997496.430106,207.4027156829834,130.0,0
1595997496.4401028,209.20215606689453,130.0,0
1595997496.450109,211.00327014923096,130.0,0
1595997496.460107,212.80292510986328,130.0,0
1595997496.4701054,214.60262298583984,130.0,0
1595997496.4801033,216.40223503112793,130.0,0
1595997496.4900913,218.20008754730225,130.0,0
1595997496.500111,220.00364780426025,130.0,0
1595997496.510094,221.80055618286133,130.0,0
1595997496.5200922,223.6002540588379,130.0,0
1595997496.5301108,225.4035997390747,130.0,0
1595997496.540108,227.20308303833008,130.0,0
1595997496.5501065,229.00282382965088,130.0,0
1595997496.5600955,230.80084800720215,130.0,0
1595997496.5701046,232.60247707366943,130.0,0
1595997496.5801115,234.40371990203857,130.0,0
1595997496.5900965,236.2010145187378,130.0,0
1595997496.6001096,238.00337314605713,130.0,0
1595997496.6100907,239.79998111724854,130.0,0
1595997496.6201017,241.60195350646973,130.0,0
1595997496.6301026,243.4021234512329,130.0,0
1595997496.6400928,245.20036220550537,130.0,0
1595997496.650102,247.00199127197266,130.0,0
1595997496.6600964,248.8010025024414,130.0,0
1595997496.6700978,250.60125827789307,130.0,0
1595997496.6801088,252.40323066711426,130.0,0
1595997496.6900954,254.20082569122314,130.0,0
1595997496.7001097,256.0033988952637,130.0,0
1595997496.7101002,257.80168056488037,130.0,0
1595997496.7201052,259.6025800704956,130.0,0
1595997496.7300928,261.40034675598145,130.0,0
1595997496.7401052,263.20257663726807,130.0,0
1595997496.750093,265.00038623809814,130.0,0
1595997496.7601035,266.80227279663086,130.0,0
1595997496.770105,268.6025285720825,130.0,0
1595997496.7800987,270.40141105651855,130.0,0
1595997496.790106,272.2027397155762,130.0,0
1595997496.8001113,274.00368213653564,130.0,0
1595997496.8100953,275.8008050918579,130.0,0
1595997496.8200936,277.6005029678345,130.0,0
1595997496.8301096,279.40337657928467,130.0,0
1595997496.840092,281.20019912719727,130.0,0
1595997496.8501103,283.00350189208984,130.0,0
1595997496.860106,284.8027276992798,130.0,0
1595997496.8701036,286.60229682922363,130.0,0
1595997496.8801088,288.4032392501831,130.0,0
1595997496.890111,290.2036237716675,130.0,0
1595997496.90011,292.00345039367676,130.0,0
1595997496.9101007,293.8017749786377,130.0,0
1595997496.9201026,295.60211658477783,130.0,0
1595997496.9300952,297.4007844924927,130.0,0
1595997496.940092,299.2002248764038,130.0,0
1595997496.9500988,301.0014247894287,130.0,0
1595997496.9600916,302.8001356124878,130.0,0
1595997496.9700997,304.6015930175781,130.0,0
1595997496.9801059,306.40270709991455,130.0,0
1595997496.9901025,308.20210456848145,130.0,0
1595997497.0001047,310.0024890899658,130.0,0
1595997497.0101016,311.80192947387695,130.0,0
1595997497.0200953,313.600811958313,130.0,0
1595997497.030103,315.40218353271484,130.0,0
1595997497.0401049,317.202525138855,130.0,0
1595997497.0500946,319.00067806243896,130.0,0
1595997497.0601082,320.8031225204468,130.0,0
1595997497.070091,322.60003089904785,130.0,0
1595997497.0800989,324.40144538879395,130.0,0
1595997497.0901084,326.2031602859497,130.0,0
1595997497.1001055,328.0026435852051,130.0,0
1595997497.1101103,329.8035001754761,130.0,0
1595997497.1201105,331.60354137420654,130.0,0
1595997497.1301105,333.4035396575928,130.0,0
1595997497.1400998,335.2016067504883,130.0,0
1595997497.1501043,337.00242042541504,130.0,0
1595997497.1601093,338.8033199310303,130.0,0
1595997497.170097,340.60112953186035,130.0,0
1595997497.1801023,342.4020719528198,130.0,0
1595997497.1901019,344.2019844055176,130.0,0
1595997497.20009,345.9998369216919,130.0,0
1595997497.2101028,347.802152633667,130.0,0
1595997497.2201009,349.6018075942993,130.0,0
1595997497.230108,351.4030933380127,130.0,0
1595997497.2400954,353.2008171081543,130.0,0
1595997497.2500987,355.00141620635986,130.0,0
1595997497.2601032,356.8022298812866,130.0,0
1595997497.270094,358.60055446624756,130.0,0
1595997497.2778864,360,130.0,1
1595997497.2800903,360.3999090194702,130.0,0
1595997497.290111,362.2036409378052,130.0,0
1595997497.300091,364.0000343322754,130.0,0
1595997497.3101053,365.8026075363159,130.0,0
1595997497.3201044,367.6024341583252,130.0,0
1595997497.330111,369.4036340713501,130.0,0
1595997497.3388767,370.98145961761475,130.0,0
1595997497.3388767,363.2944378852844,122.31297826766968,0
1595997497.3401065,363.5157952308655,122.31297826766968,0
1595997497.3501017,365.31493520736694,122.31297826766968,0
1595997497.3564847,366.4638648033142,122.31297826766968,0
1595997497.3564847,361.9391594409943,117.78827290534973,0
1595997497.3601098,362.59168725013734,117.78827290534973,0
1595997497.3700943,364.3888960361481,117.78827290534973,0
1595997497.380094,366.1888514041901,117.78827290534973,0
1595997497.3901105,367.99181084632875,117.78827290534973,0
1595997497.4000916,369.78841881752015,117.78827290534973,0
1595997497.4100938,371.5888033390045,117.78827290534973,0
1595997497.4200945,373.3889303684235,117.78827290534973,0
1595997497.4300952,375.1890573978424,117.78827290534973,0
1595997497.440098,376.9895706653595,117.78827290534973,0
1595997497.4501104,378.79180054664613,117.78827290534973,0
1595997497.4600968,380.5893526554108,117.78827290534973,0
1595997497.4700897,382.38806347846986,117.78827290534973,0
1595997497.4800956,384.18913464546205,117.78827290534973,0
1595997497.4900959,385.9891758441925,117.78827290534973,0
1595997497.5001104,387.7917919635773,117.78827290534973,0
1595997497.5100963,389.58925824165345,117.78827290534973,0
1595997497.5200946,391.38895611763,117.78827290534973,0
1595997497.530101,393.1901131153107,117.78827290534973,0
1595997497.5401046,394.9907551288605,117.78827290534973,0
1595997497.550091,396.78830723762513,117.78827290534973,0
1595997497.5600924,398.5885630130768,117.78827290534973,0
1595997497.5701077,400.3913078784943,117.78827290534973,0
1595997497.5801027,402.1904049396515,117.78827290534973,0
1595997497.5900908,403.9882574558258,117.78827290534973,0
1595997497.6001022,405.7903156757355,117.78827290534973,0
1595997497.6100974,407.58945565223695,117.78827290534973,0
1595997497.6200995,409.3898401737213,117.78827290534973,0
1595997497.6301045,411.19073967933656,117.78827290534973,0
1595997497.6400945,412.9889355182648,117.78827290534973,0
1595997497.6500978,414.78953461647035,117.78827290534973,0
1595997497.6601088,416.59150700569154,117.78827290534973,0
1595997497.6700957,418.38914494514466,117.78827290534973,0
1595997497.6801043,420.1906881809235,117.78827290534973,0
1595997497.6901088,421.99150185585023,117.78827290534973,0
1595997497.7001042,423.79068474769593,117.78827290534973,0
1595997497.7100928,425.5886230945587,117.78827290534973,0
1595997497.7201054,427.3908958911896,117.78827290534973,0
1595997497.7301002,429.1899500370026,117.78827290534973,0
1595997497.7400937,430.9887896060944,117.78827290534973,0
1595997497.7501044,432.7907190799713,117.78827290534973,0
1595997497.760102,434.5902882099152,117.78827290534973,0
1595997497.770111,436.39191727638246,117.78827290534973,0
1595997497.7800903,438.18818192481996,117.78827290534973,0
1595997497.7900891,439.987965631485,117.78827290534973,0
1595997497.8001103,441.79178338050843,117.78827290534973,0
1595997497.8101037,443.590580034256,117.78827290534973,0
1595997497.8200974,445.389462518692,117.78827290534973,0
1595997497.830107,447.1911774158478,117.78827290534973,0
1595997497.8400924,448.9885578632355,117.78827290534973,0
1595997497.850092,450.78847031593324,117.78827290534973,0
1595997497.8601024,452.59035687446595,117.78827290534973,0
1595997497.8701067,454.3911276340485,117.78827290534973,0
1595997497.8800983,456.18962388038636,117.78827290534973,0
1595997497.890106,457.9909954547882,117.78827290534973,0
1595997497.9001093,459.7915945529938,117.78827290534973,0
1595997497.9100933,461.58871750831605,117.78827290534973,0
1595997497.9200902,463.3881578922272,117.78827290534973,0
1595997497.9300938,465.188799905777,117.78827290534973,0
1595997497.9400914,466.98836903572084,117.78827290534973,0
1595997497.9501038,468.79059891700746,117.78827290534973,0
1595997497.9601,470.5899105548859,117.78827290534973,0
1595997497.9700894,472.3880205631256,117.78827290534973,0
1595997497.98011,474.19170956611634,117.78827290534973,0
1595997497.9853625,475.1371775150299,117.78827290534973,0
1595997497.9853625,394.54115325450897,37.192248644828794,0
1595997497.990106,395.3949969434738,37.192248644828794,0
1595997498.0001044,397.1946948194504,37.192248644828794,0
1595997498.0001044,0,37.192248644828794,0
1595997498.0004754,37.25902492046356,37.192248644828794,0
1595997498.0004754,11.17770747613907,11.110931200504304,0
1595997498.0101135,12.912560266971589,11.110931200504304,0
1595997498.02012,14.713717264652253,11.110931200504304,0
1595997498.0301125,16.512385172367097,11.110931200504304,0
1595997498.0401132,18.312512201786042,11.110931200504304,0
1595997498.0501149,20.11281089258194,11.110931200504304,0
1595997498.060113,21.912465853214265,11.110931200504304,0
1595997498.070106,23.711219591617585,11.110931200504304,0
1595997498.0801234,25.51435069513321,11.110931200504304,0
1595997498.0901084,27.31164531183243,11.110931200504304,0
1595997498.100119,29.113574785709382,11.110931200504304,0
1595997498.110124,30.914474291324616,11.110931200504304,0
1595997498.1201127,32.71241263818741,11.110931200504304,0
1595997498.1301148,34.512797159671784,11.110931200504304,0
1595997498.1401157,36.31296710443497,11.110931200504304,0
1595997498.1501207,38.1138666100502,11.110931200504304,0
1595997498.1601062,39.9112470574379,11.110931200504304,0
1595997498.170117,41.71317653131485,11.110931200504304,0
1595997498.1801224,43.51416186761856,11.110931200504304,0
1595997498.1901217,45.31403140497208,11.110931200504304,0
1595997498.2001154,47.11291388940811,11.110931200504304,0
1595997498.210107,48.911410135746,11.110931200504304,0
1595997498.2201107,50.71205214929581,11.110931200504304,0
1595997498.2301242,52.51449660730362,11.110931200504304,0
1595997498.2401226,54.31419448328018,11.110931200504304,0
1595997498.2501197,56.113677782535554,11.110931200504304,0
1595997498.2601147,57.91277484369278,11.110931200504304,0
1595997498.2701175,59.71328811120987,11.110931200504304,0
1595997498.2801166,61.51311473321915,11.110931200504304,0
1595997498.2901115,63.312211794376374,11.110931200504304,0
1595997498.3001094,65.11182383966445,11.110931200504304,0
1595997498.3101144,66.91272334527969,11.110931200504304,0
1595997498.3201172,68.71323661279678,11.110931200504304,0
1595997498.3301215,70.5140073723793,11.110931200504304,0
1595997498.3401225,72.31417731714248,11.110931200504304,0
1595997498.3501186,74.1134889550209,11.110931200504304,0
1595997498.360114,75.9126718468666,11.110931200504304,0
1595997498.370104,77.71086768579482,11.110931200504304,0
1595997498.3801198,79.51369838190078,11.110931200504304,0
1595997498.3901248,81.31459788751602,11.110931200504304,0
1595997498.4001179,83.11335162591934,11.110931200504304,0
1595997498.4101145,84.91274909448623,11.110931200504304,0
1595997498.4201183,86.71343402338027,11.110931200504304,0
1595997498.4301047,88.51098613214492,11.110931200504304,0
1595997498.440112,90.31231479120254,11.110931200504304,0
1595997498.450115,92.11282805871963,11.110931200504304,0
1595997498.4601078,93.91153888177871,11.110931200504304,0
1595997498.470105,95.71102218103408,11.110931200504304,0
1595997498.4801223,97.5141532845497,11.110931200504304,0
1595997498.4901135,99.31256370019912,11.110931200504304,0
1595997498.5001063,101.1112745232582,11.110931200504304,0
1595997498.5101068,102.91135863733291,11.110931200504304,0
1595997498.520109,104.71174315881728,11.110931200504304,0
1595997498.530105,106.5110547966957,11.110931200504304,0
1595997498.5401149,108.3128126091957,11.110931200504304,0
1595997498.550106,110.11122302484512,11.110931200504304,0
1595997498.5601203,111.91379622888564,11.110931200504304,0
1595997498.5701222,113.71413783502578,11.110931200504304,0
1595997498.5801206,115.51383571100234,11.110931200504304,0
1595997498.5901067,117.31134490442275,11.110931200504304,0
1595997498.600114,119.11267356348037,11.110931200504304,0
1595997498.6101196,120.91365889978408,11.110931200504304,0
1595997498.620122,122.7140863366127,11.110931200504304,0
1595997498.630119,124.51356963586807,11.110931200504304,0
1595997498.640106,126.31120757532119,11.110931200504304,0
1595997498.650124,128.11446742486953,11.110931200504304,0
1595997498.6601164,129.91309241724014,11.110931200504304,0
1595997498.6701083,131.71163157892227,11.110931200504304,0
1595997498.6801064,133.5112865395546,11.110931200504304,0
1595997498.690122,135.3140743203163,11.110931200504304,0
1595997498.7001154,137.1129138894081,11.110931200504304,0
1595997498.7101107,138.91205386590957,11.110931200504304,0
1595997498.7201207,140.7138545937538,11.110931200504304,0
1595997498.7301059,142.51119212579727,11.110931200504304,0
1595997498.7401102,144.31196288537978,11.110931200504304,0
1595997498.7501106,146.1120469994545,11.110931200504304,0
1595997498.7601132,147.91251735162734,11.110931200504304,0
1595997498.7701244,149.71453265619277,11.110931200504304,0
1595997498.78012,151.51371554803848,11.110931200504304,0
1595997498.7901144,153.31272677850723,11.110931200504304,0
1595997498.8001063,155.11126594018936,11.110931200504304,0
1595997498.8101094,156.91182212305068,11.110931200504304,0
1595997498.8201187,158.7134941048622,11.110931200504304,0
1595997498.830107,160.51138953638076,11.110931200504304,0
1595997498.8401206,162.31383399438857,11.110931200504304,0
1595997498.8501146,164.11275939416885,11.110931200504304,0
1595997498.8601115,165.91219977807998,11.110931200504304,0
1595997498.8701148,167.71279887628555,11.110931200504304,0
1595997498.8801131,169.5124967522621,11.110931200504304,0
1595997498.890106,171.3112075753212,11.110931200504304,0
1595997498.900109,173.11176375818252,11.110931200504304,0
1595997498.9101057,174.9111612267494,11.110931200504304,0
1595997498.920112,176.71227530908584,11.110931200504304,0
1595997498.9301083,178.5116298623085,11.110931200504304,0
1595997498.9401193,180.3136022515297,11.110931200504304,0
1595997498.950115,182.11282805871963,11.110931200504304,0
1595997498.960123,183.91428546380996,11.110931200504304,0
1595997498.9701145,185.7127387948036,11.110931200504304,0
1595997498.9801073,187.5114496178627,11.110931200504304,0
1595997498.990112,189.3123062081337,11.110931200504304,0
1595997499.0001214,191.11397818994521,11.110931200504304,0
1595997499.0101194,192.91363315057754,11.110931200504304,0
1595997499.0201073,194.71144275140762,11.110931200504304,0
1595997499.0301225,196.5141876168251,11.110931200504304,0
1595997499.0401187,198.31349925470352,11.110931200504304,0
1595997499.050113,200.11246756982803,11.110931200504304,0
1595997499.0601227,201.91422538232803,11.110931200504304,0
1595997499.0701182,203.71340827417373,11.110931200504304,0
1595997499.0801153,205.5128915734291,11.110931200504304,0
1595997499.0901158,207.3129756875038,11.110931200504304,0
1595997499.1001236,209.1143901772499,11.110931200504304,0
1595997499.110124,210.9144742913246,11.110931200504304,0
1595997499.1201158,212.7129705376625,11.110931200504304,0
1595997499.130113,214.51245383691787,11.110931200504304,0
1595997499.1401122,216.3123233742714,11.110931200504304,0
1595997499.150124,218.11446742486953,11.110931200504304,0
1595997499.1601226,219.91420821619033,11.110931200504304,0
1595997499.1701229,221.7142494149208,11.110931200504304,0
1595997499.1801155,223.51291732263564,11.110931200504304,0
1595997499.1901226,225.31420306634902,11.110931200504304,0
1595997499.200121,227.11390094232559,11.110931200504304,0
1595997499.2101126,228.91239718866348,11.110931200504304,0
1595997499.2201242,230.71449832391738,11.110931200504304,0
1595997499.230107,232.51140670251846,11.110931200504304,0
1595997499.240117,234.3132074303627,11.110931200504304,0
1595997499.2501206,236.1138494439125,11.110931200504304,0
1595997499.2601187,237.91350440454482,11.110931200504304,0
1595997499.2701228,239.7142322487831,11.110931200504304,0
1595997499.2801142,241.51268557977676,11.110931200504304,0
1595997499.2901137,243.3125980324745,11.110931200504304,0
1595997499.3001037,245.11079387140273,11.110931200504304,0
1595997499.3101223,246.91413955163955,11.110931200504304,0
1595997499.3201098,248.7119062371254,11.110931200504304,0
1595997499.3301163,250.51306323480605,11.110931200504304,0
1595997499.340116,252.31301860284805,11.110931200504304,0
1595997499.3501046,254.11095694971084,11.110931200504304,0
1595997499.3601072,255.9114273018837,11.110931200504304,0
1595997499.370108,257.71155433130264,11.110931200504304,0
1595997499.3801074,259.5114667840004,11.110931200504304,0
1595997499.3901153,261.3128812737465,11.110931200504304,0
1595997499.4001226,263.1142099328041,11.110931200504304,0
1595997499.4101171,264.91322116327285,11.110931200504304,0
1595997499.4201226,266.71420649957656,11.110931200504304,0
1595997499.4301083,268.5116298623085,11.110931200504304,0
1595997499.4401202,270.31377391290664,11.110931200504304,0
1595997499.4501069,272.1113689370155,11.110931200504304,0
1595997499.4601164,273.9130838341713,11.110931200504304,0
1595997499.470105,275.7110221810341,11.110931200504304,0
1595997499.4801116,277.512222094059,11.110931200504304,0
1595997499.4901135,279.3125637001991,11.110931200504304,0
1595997499.5001047,281.11097411584853,11.110931200504304,0
1595997499.5101073,282.9114444680214,11.110931200504304,0
1595997499.5201209,284.7138889260292,11.110931200504304,0
1595997499.5301154,286.51290015649795,11.110931200504304,0
1595997499.5401037,288.3107955880165,11.110931200504304,0
1595997499.5501156,290.11293963861465,11.110931200504304,0
1595997499.5601223,291.91413955163955,11.110931200504304,0
1595997499.5701168,293.7131507821083,11.110931200504304,0
1595997499.580113,295.5124624199867,11.110931200504304,0
1595997499.5901132,297.3125036187172,11.110931200504304,0
1595997499.6001108,299.11207274866103,11.110931200504304,0
1595997499.6101196,300.9136588997841,11.110931200504304,0
1595997499.6201067,302.71133975458145,11.110931200504304,0
1595997499.6301215,304.51399878931045,11.110931200504304,0
1595997499.6401238,306.31442622613906,11.110931200504304,0
1595997499.6501052,308.1110771126747,11.110931200504304,0
1595997499.6601164,309.91309241724014,11.110931200504304,0
1595997499.6701205,311.7138202614784,11.110931200504304,0
1595997499.6801097,313.5118873543739,11.110931200504304,0
1595997499.6901083,315.3116281456947,11.110931200504304,0
1595997499.7001197,317.1136863656044,11.110931200504304,0
1595997499.7101073,318.91145305109023,11.110931200504304,0
1595997499.720118,320.7133825249672,11.110931200504304,0
1595997499.7301197,322.5136812157631,11.110931200504304,0
1595997499.7401118,324.31226329278945,11.110931200504304,0
1595997499.7501035,326.11075953912734,11.110931200504304,0
1595997499.7601218,327.9140623040199,11.110931200504304,0
1595997499.7701125,329.71238688898086,11.110931200504304,0
1595997499.7801034,331.51075438928603,11.110931200504304,0
1595997499.7901242,333.314486307621,11.110931200504304,0
1595997499.8001163,335.11306838464736,11.110931200504304,0
1595997499.8101108,336.9120796151161,11.110931200504304,0
1595997499.8201065,338.71130542230605,11.110931200504304,0
1595997499.830116,340.5130203194618,11.110931200504304,0
1595997499.840123,342.31426314783096,11.110931200504304,0
1595997499.8501039,344.1108282036781,11.110931200504304,0
1595997499.8601196,345.9136588997841,11.110931200504304,0
1595997499.8701186,347.71348552179336,11.110931200504304,0
1595997499.8801095,349.51185302209853,11.110931200504304,0
1595997499.8901198,351.313696665287,11.110931200504304,0
1595997499.9001198,353.11369494867324,11.110931200504304,0
1595997499.910108,354.9115903801918,11.110931200504304,0
1595997499.9201221,356.7141206688881,11.110931200504304,0
1595997499.930109,358.5117586083412,11.110931200504304,0
1595997499.9383872,360,11.110931200504304,1
1595997499.9401097,360.31188563776016,11.110931200504304,0
1595997499.9501104,362.1120126671791,11.110931200504304,0
1595997499.9506035,362.20076159906387,11.110931200504304,0
1595997499.9506035,360.66022847971914,9.570398081159597,0
1595997499.953225,361.1320826896191,9.570398081159597,0
1595997499.953225,360.33962480688575,8.77794019842623,0
1595997499.9545915,360.5856155600595,8.77794019842623,0
1595997499.9545915,360.1756846680179,8.368009306384563,0
1595997499.9601145,361.16981861729766,8.368009306384563,0
1595997499.970109,362.9688298477664,8.368009306384563,0
1595997499.9801037,364.7678839935794,8.368009306384563,0
1595997499.9847226,365.5992829575076,8.368009306384563,0
1595997499.9847226,361.6797848872523,4.4485112361292245,0
1595997499.9901204,362.65138828080694,4.4485112361292245,0
1595997499.999841,364.4010897807459,4.4485112361292245,0
1595997499.999841,361.3203269342238,1.3677483896070903,0
1595997500.000124,361.3712674478346,1.3677483896070903,0
1595997500.000124,0,1.3677483896070903,0
1595997500.0101328,3.169334540730137,1.3677483896070903,0
1595997500.0201366,4.97001946962418,1.3677483896070903,0
1595997500.0301275,6.768386969929356,1.3677483896070903,0
1595997500.0401335,8.569458136921543,1.3677483896070903,0
1595997500.0501306,10.368941436176915,1.3677483896070903,0
1595997500.0601444,12.171428809528965,1.3677483896070903,0
1595997500.0701268,13.968251357441563,1.3677483896070903,0
1595997500.0801306,15.768936286335606,1.3677483896070903,0
1595997500.090124,17.567732940083165,1.3677483896070903,0
1595997500.1001375,19.370177398090977,1.3677483896070903,0
1595997500.110144,21.17133439577164,1.3677483896070903,0
1595997500.1201365,22.970002303486485,1.3677483896070903,0
1595997500.1301403,24.770687232380528,1.3677483896070903,0
1595997500.1401331,26.56939805543961,1.3677483896070903,0
1595997500.1501317,28.36913884676041,1.3677483896070903,0
1595997500.1601403,30.17068208253922,1.3677483896070903,0
1595997500.170126,31.968105445271153,1.3677483896070903,0
1595997500.1801426,33.77110780275406,1.3677483896070903,0
1595997500.1901402,35.57067693269791,1.3677483896070903,0
1595997500.200129,37.36865819490494,1.3677483896070903,0
1595997500.210139,39.17045892274918,1.3677483896070903,0
1595997500.2201378,40.970242629414216,1.3677483896070903,0
1595997500.2301402,42.77067006624283,1.3677483896070903,0
1595997500.2401285,44.568565497761384,1.3677483896070903,0
1595997500.2501266,46.36822045839371,1.3677483896070903,0
1595997500.260126,48.16813291109146,1.3677483896070903,0
1595997500.2701347,49.96967614687027,1.3677483896070903,0
1595997500.2801313,51.769073615437165,1.3677483896070903,0
1595997500.290131,53.56902898347916,1.3677483896070903,0
1595997500.3001375,55.37018598115982,1.3677483896070903,0
1595997500.310137,57.170098433857575,1.3677483896070903,0
1595997500.3201313,58.96906674898209,1.3677483896070903,0
1595997500.330128,60.76846421754898,1.3677483896070903,0
1595997500.3401277,62.56841958559097,1.3677483896070903,0
1595997500.3501394,64.37052072084488,1.3677483896070903,0
1595997500.3601282,66.16850198305191,1.3677483896070903,0
1595997500.3701422,67.9710322717482,1.3677483896070903,0
1595997500.3801308,69.768970618611,1.3677483896070903,0
1595997500.390127,71.56828225648941,1.3677483896070903,0
1595997500.400144,73.3713704446608,1.3677483896070903,0
1595997500.4101248,75.16789258516373,1.3677483896070903,0
1595997500.420129,76.96866334474625,1.3677483896070903,0
1595997500.430129,78.76866162813248,1.3677483896070903,0
1595997500.440137,80.57007611787857,1.3677483896070903,0
1595997500.4501312,82.36904443300308,1.3677483896070903,0
1595997500.4601295,84.16874230897965,1.3677483896070903,0
1595997500.4701245,85.96783937013687,1.3677483896070903,0
1595997500.4801407,87.7707558969313,1.3677483896070903,0
1595997500.49014,89.57062543428482,1.3677483896070903,0
1595997500.5001237,91.36770547426285,1.3677483896070903,0
1595997500.5101268,93.16826165712418,1.3677483896070903,0
1595997500.5201235,94.96765912569107,1.3677483896070903,0
1595997500.5301263,96.76817239320816,1.3677483896070903,0
1595997500.5401287,98.56859983003677,1.3677483896070903,0
1595997500.5501275,100.36838353670181,1.3677483896070903,0
1595997500.5601308,102.16898263490738,1.3677483896070903,0
1595997500.5701323,103.96923841035904,1.3677483896070903,0
1595997500.5801296,105.76876462495865,1.3677483896070903,0
1595997500.5901322,107.5692349771315,1.3677483896070903,0
1595997500.600124,109.36773122346939,1.3677483896070903,0
1595997500.6101274,111.1683732370192,1.3677483896070903,0
1595997500.6201282,112.96850026643814,1.3677483896070903,0
1595997500.6301286,114.76858438051285,1.3677483896070903,0
1595997500.6401403,116.57068551576675,1.3677483896070903,0
1595997500.6501336,118.36948216951431,1.3677483896070903,0
1595997500.6601338,120.16952336824478,1.3677483896070903,0
1595997500.6701427,121.97110951936783,1.3677483896070903,0
1595997500.6801438,123.77132237947525,1.3677483896070903,0
1595997500.690126,125.56810201204361,1.3677483896070903,0
1595997500.7001252,127.36797154939713,1.3677483896070903,0
1595997500.7101257,129.16805566347185,1.3677483896070903,0
1595997500.7201383,130.9703284601027,1.3677483896070903,0
1595997500.730138,132.7702838281447,1.3677483896070903,0
1595997500.740141,134.5707970956618,1.3677483896070903,0
1595997500.7501404,136.37070954835954,1.3677483896070903,0
1595997500.7601278,138.16843331850114,1.3677483896070903,0
1595997500.7701325,139.96928990877214,1.3677483896070903,0
1595997500.7801285,141.76855863130632,1.3677483896070903,0
1595997500.7901378,143.57023061311784,1.3677483896070903,0
1595997500.800141,145.3708297113234,1.3677483896070903,0
1595997500.8101306,147.16893971956316,1.3677483896070903,0
1595997500.820134,148.96953881776872,1.3677483896070903,0
1595997500.8301415,150.77091039217058,1.3677483896070903,0
1595997500.8401399,152.57060826814714,1.3677483896070903,0
1595997500.8501258,154.3680745462233,1.3677483896070903,0
1595997500.860132,156.16918862855974,1.3677483896070903,0
1595997500.8701246,157.96785653627458,1.3677483896070903,0
1595997500.8801281,159.7684985498244,1.3677483896070903,0
1595997500.8901343,161.5696126321608,1.3677483896070903,0
1595997500.90013,163.36883843935075,1.3677483896070903,0
1595997500.9101362,165.16995252168718,1.3677483896070903,0
1595997500.9201422,166.97102368867937,1.3677483896070903,0
1595997500.9301417,168.77093614137712,1.3677483896070903,0
1595997500.9401329,170.56934655702653,1.3677483896070903,0
1595997500.9501235,172.36767114198747,1.3677483896070903,0
1595997500.960143,174.17118848360124,1.3677483896070903,0
1595997500.9701338,175.96951306856218,1.3677483896070903,0
1595997500.9801447,177.77148545778337,1.3677483896070903,0
1595997500.9901283,179.56852258241716,1.3677483896070903,0
1595997501.0001435,181.37126744783464,1.3677483896070903,0
1595997501.0101314,183.16907704866472,1.3677483896070903,0
1595997501.02014,184.97062028444353,1.3677483896070903,0
1595997501.030126,186.76812947786394,1.3677483896070903,0
1595997501.04014,188.570616851216,1.3677483896070903,0
1595997501.0501397,190.37057221925798,1.3677483896070903,0
1595997501.0601382,192.17031301057878,1.3677483896070903,0
1595997501.0701418,193.97095502412859,1.3677483896070903,0
1595997501.080132,195.76919377840105,1.3677483896070903,0
1595997501.0901408,197.5707799295241,1.3677483896070903,0
1595997501.1001282,199.3685036996657,1.3677483896070903,0
1595997501.1101336,201.1694890359694,1.3677483896070903,0
1595997501.1201367,202.97004521883073,1.3677483896070903,0
1595997501.130139,204.77047265565935,1.3677483896070903,0
1595997501.1401277,206.56841100252214,1.3677483896070903,0
1595997501.1501439,208.37132752931657,1.3677483896070903,0
1595997501.1601386,210.17038167512956,1.3677483896070903,0
1595997501.1701334,211.96943582094255,1.3677483896070903,0
1595997501.1801372,213.7701207498366,1.3677483896070903,0
1595997501.190124,215.56775868928972,1.3677483896070903,0
1595997501.2001433,217.37123311555925,1.3677483896070903,0
1595997501.2101436,219.17127431428972,1.3677483896070903,0
1595997501.220125,220.96792520082536,1.3677483896070903,0
1595997501.2301412,222.7708417276198,1.3677483896070903,0
1595997501.2401242,224.5677930215651,1.3677483896070903,0
1595997501.2501335,226.36946500337663,1.3677483896070903,0
1595997501.2601395,228.17053617036882,1.3677483896070903,0
1595997501.2701313,229.96907533205095,1.3677483896070903,0
1595997501.28014,231.77061856782976,1.3677483896070903,0
1595997501.2901306,233.5689431527907,1.3677483896070903,0
1595997501.300128,235.3684693673903,1.3677483896070903,0
1595997501.3101342,237.16958344972673,1.3677483896070903,0
1595997501.3201387,238.9703971246535,1.3677483896070903,0
1595997501.3301363,240.76996625459734,1.3677483896070903,0
1595997501.3401296,242.5687629083449,1.3677483896070903,0
1595997501.3501377,244.37022031343523,1.3677483896070903,0
1595997501.3601255,246.1680299142653,1.3677483896070903,0
1595997501.370125,247.96794236696306,1.3677483896070903,0
1595997501.3801298,249.76879895723405,1.3677483896070903,0
1595997501.3901424,251.5710717538649,1.3677483896070903,0
1595997501.4001226,253.36750806367937,1.3677483896070903,0
1595997501.410143,255.17115415132585,1.3677483896070903,0
1595997501.4201338,256.969521651631,1.3677483896070903,0
1595997501.4301288,258.7686187127882,1.3677483896070903,0
1595997501.440135,260.56973279512465,1.3677483896070903,0
1595997501.450127,262.3682719568068,1.3677483896070903,0
1595997501.4601297,264.16878522432387,1.3677483896070903,0
1595997501.4701347,265.9696847299391,1.3677483896070903,0
1595997501.4801424,267.77105630434096,1.3677483896070903,0
1595997501.4901311,269.569037566548,1.3677483896070903,0
1595997501.500142,271.3710099557692,1.3677483896070903,0
1595997501.5101335,273.16946328676283,1.3677483896070903,0
1595997501.5201342,274.9695903161818,1.3677483896070903,0
1595997501.5301433,276.77121938264906,1.3677483896070903,0
1595997501.5401232,278.5676127771193,1.3677483896070903,0
1595997501.5501406,280.3707438806349,1.3677483896070903,0
1595997501.5601332,282.16941178834975,1.3677483896070903,0
1595997501.5701354,283.9697963098341,1.3677483896070903,0
1595997501.5801353,285.76979459322035,1.3677483896070903,0
1595997501.5901313,287.56906331575453,1.3677483896070903,0
1595997501.6001248,289.36790288484633,1.3677483896070903,0
1595997501.6101236,291.16768659151137,1.3677483896070903,0
1595997501.620127,292.96828568971694,1.3677483896070903,0
1595997501.6301334,294.7694426873976,1.3677483896070903,0
1595997501.640129,296.56866849458754,1.3677483896070903,0
1595997501.6501381,298.3702975610548,1.3677483896070903,0
1595997501.6601393,300.17051042116225,1.3677483896070903,0
1595997501.6701367,301.97003663576186,1.3677483896070903,0
1595997501.680133,303.7693911889845,1.3677483896070903,0
1595997501.6901348,305.5696898797804,1.3677483896070903,0
1595997501.7001321,307.36921609438,1.3677483896070903,0
1595997501.710142,309.17097390688,1.3677483896070903,0
1595997501.7201383,310.9703284601027,1.3677483896070903,0
1595997501.7301235,312.76766599214614,1.3677483896070903,0
1595997501.740129,314.56865132844985,1.3677483896070903,0
1595997501.7501273,316.3683492044264,1.3677483896070903,0
1595997501.7601411,318.17083657777846,1.3677483896070903,0
1595997501.7701309,319.96898950136244,1.3677483896070903,0
1595997501.7801254,321.7680007318312,1.3677483896070903,0
1595997501.79014,323.57061685121596,1.3677483896070903,0
1595997501.8001366,325.37001431978285,1.3677483896070903,0
1595997501.810143,327.1711713174635,1.3677483896070903,0
1595997501.8201244,328.96782220399916,1.3677483896070903,0
1595997501.83014,330.7706529001051,1.3677483896070903,0
1595997501.8401303,332.5688916543776,1.3677483896070903,0
1595997501.8501356,334.36983407533705,1.3677483896070903,0
1595997501.8601418,336.1709481576735,1.3677483896070903,0
1595997501.8701353,337.9697877267653,1.3677483896070903,0
1595997501.8801374,339.77017224824965,1.3677483896070903,0
1595997501.890138,341.57025636232436,1.3677483896070903,0
1595997501.9001434,343.37124169862807,1.3677483896070903,0
1595997501.910131,345.1690083841139,1.3677483896070903,0
1595997501.9201274,346.96836293733656,1.3677483896070903,0
1595997501.9301405,348.7707215646559,1.3677483896070903,0
1595997501.9401245,350.56784451997817,1.3677483896070903,0
1595997501.9501228,352.36754239595473,1.3677483896070903,0
1595997501.9601264,354.16818440950453,1.3677483896070903,0
1595997501.970141,355.9708005288893,1.3677483896070903,0
1595997501.980132,357.7692109445387,1.3677483896070903,0
1595997501.9849675,358.6395770410353,1.3677483896070903,0
1595997501.9849675,359.59187311231057,2.3200444608823836,0
1595997501.987255,360,2.3200444608823836,1
1595997501.9901366,360.5223206907408,2.3200444608823836,0
1595997501.996324,361.6360597044127,2.3200444608823836,0
1595997501.996324,360.4908179113238,1.1748026677935122,0
1595997502.000126,361.17514599054743,1.1748026677935122,0
1595997502.000126,0,1.1748026677935122,0
1595997502.0052075,2.0895003148882387,1.1748026677935122,0
1595997502.0052075,0.6268500944664717,-0.2878475526282549,0
1595997502.0101264,1.5122365614464521,-0.2878475526282549,0
1595997502.0201378,3.31429478135612,-0.2878475526282549,0
1595997502.0301461,5.11579510179069,-0.2878475526282549,0
1595997502.0401301,6.912918057112956,-0.2878475526282549,0
1595997502.0501318,8.713216747908854,-0.2878475526282549,0
1595997502.060133,10.513429608016276,-0.2878475526282549,0
1595997502.0701406,12.314801182418131,-0.2878475526282549,0
1595997502.080138,14.11432739701774,-0.2878475526282549,0
1595997502.090133,15.913424458174967,-0.2878475526282549,0
1595997502.1001444,17.715482678084637,-0.2878475526282549,0
1595997502.1101406,19.514794315963055,-0.2878475526282549,0
1595997502.1201375,21.314234699874188,-0.2878475526282549,0
1595997502.1301348,23.113760914473797,-0.2878475526282549,0
1595997502.1401458,24.91573330369499,-0.2878475526282549,0
1595997502.1501384,26.714401211409832,-0.2878475526282549,0
1595997502.1601374,28.51422783341911,-0.2878475526282549,0
1595997502.1701357,30.313925709395672,-0.2878475526282549,0
1595997502.180127,32.11233612504508,-0.2878475526282549,0
1595997502.1901374,33.9142226835778,-0.2878475526282549,0
1595997502.200142,35.715036358504555,-0.2878475526282549,0
1595997502.2101398,37.51464840379264,-0.2878475526282549,0
1595997502.2201264,39.31224342790153,-0.2878475526282549,0
1595997502.2301362,41.11400124040153,-0.2878475526282549,0
1595997502.2401445,42.9155015608361,-0.2878475526282549,0
1595997502.2501268,44.712324108748696,-0.2878475526282549,0
1595997502.2601442,46.51545521226432,-0.2878475526282549,0
1595997502.2701268,48.31232067552116,-0.2878475526282549,0
1595997502.2801416,50.11497971025016,-0.2878475526282549,0
1595997502.2901464,51.91583630052116,-0.2878475526282549,0
1595997502.3001463,53.71583458390739,-0.2878475526282549,0
1595997502.310136,55.51398750749137,-0.2878475526282549,0
1595997502.3201375,57.31424328294303,-0.2878475526282549,0
1595997502.3301363,59.11402698960807,-0.2878475526282549,0
1595997502.3401423,60.91509815660026,-0.2878475526282549,0
1595997502.3501277,62.712478603987954,-0.2878475526282549,0
1595997502.3601348,64.51376434770134,-0.2878475526282549,0
1595997502.3701382,66.3143634459069,-0.2878475526282549,0
1595997502.3801277,68.11247345414665,-0.2878475526282549,0
1595997502.3901308,69.91302963700798,-0.2878475526282549,0
1595997502.4001353,71.71384331193474,-0.2878475526282549,0
1595997502.4101386,73.5144424101403,-0.2878475526282549,0
1595997502.4201345,75.31371113267448,-0.2878475526282549,0
1595997502.4301314,77.11315151658562,-0.2878475526282549,0
1595997502.4401312,78.91310688462761,-0.2878475526282549,0
1595997502.4501317,80.71319099870232,-0.2878475526282549,0
1595997502.4601269,82.51233097520378,-0.2878475526282549,0
1595997502.4701335,84.31353088822868,-0.2878475526282549,0
1595997502.4801347,86.1137437483361,-0.2878475526282549,0
1595997502.4901466,87.91588779893425,-0.2878475526282549,0
1595997502.5001256,89.71210953202751,-0.2878475526282549,0
1595997502.5101287,91.51266571488884,-0.2878475526282549,0
1595997502.5201323,93.31330772843864,-0.2878475526282549,0
1595997502.530142,95.11506554093864,-0.2878475526282549,0
1595997502.5401363,96.91403385606316,-0.2878475526282549,0
1595997502.5501387,98.71446129289177,-0.2878475526282549,0
1595997502.560146,100.51578995194939,-0.2878475526282549,0
1595997502.5701334,102.31351372209099,-0.2878475526282549,0
1595997502.5801275,104.11243912187126,-0.2878475526282549,0
1595997502.5901365,105.91406818833855,-0.2878475526282549,0
1595997502.600144,107.71539684739616,-0.2878475526282549,0
1595997502.6101322,109.51329227891472,-0.2878475526282549,0
1595997502.6201456,111.3156938215783,-0.2878475526282549,0
1595997502.6301434,113.11530586686638,-0.2878475526282549,0
1595997502.6401265,114.91225716081169,-0.2878475526282549,0
1595997502.6501353,116.71384331193474,-0.2878475526282549,0
1595997502.6601324,118.51332661119011,-0.2878475526282549,0
1595997502.6701448,120.31555649247673,-0.2878475526282549,0
1595997502.680134,122.11362358537224,-0.2878475526282549,0
1595997502.6901371,123.91417976823357,-0.2878475526282549,0
1595997502.7001374,125.71422096696404,-0.2878475526282549,0
1595997502.710139,127.51451965775993,-0.2878475526282549,0
1595997502.7201455,129.3156766554406,-0.2878475526282549,0
1595997502.730134,131.1136150023034,-0.2878475526282549,0
1595997502.7401254,132.91206833329704,-0.2878475526282549,0
1595997502.7501297,134.71283909287956,-0.2878475526282549,0
1595997502.7601438,136.51536938157585,-0.2878475526282549,0
1595997502.7701313,138.3131360670617,-0.2878475526282549,0
1595997502.7801433,140.11528011765984,-0.2878475526282549,0
1595997502.7901251,141.91201683488396,-0.2878475526282549,0
1595997502.800144,143.715405430465,-0.2878475526282549,0
1595997502.8101385,145.51441666093376,-0.2878475526282549,0
1595997502.8201387,147.31445785966423,-0.2878475526282549,0
1595997502.8301454,149.11565777268913,-0.2878475526282549,0
1595997502.8401291,150.91273781266716,-0.2878475526282549,0
1595997502.8501394,152.71458145585564,-0.2878475526282549,0
1595997502.86013,154.51290604081657,-0.2878475526282549,0
1595997502.870126,156.31217476335075,-0.2878475526282549,0
1595997502.8801355,158.11388966050652,-0.2878475526282549,0
1595997502.8901284,159.9126004835656,-0.2878475526282549,0
1595997502.900126,161.71216961350945,-0.2878475526282549,0
1595997502.9101417,163.5150003096154,-0.2878475526282549,0
1595997502.920138,165.31431194749382,-0.2878475526282549,0
1595997502.9301293,167.11276527848747,-0.2878475526282549,0
1595997502.940125,168.9119910856774,-0.2878475526282549,0
1595997502.9501412,170.71490761247185,-0.2878475526282549,0
1595997502.9601364,172.5140475889733,-0.2878475526282549,0
1595997502.9701362,174.3140029570153,-0.2878475526282549,0
1595997502.9801283,176.11258503404167,-0.2878475526282549,0
1595997502.990141,177.91485783067253,-0.2878475526282549,0
1595997503.0001273,179.71240993943718,-0.2878475526282549,0
1595997503.01013,181.51288029161003,-0.2878475526282549,0
1595997503.0201414,183.3149385115197,-0.2878475526282549,0
1595997503.030134,185.11360641923454,-0.2878475526282549,0
1595997503.0401454,186.9156646391442,-0.2878475526282549,0
1595997503.050128,188.71253010240105,-0.2878475526282549,0
1595997503.0601325,190.5133437773278,-0.2878475526282549,0
1595997503.0701458,192.31574531999138,-0.2878475526282549,0
1595997503.0801384,194.11441322770622,-0.2878475526282549,0
1595997503.090142,195.91505524125603,-0.2878475526282549,0
1595997503.100142,197.71505352464226,-0.2878475526282549,0
1595997503.1101382,199.51436516252068,-0.2878475526282549,0
1595997503.120141,201.31487843003777,-0.2878475526282549,0
1595997503.1301436,203.11534878221062,-0.2878475526282549,0
1595997503.1401255,204.91208549943474,-0.2878475526282549,0
1595997503.1501305,206.71298500504997,-0.2878475526282549,0
1595997503.160134,208.51362701859978,-0.2878475526282549,0
1595997503.170138,210.31431194749382,-0.2878475526282549,0
1595997503.180135,212.1137952467492,-0.2878475526282549,0
1595997503.1901395,213.91460892167595,-0.2878475526282549,0
1595997503.2001302,215.7129335066369,-0.2878475526282549,0
1595997503.2101343,217.51366135087517,-0.2878475526282549,0
1595997503.2201285,219.31262966599968,-0.2878475526282549,0
1595997503.230135,221.11378666368034,-0.2878475526282549,0
1595997503.2401383,222.9143857618859,-0.2878475526282549,0
1595997503.2501283,224.71258160081413,-0.2878475526282549,0
1595997503.2601306,226.51300903764275,-0.2878475526282549,0
1595997503.270136,228.31399437394646,-0.2878475526282549,0
1595997503.2801454,230.11566635575798,-0.2878475526282549,0
1595997503.290125,231.91197391953972,-0.2878475526282549,0
1595997503.3001454,233.71566292253044,-0.2878475526282549,0
1595997503.3101273,235.51239963975456,-0.2878475526282549,0
1595997503.3201246,237.31192585435417,-0.2878475526282549,0
1595997503.3301287,239.11265369859245,-0.2878475526282549,0
1595997503.3401272,240.91239448991325,-0.2878475526282549,0
1595997503.350138,242.7143239637902,-0.2878475526282549,0
1595997503.3601396,244.5146226545861,-0.2878475526282549,0
1595997503.370136,246.31397720780876,-0.2878475526282549,0
1595997503.380125,248.11200138536003,-0.2878475526282549,0
1595997503.3901434,249.9153041502526,-0.2878475526282549,0
1595997503.4001324,251.71332832780388,-0.2878475526282549,0
1595997503.4101374,253.5142278334191,-0.2878475526282549,0
1595997503.4201438,255.31538483109978,-0.2878475526282549,0
1595997503.430135,257.1137952467492,-0.2878475526282549,0
1595997503.4401407,258.91482349839714,-0.2878475526282549,0
1595997503.4501371,260.7141780516198,-0.2878475526282549,0
1595997503.4601345,262.5137042662194,-0.2878475526282549,0
1595997503.4701424,264.3151187559655,-0.2878475526282549,0
1595997503.4801452,266.1156320234826,-0.2878475526282549,0
1595997503.490131,267.9130553862145,-0.2878475526282549,0
1595997503.5001335,269.7135257383874,-0.2878475526282549,0
1595997503.510127,271.5123653074792,-0.2878475526282549,0
1595997503.5201452,273.3156251570275,-0.2878475526282549,0
1595997503.530143,275.1152372023156,-0.2878475526282549,0
1595997503.5401275,276.91244598832634,-0.2878475526282549,0
1595997503.5501246,278.7119292875817,-0.2878475526282549,0
1595997503.5601413,280.5149316450646,-0.2878475526282549,0
1595997503.5701401,282.31471535172966,-0.2878475526282549,0
1595997503.5801346,284.1137265821984,-0.2878475526282549,0
1595997503.5901432,285.9152698179772,-0.2878475526282549,0
1595997503.6001348,287.7137660643151,-0.2878475526282549,0
1595997503.6101394,289.51457973924187,-0.2878475526282549,0
1595997503.6201382,291.3143634459069,-0.2878475526282549,0
1595997503.630139,293.1145333906701,-0.2878475526282549,0
1595997503.6401324,294.91333004441765,-0.2878475526282549,0
1595997503.6501417,296.7150020262292,-0.2878475526282549,0
1595997503.6601398,298.5146569868615,-0.2878475526282549,0
1595997503.670139,300.314526524215,-0.2878475526282549,0
1595997503.6801405,302.1147822996667,-0.2878475526282549,0
1595997503.6901405,303.9147805830529,-0.2878475526282549,0
1595997503.7001424,305.71512218919304,-0.2878475526282549,0
1595997503.7101302,307.5129317900231,-0.2878475526282549,0
1595997503.7201364,309.31404587235954,-0.2878475526282549,0
1595997503.7301443,311.11546036210564,-0.2878475526282549,0
1595997503.7401254,312.91206833329704,-0.2878475526282549,0
1595997503.7501292,314.7127532621911,-0.2878475526282549,0
1595997503.7601368,316.51412483659294,-0.2878475526282549,0
1595997503.7701244,318.3118915220788,-0.2878475526282549,0
1595997503.7801256,320.1121043821862,-0.2878475526282549,0
1595997503.7901413,321.91493507829216,-0.2878475526282549,0
1595997503.8001359,323.7139463087609,-0.2878475526282549,0
1595997503.8101401,325.51471706834343,-0.2878475526282549,0
1595997503.8201451,327.31561657395866,-0.2878475526282549,0
1595997503.830135,329.1138124128869,-0.2878475526282549,0
1595997503.8401337,330.9135532042077,-0.2878475526282549,0
1595997503.850136,332.7139806410363,-0.2878475526282549,0
1595997503.8601394,334.51457973924187,-0.2878475526282549,0
1595997503.870137,336.3141488691857,-0.2878475526282549,0
1595997503.8801413,338.11491962876823,-0.2878475526282549,0
1595997503.8901415,339.9149608274987,-0.2878475526282549,0
1595997503.9001284,341.7125987669518,-0.2878475526282549,0
1595997503.910132,343.51324078050163,-0.2878475526282549,0
1595997503.920135,345.31379696336296,-0.2878475526282549,0
1595997503.9301326,347.1133660933068,-0.2878475526282549,0
1595997503.940139,348.9145230909875,-0.2878475526282549,0
1595997503.9501328,350.7134055754235,-0.2878475526282549,0
1595997503.960131,352.51306053605583,-0.2878475526282549,0
1595997503.9701364,354.31404587235954,-0.2878475526282549,0
1595997503.9801333,356.1134862562707,-0.2878475526282549,0
1595997503.9853125,357.04573627915886,-0.2878475526282549,0
1595997503.9853125,359.11372088374765,1.7801370519605433,0
1595997503.9901319,359.98121165218026,1.7801370519605433,0
1595997503.990243,360,1.7801370519605433,1
1595997504.0001452,361.78361319484384,1.7801370519605433,0
1595997504.0001452,0,1.7801370519605433,0
1595997504.0005748,1.857470502277926,1.7801370519605433,0
1595997504.0005748,0.5572411506833779,0.47990770036599506,0
1595997504.0101583,2.282266327685331,0.47990770036599506,0
1595997504.0201585,4.0823075264158,0.47990770036599506,0
1595997504.0301614,5.88282079393289,0.47990770036599506,0
1595997504.0401583,7.682261177844023,0.47990770036599506,0
1595997504.0501533,9.48135823900125,0.47990770036599506,0
1595997504.0601473,11.280283638781523,0.47990770036599506,0
1595997504.0701618,13.082899758166288,0.47990770036599506,0
1595997504.0801666,14.883756348437284,0.47990770036599506,0
1595997504.090152,16.68113679582498,0.47990770036599506,0
1595997504.1001618,18.48289460832498,0.47990770036599506,0
1595997504.1101608,20.282721230334257,0.47990770036599506,0
1595997504.1201484,22.080487915820097,0.47990770036599506,0
1595997504.1301482,23.88044328386209,0.47990770036599506,0
1595997504.1401646,25.68340272600076,0.47990770036599506,0
1595997504.1501553,27.4817273109617,0.47990770036599506,0
1595997504.1601505,29.280867287463163,0.47990770036599506,0
1595997504.1701496,31.08069390947244,0.47990770036599506,0
1595997504.1801534,32.88137883836648,0.47990770036599506,0
1595997504.1901572,34.68206376726052,0.47990770036599506,0
1595997504.2001467,36.48017377550027,0.47990770036599506,0
1595997504.2101512,38.28098745042703,0.47990770036599506,0
1595997504.2201517,40.081071564501734,0.47990770036599506,0
1595997504.2301488,41.880554863757105,0.47990770036599506,0
1595997504.240154,43.68149728471658,0.47990770036599506,0
1595997504.2501607,45.48269719774148,0.47990770036599506,0
1595997504.2601507,47.2808930366697,0.47990770036599506,0
1595997504.2701468,49.08020467454812,0.47990770036599506,0
1595997504.2801602,50.882606217211695,0.47990770036599506,0
1595997504.290163,52.683119484728785,0.47990770036599506,0
1595997504.300154,54.48148698503396,0.47990770036599506,0
1595997504.310165,56.28345937425515,0.47990770036599506,0
1595997504.3201528,58.08126897508523,0.47990770036599506,0
1595997504.3301623,59.88298387224099,0.47990770036599506,0
1595997504.340157,61.68203801805398,0.47990770036599506,0
1595997504.3501508,63.480920502490015,0.47990770036599506,0
1595997504.3601642,65.2833220451536,0.47990770036599506,0
1595997504.3701458,67.08001584703348,0.47990770036599506,0
1595997504.3801615,68.88284654313944,0.47990770036599506,0
1595997504.390154,70.68147153551004,0.47990770036599506,0
1595997504.4001477,72.48035401994608,0.47990770036599506,0
1595997504.4101632,74.2831418007078,0.47990770036599506,0
1595997504.420146,76.08005017930887,0.47990770036599506,0
1595997504.430158,77.88219422990701,0.47990770036599506,0
1595997504.440146,79.68004674608133,0.47990770036599506,0
1595997504.4501467,81.48017377550028,0.47990770036599506,0
1595997504.4601665,83.28373403245828,0.47990770036599506,0
1595997504.470151,85.08094281846903,0.47990770036599506,0
1595997504.4801614,86.88282937700174,0.47990770036599506,0
1595997504.49015,88.68076772386453,0.47990770036599506,0
1595997504.5001502,90.480808922595,0.47990770036599506,0
1595997504.5101476,92.28033513719461,0.47990770036599506,0
1595997504.5201497,94.08071965867899,0.47990770036599506,0
1595997504.53015,95.88076085740946,0.47990770036599506,0
1595997504.540153,97.68131704027078,0.47990770036599506,0
1595997504.5501587,99.48234529191873,0.47990770036599506,0
1595997504.5601575,101.28212899858377,0.47990770036599506,0
1595997504.5701604,103.08264226610086,0.47990770036599506,0
1595997504.5801642,104.8833271949949,0.47990770036599506,0
1595997504.590153,106.68130845720194,0.47990770036599506,0
1595997504.6001663,108.48370999986551,0.47990770036599506,0
1595997504.6101656,110.28357953721903,0.47990770036599506,0
1595997504.620152,112.08113164598367,0.47990770036599506,0
1595997504.6301494,113.88065786058328,0.47990770036599506,0
1595997504.640152,115.68112821275614,0.47990770036599506,0
1595997504.650145,117.47988195115946,0.47990770036599506,0
1595997504.6601481,119.28043813402078,0.47990770036599506,0
1595997504.6701634,121.08318299943826,0.47990770036599506,0
1595997504.6801665,122.88373918229959,0.47990770036599506,0
1595997504.6901472,124.68026132280252,0.47990770036599506,0
1595997504.7001607,126.48270578081033,0.47990770036599506,0
1595997504.7101514,128.28103036577127,0.47990770036599506,0
1595997504.720159,130.08240194017313,0.47990770036599506,0
1595997504.7301512,131.8809840171995,0.47990770036599506,0
1595997504.7401564,133.68192643815897,0.47990770036599506,0
1595997504.750156,135.48183889085672,0.47990770036599506,0
1595997504.7601485,137.28050679857157,0.47990770036599506,0
1595997504.7701616,139.0828654258909,0.47990770036599506,0
1595997504.7801545,140.88157624894998,0.47990770036599506,0
1595997504.79015,142.6807591407957,0.47990770036599506,0
1595997504.8001463,144.48011369401834,0.47990770036599506,0
1595997504.810147,146.2802407234373,0.47990770036599506,0
1595997504.8201585,148.08229894334696,0.47990770036599506,0
1595997504.83016,149.88255471879862,0.47990770036599506,0
1595997504.840154,151.6814801185789,0.47990770036599506,0
1595997504.8501484,153.48049134904764,0.47990770036599506,0
1595997504.860151,155.2809617012205,0.47990770036599506,0
1595997504.8701606,157.08267659837625,0.47990770036599506,0
1595997504.8801444,158.87975663835428,0.47990770036599506,0
1595997504.8901582,160.68224401170633,0.47990770036599506,0
1595997504.9001627,162.4830576866331,0.47990770036599506,0
1595997504.9101486,164.28052396470926,0.47990770036599506,0
1595997504.9201646,166.08339757615946,0.47990770036599506,0
1595997504.9301543,167.88155049974344,0.47990770036599506,0
1595997504.9401476,169.680347153491,0.47990770036599506,0
1595997504.950162,171.48292035753153,0.47990770036599506,0
1595997504.9601483,173.28047246629617,0.47990770036599506,0
1595997504.970154,175.08150071794412,0.47990770036599506,0
1595997504.980148,176.8804261177244,0.47990770036599506,0
1595997504.9901652,178.68351430589578,0.47990770036599506,0
1595997505.000153,180.48132390672586,0.47990770036599506,0
1595997505.0101461,182.28007764512918,0.47990770036599506,0
1595997505.020165,184.08346624071024,0.47990770036599506,0
1595997505.03016,185.88256330186746,0.47990770036599506,0
1595997505.0401475,187.6803299873533,0.47990770036599506,0
1595997505.0501578,189.48217363054178,0.47990770036599506,0
1595997505.0601563,191.28191442186258,0.47990770036599506,0
1595997505.0701592,193.08242768937967,0.47990770036599506,0
1595997505.0801566,194.88195390397928,0.47990770036599506,0
1595997505.0901632,196.68315381700418,0.47990770036599506,0
1595997505.1001475,198.4803196876707,0.47990770036599506,0
1595997505.1101563,200.28190583879373,0.47990770036599506,0
1595997505.1201541,202.08151788408182,0.47990770036599506,0
1595997505.130153,203.88130159074686,0.47990770036599506,0
1595997505.1401527,205.68125695878885,0.47990770036599506,0
1595997505.1501455,207.47996778184793,0.47990770036599506,0
1595997505.160152,209.2811247795286,0.47990770036599506,0
1595997505.1701655,211.0835692375364,0.47990770036599506,0
1595997505.180166,212.88365335161112,0.47990770036599506,0
1595997505.1901627,214.683050820178,0.47990770036599506,0
1595997505.200144,216.47970170671366,0.47990770036599506,0
1595997505.2101452,218.27991456682108,0.47990770036599506,0
1595997505.220144,220.07969827348612,0.47990770036599506,0
1595997505.2301486,221.88051194841287,0.47990770036599506,0
1595997505.24016,223.68257016832254,0.47990770036599506,0
1595997505.2501488,225.48055143052957,0.47990770036599506,0
1595997505.260147,227.28024930650614,0.47990770036599506,0
1595997505.270147,229.08024758989237,0.47990770036599506,0
1595997505.2801583,230.8822628944578,0.47990770036599506,0
1595997505.290163,232.6831194847288,0.47990770036599506,0
1595997505.3001592,234.4824311226072,0.47990770036599506,0
1595997505.3101463,236.28011197740457,0.47990770036599506,0
1595997505.320165,238.0834576576414,0.47990770036599506,0
1595997505.330159,239.88238305742166,0.47990770036599506,0
1595997505.3401632,241.68315381700418,0.47990770036599506,0
1595997505.350151,243.48096341783426,0.47990770036599506,0
1595997505.3601472,245.28027505571268,0.47990770036599506,0
1595997505.3701527,247.0812603920164,0.47990770036599506,0
1595997505.3801608,248.88271779710672,0.47990770036599506,0
1595997505.3901494,250.68065614396951,0.47990770036599506,0
1595997505.4001462,252.48009652788065,0.47990770036599506,0
1595997505.4101548,254.28163976365946,0.47990770036599506,0
1595997505.4201572,256.08206720048804,0.47990770036599506,0
1595997505.4301443,257.8797480552854,0.47990770036599506,0
1595997505.4401443,259.67974633867163,0.47990770036599506,0
1595997505.4501576,261.4821478813352,0.47990770036599506,0
1595997505.460163,263.2831332176389,0.47990770036599506,0
1595997505.4701576,265.08214444810767,0.47990770036599506,0
1595997505.4801638,266.8832585304441,0.47990770036599506,0
1595997505.4901578,268.68218393022437,0.47990770036599506,0
1595997505.5001643,270.48334092790503,0.47990770036599506,0
1595997505.5101542,272.28153676683326,0.47990770036599506,0
1595997505.5201457,274.0799900978269,0.47990770036599506,0
1595997505.5301652,275.8835074394407,0.47990770036599506,0
1595997505.540152,277.6811453788938,0.47990770036599506,0
1595997505.5501437,279.4796416252317,0.47990770036599506,0
1595997505.5601647,281.2834164589109,0.47990770036599506,0
1595997505.5701487,283.08053941423316,0.47990770036599506,0
1595997505.5801616,284.88285512620826,0.47990770036599506,0
1595997505.5901506,286.6808793037595,0.47990770036599506,0
1595997505.6001544,288.48156423265357,0.47990770036599506,0
1595997505.6101475,290.2803179710569,0.47990770036599506,0
1595997505.6201544,292.08156079942603,0.47990770036599506,0
1595997505.630157,293.8820311515989,0.47990770036599506,0
1595997505.6401443,295.6797549217405,0.47990770036599506,0
1595997505.6501527,297.48125524217505,0.47990770036599506,0
1595997505.6601505,299.28086728746314,0.47990770036599506,0
1595997505.6701565,301.0819384544553,0.47990770036599506,0
1595997505.6801481,302.8804347007932,0.47990770036599506,0
1595997505.690163,304.6830937355222,0.47990770036599506,0
1595997505.7001529,306.48128957445044,0.47990770036599506,0
1595997505.7101507,308.28090161973853,0.47990770036599506,0
1595997505.7201643,310.08334607774634,0.47990770036599506,0
1595997505.730147,311.8802115410032,0.47990770036599506,0
1595997505.7401445,313.679780670947,0.47990770036599506,0
1595997505.7501485,315.4805085151853,0.47990770036599506,0
1595997505.7601569,317.2820088356199,0.47990770036599506,0
1595997505.7701616,319.0828654258909,0.47990770036599506,0
1595997505.7801592,320.8824345558347,0.47990770036599506,0
1595997505.7901585,322.68230409318824,0.47990770036599506,0
1595997505.8001466,324.48015660936255,0.47990770036599506,0
1595997505.810154,326.28148526842017,0.47990770036599506,0
1595997505.8201554,328.08174104387183,0.47990770036599506,0
1595997505.8301437,329.8796364753904,0.47990770036599506,0
1595997505.8401442,331.6797205894651,0.47990770036599506,0
1595997505.8501506,333.48087758714576,0.47990770036599506,0
1595997505.8601475,335.2803179710569,0.47990770036599506,0
1595997505.8701482,337.08044500047583,0.47990770036599506,0
1595997505.8801444,338.87975663835425,0.47990770036599506,0
1595997505.8901622,340.68297357255835,0.47990770036599506,0
1595997505.9001613,342.48280019456763,0.47990770036599506,0
1595997505.9101593,344.28245515519995,0.47990770036599506,0
1595997505.920154,346.08150930101294,0.47990770036599506,0
1595997505.930146,347.8800484626951,0.47990770036599506,0
1595997505.9401636,349.68322248155494,0.47990770036599506,0
1595997505.9501643,351.4833495109739,0.47990770036599506,0
1595997505.960156,353.28184575731177,0.47990770036599506,0
1595997505.9701512,355.08098573381324,0.47990770036599506,0
1595997505.980158,356.8822285621824,0.47990770036599506,0
1595997505.9844358,357.6522156685056,0.47990770036599506,0
1595997505.9844358,359.2956647005517,2.123356732412062,0
1595997505.9883695,360,2.123356732412062,1
1595997505.9901555,360.32520380882806,2.123356732412062,0
1595997505.9982953,361.7903765764672,2.123356732412062,0
1595997505.9982953,360.5371129729402,0.8700931288850049,0
1595997506.0001578,360.87236764212963,0.8700931288850049,0
1595997506.0001578,0,0.8700931288850049,0
1595997506.000933,1.0096109130036572,0.8700931288850049,0
1595997506.000933,0.30288327390109726,0.16336548978244492,0
1595997506.0101745,1.9663678472653552,0.16336548978244492,0
1595997506.020158,3.7634049718991442,0.16336548978244492,0
1595997506.030178,5.56700814420139,0.16336548978244492,0
1595997506.0401628,7.36425984555637,0.16336548978244492,0
1595997506.050169,9.165373927892796,0.16336548978244492,0
1595997506.0601618,10.964084750951878,0.16336548978244492,0
1595997506.0701647,12.764598018468968,0.16336548978244492,0
1595997506.080165,14.564639217199437,0.16336548978244492,0
1595997506.090177,16.36682618314182,0.16336548978244492,0
1595997506.1001694,18.165451175512427,0.16336548978244492,0
1595997506.1101723,19.965964443029517,0.16336548978244492,0
1595997506.1201634,21.76437485867893,0.16336548978244492,0
1595997506.1301627,23.564244396032446,0.16336548978244492,0
1595997506.1401606,25.363856441320532,0.16336548978244492,0
1595997506.1501768,27.166772968114966,0.16336548978244492,0
1595997506.1601646,28.964582568945044,0.16336548978244492,0
1595997506.1701698,30.765524989904517,0.16336548978244492,0
1595997506.180172,32.56590951138889,0.16336548978244492,0
1595997506.190179,34.36719525510227,0.16336548978244492,0
1595997506.2001693,36.16543400937473,0.16336548978244492,0
1595997506.2101645,37.96457398587619,0.16336548978244492,0
1595997506.2201624,39.76418603116428,0.16336548978244492,0
1595997506.2301586,41.5634976690427,0.16336548978244492,0
1595997506.2401786,43.36710084134494,0.16336548978244492,0
1595997506.2501745,45.16636956387912,0.16336548978244492,0
1595997506.2601745,46.96636784726535,0.16336548978244492,0
1595997506.2701764,48.76670945340549,0.16336548978244492,0
1595997506.2801776,50.56692231351291,0.16336548978244492,0
1595997506.2901595,52.36365903073703,0.16336548978244492,0
1595997506.3001697,54.16550267392551,0.16336548978244492,0
1595997506.3101637,55.96442807370578,0.16336548978244492,0
1595997506.32016,57.7637397115842,0.16336548978244492,0
1595997506.3301647,59.5645963018552,0.16336548978244492,0
1595997506.3401675,61.36510956937229,0.16336548978244492,0
1595997506.3501616,63.16403496915256,0.16336548978244492,0
1595997506.360177,64.96682274991429,0.16336548978244492,0
1595997506.3701715,66.76583398038304,0.16336548978244492,0
1595997506.3801768,68.56677640134251,0.16336548978244492,0
1595997506.3901777,70.36694634610569,0.16336548978244492,0
1595997506.40016,72.16376889401829,0.16336548978244492,0
1595997506.4101784,73.96707165891087,0.16336548978244492,0
1595997506.4201653,75.76470959836399,0.16336548978244492,0
1595997506.430173,77.56608117276585,0.16336548978244492,0
1595997506.4401782,79.36702359372532,0.16336548978244492,0
1595997506.4501772,81.1668502157346,0.16336548978244492,0
1595997506.4601777,82.9669343298093,0.16336548978244492,0
1595997506.4701667,84.76495850736057,0.16336548978244492,0
1595997506.4801607,86.56388390714085,0.16336548978244492,0
1595997506.4901717,88.36585629636204,0.16336548978244492,0
1595997506.5001695,90.16546834165013,0.16336548978244492,0
1595997506.510164,91.96447957211888,0.16336548978244492,0
1595997506.520159,93.7635766332761,0.16336548978244492,0
1595997506.530159,95.56357491666233,0.16336548978244492,0
1595997506.5401623,97.3641740148679,0.16336548978244492,0
1595997506.5501735,99.16618931943333,0.16336548978244492,0
1595997506.5601723,100.96597302609837,0.16336548978244492,0
1595997506.5701678,102.76515591794407,0.16336548978244492,0
1595997506.580175,104.56644166165745,0.16336548978244492,0
1595997506.5901787,106.36712659055149,0.16336548978244492,0
1595997506.6001627,108.16424954587376,0.16336548978244492,0
1595997506.6101644,109.96454823666966,0.16336548978244492,0
1595997506.620175,111.76643479520237,0.16336548978244492,0
1595997506.630172,113.56591809445774,0.16336548978244492,0
1595997506.6401596,115.36368477994358,0.16336548978244492,0
1595997506.6501718,117.16587174588597,0.16336548978244492,0
1595997506.660166,118.96484006101048,0.16336548978244492,0
1595997506.670166,120.76483834439671,0.16336548978244492,0
1595997506.6801636,122.56440747434056,0.16336548978244492,0
1595997506.6901643,124.3645345037595,0.16336548978244492,0
1595997506.7001638,126.16444695645725,0.16336548978244492,0
1595997506.71017,127.96556103879368,0.16336548978244492,0
1595997506.7201643,129.7645293539182,0.16336548978244492,0
1595997506.7301579,131.56336892301,0.16336548978244492,0
1595997506.7401772,133.36684334927952,0.16336548978244492,0
1595997506.7501695,135.16546834165013,0.16336548978244492,0
1595997506.7601666,136.9649516409055,0.16336548978244492,0
1595997506.7701597,138.76370537930882,0.16336548978244492,0
1595997506.7801778,140.56696522885716,0.16336548978244492,0
1595997506.7901666,142.3649464910642,0.16336548978244492,0
1595997506.80016,144.16374314481175,0.16336548978244492,0
1595997506.810178,145.9670029943601,0.16336548978244492,0
1595997506.8201718,147.76588547879612,0.16336548978244492,0
1595997506.8301694,149.56545460873997,0.16336548978244492,0
1595997506.8401632,151.364337093176,0.16336548978244492,0
1595997506.8501682,153.16523659879124,0.16336548978244492,0
1595997506.8601716,154.9658356969968,0.16336548978244492,0
1595997506.8701725,156.76600564176,0.16336548978244492,0
1595997506.8801584,158.56347191983616,0.16336548978244492,0
1595997506.8901603,160.3638135259763,0.16336548978244492,0
1595997506.9001744,162.1663438146726,0.16336548978244492,0
1595997506.9101672,163.96505463773167,0.16336548978244492,0
1595997506.920158,165.7633792226926,0.16336548978244492,0
1595997506.9301724,167.56599534207737,0.16336548978244492,0
1595997506.9401593,169.3636332815305,0.16336548978244492,0
1595997506.9501584,171.16345990353977,0.16336548978244492,0
1595997506.9601629,172.96427357846653,0.16336548978244492,0
1595997506.9701645,174.76457226926243,0.16336548978244492,0
1595997506.9801571,176.56324017697727,0.16336548978244492,0
1595997506.9901705,178.36564171964085,0.16336548978244492,0
1595997507.0001624,180.16418088132298,0.16336548978244492,0
1595997507.010166,181.96482289487278,0.16336548978244492,0
1595997507.0201752,183.7664948766843,0.16336548978244492,0
1595997507.030177,185.56683648282444,0.16336548978244492,0
1595997507.0401669,187.36498940640843,0.16336548978244492,0
1595997507.0501776,189.16691888028538,0.16336548978244492,0
1595997507.060158,190.96339810544407,0.16336548978244492,0
1595997507.0701709,192.76571381741917,0.16336548978244492,0
1595997507.0801625,194.56421006375706,0.16336548978244492,0
1595997507.0901628,196.36425126248753,0.16336548978244492,0
1595997507.1001582,198.16343415433323,0.16336548978244492,0
1595997507.1101737,199.96622193509495,0.16336548978244492,0
1595997507.1201704,201.76561940366184,0.16336548978244492,0
1595997507.1301775,203.56690514737522,0.16336548978244492,0
1595997507.1401587,205.36351311856663,0.16336548978244492,0
1595997507.1501637,207.16441262418186,0.16336548978244492,0
1595997507.1601777,208.96694291287815,0.16336548978244492,0
1595997507.170168,210.7651816671506,0.16336548978244492,0
1595997507.180168,212.56517995053684,0.16336548978244492,0
1595997507.1901739,214.36625111752903,0.16336548978244492,0
1595997507.2001657,216.16479027921116,0.16336548978244492,0
1595997507.2101593,217.96362984830296,0.16336548978244492,0
1595997507.2201762,219.7666751211301,0.16336548978244492,0
1595997507.2301643,221.56452763730442,0.16336548978244492,0
1595997507.240173,223.36611378842747,0.16336548978244492,0
1595997507.2501674,225.16508210355198,0.16336548978244492,0
1595997507.2601693,226.96542370969212,0.16336548978244492,0
1595997507.2701771,228.7668381994382,0.16336548978244492,0
1595997507.2801602,230.56378949338352,0.16336548978244492,0
1595997507.2901604,232.363830692114,0.16336548978244492,0
1595997507.3001769,234.16679013425266,0.16336548978244492,0
1595997507.3101683,235.96524346524632,0.16336548978244492,0
1595997507.3201683,237.76524174863255,0.16336548978244492,0
1595997507.3301692,239.56541169339573,0.16336548978244492,0
1595997507.3401766,241.36674035245335,0.16336548978244492,0
1595997507.3501678,243.16515076810276,0.16336548978244492,0
1595997507.3601758,244.9666081731931,0.16336548978244492,0
1595997507.3701634,246.76437485867893,0.16336548978244492,0
1595997507.3801744,248.56634724790013,0.16336548978244492,0
1595997507.390176,250.36664593869602,0.16336548978244492,0
1595997507.4001703,252.16561425382054,0.16336548978244492,0
1595997507.4101691,253.96539796048557,0.16336548978244492,0
1595997507.42016,255.76376546079075,0.16336548978244492,0
1595997507.4301586,257.56350625211155,0.16336548978244492,0
1595997507.4401643,259.3645345037595,0.16336548978244492,0
1595997507.45017,261.16556275540745,0.16336548978244492,0
1595997507.460169,262.9653893774167,0.16336548978244492,0
1595997507.4701607,264.7638856237546,0.16336548978244492,0
1595997507.4801657,266.56478512936985,0.16336548978244492,0
1595997507.4901776,268.366929179968,0.16336548978244492,0
1595997507.500174,270.16628373319065,0.16336548978244492,0
1595997507.5101745,271.96636784726536,0.16336548978244492,0
1595997507.520174,273.7662802999631,0.16336548978244492,0
1595997507.530163,275.5643044775144,0.16336548978244492,0
1595997507.540175,277.3664485281125,0.16336548978244492,0
1595997507.5501754,279.16653264218724,0.16336548978244492,0
1595997507.5601704,280.96562970334446,0.16336548978244492,0
1595997507.5701702,282.76558507138645,0.16336548978244492,0
1595997507.5801685,284.565282947363,0.16336548978244492,0
1595997507.5901678,286.36515248471653,0.16336548978244492,0
1595997507.6001663,288.16489327603733,0.16336548978244492,0
1595997507.610168,289.96519196683323,0.16336548978244492,0
1595997507.6201675,291.765104419531,0.16336548978244492,0
1595997507.6301696,293.56548894101536,0.16336548978244492,0
1595997507.640175,295.36647427731907,0.16336548978244492,0
1595997507.650167,297.1650134390012,0.16336548978244492,0
1595997507.660175,298.96647084409153,0.16336548978244492,0
1595997507.670165,300.76466668301975,0.16336548978244492,0
1595997507.6801577,302.5633345907346,0.16336548978244492,0
1595997507.6901648,304.364620334448,0.16336548978244492,0
1595997507.7001662,306.16487610989964,0.16336548978244492,0
1595997507.7101743,307.96633351498997,0.16336548978244492,0
1595997507.7201633,309.76435769254124,0.16336548978244492,0
1595997507.7301676,311.56512845212376,0.16336548978244492,0
1595997507.7401643,313.36452592069065,0.16336548978244492,0
1595997507.750169,315.16538251096165,0.16336548978244492,0
1595997507.7601695,316.96546662503636,0.16336548978244492,0
1595997507.77016,318.76374829465306,0.16336548978244492,0
1595997507.7801602,320.5637894933835,0.16336548978244492,0
1595997507.790157,322.36322987729466,0.16336548978244492,0
1595997507.8001726,324.1660176580564,0.16336548978244492,0
1595997507.8101676,325.9651147192136,0.16336548978244492,0
1595997507.8201644,327.76455510312474,0.16336548978244492,0
1595997507.8301764,329.5666991537229,0.16336548978244492,0
1595997507.8401642,331.36450875455296,0.16336548978244492,0
1595997507.8501573,333.1632624929563,0.16336548978244492,0
1595997507.8601623,334.9641619985715,0.16336548978244492,0
1595997507.8701606,336.7638598745481,0.16336548978244492,0
1595997507.8801742,338.5663043325559,0.16336548978244492,0
1595997507.8901684,340.3652726476804,0.16336548978244492,0
1595997507.9001713,342.1657859151975,0.16336548978244492,0
1595997507.9101756,343.96655667478,0.16336548978244492,0
1595997507.9201767,345.76676953488743,0.16336548978244492,0
1595997507.930165,347.564664966406,0.16336548978244492,0
1595997507.940173,349.3660794561521,0.16336548978244492,0
1595997507.9501681,351.16521943265354,0.16336548978244492,0
1595997507.9601755,352.96654809171116,0.16336548978244492,0
1595997507.970171,354.76573098355686,0.16336548978244492,0
1595997507.980168,356.56521428281224,0.16336548978244492,0
1595997507.9860673,357.6270686453,0.16336548978244492,0
1595997507.9860673,359.28812059359,1.8244174380724254,0
1595997507.9900322,360,1.8244174380724254,1
1595997507.9901793,360.02828153566765,1.8244174380724254,0
1595997507.999925,361.78248914675163,1.8244174380724254,0
1595997507.999925,360.5347467440255,0.5766750353462848,0
1595997508.00017,360.57886371790244,0.5766750353462848,0
1595997508.00017,0,0.5766750353462848,0
1595997508.0101879,2.3798919695503864,0.5766750353462848,0
1595997508.0201902,4.180319406379,0.5766750353462848,0
1595997508.0301704,5.976755716193453,0.5766750353462848,0
1595997508.0401833,7.7790714281685505,0.5766750353462848,0
1595997508.0501816,9.578769304145112,0.5766750353462848,0
1595997508.060187,11.379754640448823,0.5766750353462848,0
1595997508.0701723,13.17709217249228,0.5766750353462848,0
1595997508.0801861,14.97957954584433,0.5766750353462848,0
1595997508.0901892,16.78013572870566,0.5766750353462848,0
1595997508.1001902,18.580305673468843,0.5766750353462848,0
1595997508.1101882,20.379960634101167,0.5766750353462848,0
1595997508.1201742,22.17742691217734,0.5766750353462848,0
1595997508.1301708,23.976824380744233,0.5766750353462848,0
1595997508.1401753,25.77763805567099,0.5766750353462848,0
1595997508.1501887,27.580039598334565,0.5766750353462848,0
1595997508.1601758,29.37772045313193,0.5766750353462848,0
1595997508.170175,31.177589990485444,0.5766750353462848,0
1595997508.1801808,32.97861824213339,0.5766750353462848,0
1595997508.1901863,34.779603578437104,0.5766750353462848,0
1595997508.2001698,36.57664070307089,0.5766750353462848,0
1595997508.2101746,38.37749729334189,0.5766750353462848,0
1595997508.2201831,40.1790405291207,0.5766750353462848,0
1595997508.2301848,41.9793392199166,0.5766750353462848,0
1595997508.2401702,43.77671966730429,0.5766750353462848,0
1595997508.250186,45.57955036341025,0.5766750353462848,0
1595997508.2601862,47.37959156214072,0.5766750353462848,0
1595997508.2701867,49.179675676215425,0.5766750353462848,0
1595997508.280171,50.97684154688193,0.5766750353462848,0
1595997508.2901716,52.776968576300874,0.5766750353462848,0
1595997508.3001702,54.576709367621675,0.5766750353462848,0
1595997508.310182,56.37885341821982,0.5766750353462848,0
1595997508.320191,58.180439569342866,0.5766750353462848,0
1595997508.3301868,59.979708291877046,0.5766750353462848,0
1595997508.3401725,61.77713165460898,0.5766750353462848,0
1595997508.3501725,63.57712993799521,0.5766750353462848,0
1595997508.360175,65.37755737482382,0.5766750353462848,0
1595997508.370185,67.17935810266806,0.5766750353462848,0
1595997508.3801708,68.97682438074423,0.5766750353462848,0
1595997508.3901706,70.77677974878623,0.5766750353462848,0
1595997508.4001794,72.57836589990927,0.5766750353462848,0
1595997508.41019,74.38029537378623,0.5766750353462848,0
1595997508.420177,76.17793331323935,0.5766750353462848,0
1595997508.430183,77.97900448023154,0.5766750353462848,0
1595997508.4401698,79.77664241968466,0.5766750353462848,0
1595997508.4501784,81.57818565546347,0.5766750353462848,0
1595997508.4601777,83.37805519281699,0.5766750353462848,0
1595997508.4701781,85.1781393068917,0.5766750353462848,0
1595997508.480185,86.97938213526083,0.5766750353462848,0
1595997508.4901743,88.77744922815634,0.5766750353462848,0
1595997508.5001767,90.57787666498496,0.5766750353462848,0
1595997508.5101814,92.37873325525595,0.5766750353462848,0
1595997508.520172,94.17705784021689,0.5766750353462848,0
1595997508.5301747,95.97752819238974,0.5766750353462848,0
1595997508.5401773,97.77799854456259,0.5766750353462848,0
1595997508.5501735,99.57731018244101,0.5766750353462848,0
1595997508.5601861,101.37958297907187,0.5766750353462848,0
1595997508.570186,103.17953834711386,0.5766750353462848,0
1595997508.5801723,104.97709045587851,0.5766750353462848,0
1595997508.5901842,106.77923450647666,0.5766750353462848,0
1595997508.6001856,108.57949028192832,0.5766750353462848,0
1595997508.6101701,110.37669906793906,0.5766750353462848,0
1595997508.620176,112.17777023493124,0.5766750353462848,0
1595997508.6301696,113.97660980402304,0.5766750353462848,0
1595997508.64017,115.77669391809775,0.5766750353462848,0
1595997508.6501765,117.57785091577841,0.5766750353462848,0
1595997508.6601815,119.37875042139365,0.5766750353462848,0
1595997508.670188,121.17990741907431,0.5766750353462848,0
1595997508.6801815,122.97874698816611,0.5766750353462848,0
1595997508.6901753,124.77762947260214,0.5766750353462848,0
1595997508.7001874,126.57981643854453,0.5766750353462848,0
1595997508.7101884,128.3799863833077,0.5766750353462848,0
1595997508.7201695,130.17659435449912,0.5766750353462848,0
1595997508.7301862,131.97959671198203,0.5766750353462848,0
1595997508.7401707,133.77680549799277,0.5766750353462848,0
1595997508.7501793,135.57834873377158,0.5766750353462848,0
1595997508.7601714,137.37693081079794,0.5766750353462848,0
1595997508.77019,139.18027649103476,0.5766750353462848,0
1595997508.7801778,140.97808609186484,0.5766750353462848,0
1595997508.790175,142.7775693911202,0.5766750353462848,0
1595997508.8001869,144.57971344171835,0.5766750353462848,0
1595997508.8101895,146.3801837938912,0.5766750353462848,0
1595997508.8201816,148.17876587091757,0.5766750353462848,0
1595997508.8301878,149.979879953254,0.5766750353462848,0
1595997508.8401728,151.77717456995322,0.5766750353462848,0
1595997508.850188,153.5799194353707,0.5766750353462848,0
1595997508.860184,155.37918815790488,0.5766750353462848,0
1595997508.8701804,157.17854271112753,0.5766750353462848,0
1595997508.880182,158.97884140192343,0.5766750353462848,0
1595997508.8901784,160.7781959551461,0.5766750353462848,0
1595997508.9001741,162.57742176233603,0.5766750353462848,0
1595997508.9101875,164.3798233049996,0.5766750353462848,0
1595997508.9201882,166.17995033441855,0.5766750353462848,0
1595997508.9301777,167.9780603426583,0.5766750353462848,0
1595997508.9401705,169.77677116571738,0.5766750353462848,0
1595997508.9501836,171.5791297930367,0.5766750353462848,0
1595997508.9601817,173.37878475366904,0.5766750353462848,0
1595997508.970169,175.17650852381064,0.5766750353462848,0
1595997508.9801843,176.97925338922812,0.5766750353462848,0
1595997508.9901729,178.7771917360909,0.5766750353462848,0
1595997509.0001814,180.57873497186972,0.5766750353462848,0
1595997509.0101757,182.37770328699423,0.5766750353462848,0
1595997509.0201766,184.17787323175742,0.5766750353462848,0
1595997509.0301726,185.9771419542916,0.5766750353462848,0
1595997509.0401788,187.77825603662802,0.5766750353462848,0
1595997509.0501747,189.5775247591622,0.5766750353462848,0
1595997509.0601852,191.37941131769492,0.5766750353462848,0
1595997509.070188,193.179924585212,0.5766750353462848,0
1595997509.0801837,194.97915039240195,0.5766750353462848,0
1595997509.090173,196.77721748529746,0.5766750353462848,0
1595997509.1001883,198.57996235071494,0.5766750353462848,0
1595997509.1101866,200.3796602266915,0.5766750353462848,0
1595997509.12019,202.18025932489707,0.5766750353462848,0
1595997509.1301699,203.97665271936728,0.5766750353462848,0
1595997509.1401849,205.77935466944052,0.5766750353462848,0
1595997509.1501842,207.57922420679404,0.5766750353462848,0
1595997509.1601899,209.380252458442,0.5766750353462848,0
1595997509.1701732,211.17724666773154,0.5766750353462848,0
1595997509.180179,212.97831783472373,0.5766750353462848,0
1595997509.1901875,214.7798181551583,0.5766750353462848,0
1595997509.200189,216.5801168459542,0.5766750353462848,0
1595997509.210183,218.37899933039023,0.5766750353462848,0
1595997509.2201784,220.17818222223593,0.5766750353462848,0
1595997509.2301776,221.97805175958945,0.5766750353462848,0
1595997509.2401876,223.7798524874337,0.5766750353462848,0
1595997509.2501786,225.57821998773886,0.5766750353462848,0
1595997509.2601874,227.3798061388619,0.5766750353462848,0
1595997509.2701747,229.1775299090035,0.5766750353462848,0
1595997509.2801723,230.97709903894736,0.5766750353462848,0
1595997509.2901704,232.77675399957968,0.5766750353462848,0
1595997509.3001778,234.5780826586373,0.5766750353462848,0
1595997509.3101742,236.37743721185996,0.5766750353462848,0
1595997509.320178,238.178122140754,0.5766750353462848,0
1595997509.3301897,239.9802232760079,0.5766750353462848,0
1595997509.3401785,241.77820453821494,0.5766750353462848,0
1595997509.3501742,243.57743034540488,0.5766750353462848,0
1595997509.3601768,245.37790069757773,0.5766750353462848,0
1595997509.370169,247.1764827746041,0.5766750353462848,0
1595997509.3801692,248.97652397333457,0.5766750353462848,0
1595997509.3901696,250.77660808740927,0.5766750353462848,0
1595997509.400174,252.5773788469918,0.5766750353462848,0
1595997509.410187,254.37973747431113,0.5766750353462848,0
1595997509.420177,256.17793331323935,0.5766750353462848,0
1595997509.4301894,257.98016319452597,0.5766750353462848,0
1595997509.4401848,259.7793460863717,0.5766750353462848,0
1595997509.4501731,261.57724151789023,0.5766750353462848,0
1595997509.4601798,263.37844143091513,0.5766750353462848,0
1595997509.4701874,265.179813005317,0.5766750353462848,0
1595997509.4801865,266.97963962732626,0.5766750353462848,0
1595997509.4901881,268.77993831812216,0.5766750353462848,0
1595997509.5001771,270.57796249567343,0.5766750353462848,0
1595997509.5101752,272.37761745630576,0.5766750353462848,0
1595997509.5201848,274.1793323534615,0.5766750353462848,0
1595997509.5301898,275.98023185907675,0.5766750353462848,0
1595997509.54017,277.7766681688912,0.5766750353462848,0
1595997509.5501847,279.5793272036202,0.5766750353462848,0
1595997509.5601788,281.3782526034005,0.5766750353462848,0
1595997509.570176,283.17773590265585,0.5766750353462848,0
1595997509.580178,284.97812042414023,0.5766750353462848,0
1595997509.5901794,286.7783761995919,0.5766750353462848,0
1595997509.6001823,288.578889467109,0.5766750353462848,0
1595997509.6101887,290.38004646478964,0.5766750353462848,0
1595997509.6201725,292.17712650476767,0.5766750353462848,0
1595997509.6301873,293.9797855394967,0.5766750353462848,0
1595997509.6401772,295.7779813784249,0.5766750353462848,0
1595997509.650186,297.57956752954794,0.5766750353462848,0
1595997509.6601892,299.3801237124093,0.5766750353462848,0
1595997509.670169,301.1765171068795,0.5766750353462848,0
1595997509.6801739,302.9773736971505,0.5766750353462848,0
1595997509.690184,304.77921734033896,0.5766750353462848,0
1595997509.7001688,306.57646904169394,0.5766750353462848,0
1595997509.7101789,308.3782697695382,0.5766750353462848,0
1595997509.720169,310.17650852381064,0.5766750353462848,0
1595997509.7301753,311.97762260614707,0.5766750353462848,0
1595997509.7401736,313.7773204821236,0.5766750353462848,0
1595997509.7501767,315.57787666498496,0.5766750353462848,0
1595997509.7601857,317.37950573145224,0.5766750353462848,0
1595997509.7701771,319.1779590624459,0.5766750353462848,0
1595997509.7801743,320.97744236170126,0.5766750353462848,0
1595997509.7901895,322.78018722711874,0.5766750353462848,0
1595997509.8001797,324.5784259813912,0.5766750353462848,0
1595997509.810179,326.3782955187447,0.5766750353462848,0
1595997509.8201857,328.1794954317696,0.5766750353462848,0
1595997509.8301752,329.97760544000937,0.5766750353462848,0
1595997509.8401732,331.7772604006417,0.5766750353462848,0
1595997509.8501837,333.5791469591744,0.5766750353462848,0
1595997509.8601828,335.3789735811837,0.5766750353462848,0
1595997509.87018,337.17845688043906,0.5766750353462848,0
1595997509.8801808,338.97862682520224,0.5766750353462848,0
1595997509.8901875,340.77982673822714,0.5766750353462848,0
1595997509.9001896,342.5802112597115,0.5766750353462848,0
1595997509.9101875,344.3798233049996,0.5766750353462848,0
1595997509.9201784,346.1781908053048,0.5766750353462848,0
1595997509.9301789,347.9782749193795,0.5766750353462848,0
1595997509.9401715,349.77694282709433,0.5766750353462848,0
1595997509.9501836,351.5791297930367,0.5766750353462848,0
1595997509.960189,353.3801151293404,0.5766750353462848,0
1595997509.9701757,355.1777101534493,0.5766750353462848,0
1595997509.9801884,356.97998295008017,0.5766750353462848,0
1595997509.9850333,357.8520656603463,0.5766750353462848,0
1595997509.9850333,359.3556196981039,2.0802290731038857,0
1595997509.9886322,360,2.0802290731038857,1
1595997509.9901745,360.2810461812582,2.0802290731038857,0
1595997510.0001526,362.0770962529745,2.0802290731038857,0
1595997510.0001526,360.62312887589235,0.6262616960217264,0
1595997510.0002358,360.6381063310315,0.6262616960217264,0
1595997510.0002358,0,0.6262616960217264,0
1595997510.010256,2.429907783668211,0.6262616960217264,0
1595997510.0202518,4.229133590858153,0.6262616960217264,0
1595997510.0302556,6.029818519752196,0.6262616960217264,0
1595997510.040258,7.830245956580809,0.6262616960217264,0
1595997510.0502443,9.627798065345457,0.6262616960217264,0
1595997510.0602505,11.428912147681883,0.6262616960217264,0
1595997510.070254,13.229554161231688,0.6262616960217264,0
1595997510.0802507,15.028951629798582,0.6262616960217264,0
1595997510.0902524,16.82925032059448,0.6262616960217264,0
1595997510.100238,18.626673683326413,0.6262616960217264,0
1595997510.1102505,20.428903564613034,0.6262616960217264,0
1595997510.1202555,22.229803070228268,0.6262616960217264,0
1595997510.1302555,24.0298013536145,0.6262616960217264,0
1595997510.1402397,25.826967224281002,0.6262616960217264,0
1595997510.1502533,27.629411682288815,0.6262616960217264,0
1595997510.1602411,29.427221283118893,0.6262616960217264,0
1595997510.1702576,31.230180725257565,0.6262616960217264,0
1595997510.180246,33.02811907212036,0.6262616960217264,0
1595997510.1902356,34.82622908036011,0.6262616960217264,0
1595997510.2002547,36.6296605912854,0.6262616960217264,0
1595997510.2102387,38.426783546607666,0.6262616960217264,0
1595997510.2202399,40.22699640671509,0.6262616960217264,0
1595997510.2302458,42.028067573707276,0.6262616960217264,0
1595997510.2402444,43.827808365028076,0.6262616960217264,0
1595997510.2502363,45.626347526710205,0.6262616960217264,0
1595997510.2602572,47.430122360389404,0.6262616960217264,0
1595997510.2702527,49.22930525223511,0.6262616960217264,0
1595997510.2802482,51.02848814408081,0.6262616960217264,0
1595997510.2902434,52.827628120582276,0.6262616960217264,0
1595997510.300247,54.62827013413208,0.6262616960217264,0
1595997510.3102403,56.42706678787964,0.6262616960217264,0
1595997510.320255,58.22972582260864,0.6262616960217264,0
1595997510.3302355,60.026205047767334,0.6262616960217264,0
1595997510.3402362,61.82633207718628,0.6262616960217264,0
1595997510.350237,63.626459106605225,0.6262616960217264,0
1595997510.3602383,65.42671488205688,0.6262616960217264,0
1595997510.370251,67.22898767868774,0.6262616960217264,0
1595997510.3802376,69.02658270279663,0.6262616960217264,0
1595997510.3902535,70.82945631424683,0.6262616960217264,0
1595997510.4002366,72.62640760819214,0.6262616960217264,0
1595997510.4102433,74.42760752121704,0.6262616960217264,0
1595997510.4202561,76.22992323319214,0.6262616960217264,0
1595997510.4302368,78.02644537369507,0.6262616960217264,0
1595997510.4402454,79.82798860947388,0.6262616960217264,0
1595997510.4502532,81.62940309921997,0.6262616960217264,0
1595997510.4602578,83.43021677414673,0.6262616960217264,0
1595997510.4702587,85.23038671890991,0.6262616960217264,0
1595997510.48024,87.02703760544556,0.6262616960217264,0
1595997510.4902391,88.82686422745483,0.6262616960217264,0
1595997510.5002525,90.62926577011841,0.6262616960217264,0
1595997510.5102553,92.4297790376355,0.6262616960217264,0
1595997510.520249,94.2286186067273,0.6262616960217264,0
1595997510.5302477,96.02840231339233,0.6262616960217264,0
1595997510.5402365,97.82638357559937,0.6262616960217264,0
1595997510.5502524,99.62925718704956,0.6262616960217264,0
1595997510.5602393,101.42689512650269,0.6262616960217264,0
1595997510.5702472,103.22830961624878,0.6262616960217264,0
1595997510.5802448,105.02787874619263,0.6262616960217264,0
1595997510.5902517,106.82912157456177,0.6262616960217264,0
1595997510.600255,108.62972067276733,0.6262616960217264,0
1595997510.6102471,110.4283027497937,0.6262616960217264,0
1595997510.6202471,112.22830103317993,0.6262616960217264,0
1595997510.6302464,114.02817057053345,0.6262616960217264,0
1595997510.6402516,115.82911299149292,0.6262616960217264,0
1595997510.650255,117.62971208969849,0.6262616960217264,0
1595997510.6602361,119.42632006088989,0.6262616960217264,0
1595997510.6702552,121.22975157181519,0.6262616960217264,0
1595997510.6802578,123.03022192398804,0.6262616960217264,0
1595997510.6902518,124.82914732376831,0.6262616960217264,0
1595997510.7002375,126.62657068650024,0.6262616960217264,0
1595997510.7102427,128.4275131074597,0.6262616960217264,0
1595997510.7202494,130.2287130204846,0.6262616960217264,0
1595997510.7302353,132.02617929856078,0.6262616960217264,0
1595997510.7402477,133.8284091798474,0.6262616960217264,0
1595997510.750255,135.62973783890502,0.6262616960217264,0
1595997510.760258,137.4302511064221,0.6262616960217264,0
1595997510.7702515,139.2290906755139,0.6262616960217264,0
1595997510.7802508,141.02896021286742,0.6262616960217264,0
1595997510.790243,142.82754228989378,0.6262616960217264,0
1595997510.8002398,144.62698267380492,0.6262616960217264,0
1595997510.810253,146.42934130112425,0.6262616960217264,0
1595997510.8202498,148.2287816850354,0.6262616960217264,0
1595997510.8302484,150.0285224763562,0.6262616960217264,0
1595997510.8402462,151.82813452164427,0.6262616960217264,0
1595997510.8502526,153.62929151932494,0.6262616960217264,0
1595997510.8602395,155.42692945877806,0.6262616960217264,0
1595997510.870241,157.22718523422972,0.6262616960217264,0
1595997510.880245,159.027913078468,0.6262616960217264,0
1595997510.8902469,160.82825468460814,0.6262616960217264,0
1595997510.9002364,162.6263646928479,0.6262616960217264,0
1595997510.9102497,164.42876623551146,0.6262616960217264,0
1595997510.9202478,166.22842119614378,0.6262616960217264,0
1595997510.9302533,168.0294065324475,0.6262616960217264,0
1595997510.940248,169.82846067826048,0.6262616960217264,0
1595997510.950239,171.62682817856566,0.6262616960217264,0
1595997510.9602463,173.42815683762328,0.6262616960217264,0
1595997510.9702513,175.2290563432385,0.6262616960217264,0
1595997510.9802349,177.0260934678723,0.6262616960217264,0
1595997510.990248,178.82845209519164,0.6262616960217264,0
1595997511.0002441,180.62776373307005,0.6262616960217264,0
1595997511.0102458,182.42806242386595,0.6262616960217264,0
1595997511.0202458,184.22806070725218,0.6262616960217264,0
1595997511.030236,186.02629946152464,0.6262616960217264,0
1595997511.0402434,187.82762812058226,0.6262616960217264,0
1595997511.0502546,189.6296434251477,0.6262616960217264,0
1595997511.060255,191.4297275392224,0.6262616960217264,0
1595997511.0702481,193.22848127762572,0.6262616960217264,0
1595997511.080236,195.0262908784558,0.6262616960217264,0
1595997511.090247,196.828263267677,0.6262616960217264,0
1595997511.1002443,198.6277894822766,0.6262616960217264,0
1595997511.1102474,200.42834566513793,0.6262616960217264,0
1595997511.1202402,202.227056488197,0.6262616960217264,0
1595997511.1302462,204.0281276551892,0.6262616960217264,0
1595997511.1402483,205.82851217667357,0.6262616960217264,0
1595997511.1502383,207.6267080156018,0.6262616960217264,0
1595997511.160248,209.4284658281018,0.6262616960217264,0
1595997511.1702464,211.22816370407836,0.6262616960217264,0
1595997511.1802511,213.02902029434935,0.6262616960217264,0
1595997511.1902544,214.82961939255492,0.6262616960217264,0
1595997511.2002485,216.6285447923352,0.6262616960217264,0
1595997511.2102442,218.42777059952513,0.6262616960217264,0
1595997511.2202435,220.22764013687865,0.6262616960217264,0
1595997511.230245,222.02793882767455,0.6262616960217264,0
1595997511.2402372,223.8265209047009,0.6262616960217264,0
1595997511.2502546,225.62965200821654,0.6262616960217264,0
1595997511.2602396,227.42694662491576,0.6262616960217264,0
1595997511.2702422,229.2274169770886,0.6262616960217264,0
1595997511.2802472,231.02831648270384,0.6262616960217264,0
1595997511.2902393,232.8268985597302,0.6262616960217264,0
1595997511.3002458,234.62805555741087,0.6262616960217264,0
1595997511.3102548,236.42968462387816,0.6262616960217264,0
1595997511.3202498,238.2287816850354,0.6262616960217264,0
1595997511.3302505,240.02890871445433,0.6262616960217264,0
1595997511.3402386,241.82676123062865,0.6262616960217264,0
1595997511.3502512,243.6290340272595,0.6262616960217264,0
1595997511.3602562,245.42993353287474,0.6262616960217264,0
1595997511.3702493,247.22868727127806,0.6262616960217264,0
1595997511.380255,249.029715522926,0.6262616960217264,0
1595997511.390256,250.8298854676892,0.6262616960217264,0
1595997511.4002352,252.6261501161267,0.6262616960217264,0
1595997511.410239,254.42683504502074,0.6262616960217264,0
1595997511.42025,256.22880743424196,0.6262616960217264,0
1595997511.4302351,258.0261449662854,0.6262616960217264,0
1595997511.440244,259.82773111740846,0.6262616960217264,0
1595997511.45025,261.62880228440065,0.6262616960217264,0
1595997511.4602375,263.4265689698865,0.6262616960217264,0
1595997511.470245,265.2278976289441,0.6262616960217264,0
1595997511.4802432,267.02759550492067,0.6262616960217264,0
1595997511.4902463,268.828151687782,0.6262616960217264,0
1595997511.5002394,270.6269054261853,0.6262616960217264,0
1595997511.5102544,272.42960737625856,0.6262616960217264,0
1595997511.5202532,274.2293910829236,0.6262616960217264,0
1595997511.5302546,276.02964685837526,0.6262616960217264,0
1595997511.5402534,277.8294305650403,0.6262616960217264,0
1595997511.550254,279.62955759445924,0.6262616960217264,0
1595997511.5602496,281.42874048630495,0.6262616960217264,0
1595997511.5702417,283.2273225633313,0.6262616960217264,0
1595997511.580251,285.02899454514284,0.6262616960217264,0
1595997511.5902393,286.8268899766614,0.6262616960217264,0
1595997511.6002557,288.62984941880006,0.6262616960217264,0
1595997511.6102521,290.4292039720227,0.6262616960217264,0
1595997511.6202393,292.2268848268201,0.6262616960217264,0
1595997511.6302485,294.0285568086316,0.6262616960217264,0
1595997511.640247,295.8282975999524,0.6262616960217264,0
1595997511.650239,297.62683676163454,0.6262616960217264,0
1595997511.6602497,299.4287662355115,0.6262616960217264,0
1595997511.6702344,301.22601793686647,0.6262616960217264,0
1595997511.6802385,303.02674578110475,0.6262616960217264,0
1595997511.690235,304.8261003343274,0.6262616960217264,0
1595997511.7002547,306.6296605912854,0.6262616960217264,0
1595997511.7102466,308.42819975296754,0.6262616960217264,0
1595997511.7202504,310.2288846818616,0.6262616960217264,0
1595997511.7302408,312.0271663514783,0.6262616960217264,0
1595997511.740235,313.8261346666028,0.6262616960217264,0
1595997511.750244,315.62772081772584,0.6262616960217264,0
1595997511.7602413,317.42724703232545,0.6262616960217264,0
1595997511.770247,319.2282752839734,0.6262616960217264,0
1595997511.7802389,321.02681444565553,0.6262616960217264,0
1595997511.7902348,322.8260831681897,0.6262616960217264,0
1595997511.8002367,324.62642477432985,0.6262616960217264,0
1595997511.8102467,326.4282255021741,0.6262616960217264,0
1595997511.8202362,328.22633551041383,0.6262616960217264,0
1595997511.8302345,330.0260333863904,0.6262616960217264,0
1595997511.840255,331.8297223893811,0.6262616960217264,0
1595997511.8502443,333.6277894822766,0.6262616960217264,0
1595997511.860242,335.4273586122205,0.6262616960217264,0
1595997511.870246,337.22808645645875,0.6262616960217264,0
1595997511.8802538,339.02950094620485,0.6262616960217264,0
1595997511.8902507,340.828941330116,0.6262616960217264,0
1595997511.9002552,342.62975500504274,0.6262616960217264,0
1595997511.9102395,344.42692087570924,0.6262616960217264,0
1595997511.9202366,346.2264041749646,0.6262616960217264,0
1595997511.930241,348.0272178498914,0.6262616960217264,0
1595997511.9402494,349.82871817032594,0.6262616960217264,0
1595997511.950251,351.62901686112184,0.6262616960217264,0
1595997511.960243,353.42755602280397,0.6262616960217264,0
1595997511.9702437,355.2276830522229,0.6262616960217264,0
1595997511.980246,357.0281104890515,0.6262616960217264,0
1595997511.9840217,357.70771788040895,0.6262616960217264,0
1595997511.9840217,359.3123153641227,2.2308591797354613,0
1595997511.9878626,360,2.2308591797354613,1
1595997511.9902482,360.43309249424965,2.2308591797354613,0
1595997511.9978967,361.8098167374137,2.2308591797354613,0
1595997511.9978967,360.5429450212241,0.963987463545863,0
1595997512.000249,360.966347807479,0.963987463545863,0
1595997512.000249,0,0.963987463545863,0
1595997512.0017674,1.2373152909994762,0.963987463545863,0
1595997512.0017674,0.3711945872998429,0.09786675984622961,0
1595997512.0102623,1.900268302509804,0.09786675984622961,0
1595997512.0202641,3.7006099086499407,0.09786675984622961,0
1595997512.030262,5.500221953938026,0.09786675984622961,0
1595997512.0402668,7.301078544209022,0.09786675984622961,0
1595997512.0502548,9.09893106038334,0.09786675984622961,0
1595997512.0602527,10.898543105671425,0.09786675984622961,0
1595997512.070268,12.701287971088906,0.09786675984622961,0
1595997512.0802658,14.500900016376992,0.09786675984622961,0
1595997512.0902536,16.29870961720707,0.09786675984622961,0
1595997512.1002626,18.100338683674355,0.09786675984622961,0
1595997512.1102598,19.899821982929726,0.09786675984622961,0
1595997512.1202648,21.70072148854496,0.09786675984622961,0
1595997512.130263,23.500419364521523,0.09786675984622961,0
1595997512.14026,25.299859748432656,0.09786675984622961,0
1595997512.150263,27.100415931293984,0.09786675984622961,0
1595997512.1602666,28.90105794484379,0.09786675984622961,0
1595997512.170254,30.69878171498539,0.09786675984622961,0
1595997512.1802592,32.49972413594486,0.09786675984622961,0
1595997512.1902533,34.29864953572513,0.09786675984622961,0
1595997512.2002501,36.098089919636266,0.09786675984622961,0
1595997512.2102666,37.90104936177494,0.09786675984622961,0
1595997512.2202666,39.70104764516117,0.09786675984622961,0
1595997512.2302575,41.499415145466344,0.09786675984622961,0
1595997512.2402618,43.30018590504886,0.09786675984622961,0
1595997512.2502668,45.1010854106641,0.09786675984622961,0
1595997512.2602606,46.89996789510013,0.09786675984622961,0
1595997512.2702613,48.70009492451908,0.09786675984622961,0
1595997512.2802575,50.499406562397496,0.09786675984622961,0
1595997512.2902505,52.29816030080082,0.09786675984622961,0
1595997512.3002577,54.099446044514195,0.09786675984622961,0
1595997512.310257,55.89931558186771,0.09786675984622961,0
1595997512.3202548,57.6989276271558,0.09786675984622961,0
1595997512.3302574,59.49939797932865,0.09786675984622961,0
1595997512.3402514,61.29832337910892,0.09786675984622961,0
1595997512.3502645,63.10068200642826,0.09786675984622961,0
1595997512.360269,64.90149568135502,0.09786675984622961,0
1595997512.3702662,66.70097898061039,0.09786675984622961,0
1595997512.3802588,68.49964688832523,0.09786675984622961,0
1595997512.3902555,70.29904435689213,0.09786675984622961,0
1595997512.4002633,72.10045884663822,0.09786675984622961,0
1595997512.4102623,73.9002854686475,0.09786675984622961,0
1595997512.4202518,75.69839547688724,0.09786675984622961,0
1595997512.4302697,77.50161241109134,0.09786675984622961,0
1595997512.4402616,79.30015157277347,0.09786675984622961,0
1595997512.4502664,81.10100816304447,0.09786675984622961,0
1595997512.4602582,82.8995473247266,0.09786675984622961,0
1595997512.4702692,84.70151971394779,0.09786675984622961,0
