Timestamp,Phase,Heading,Ping?
1595994995.0000844,130.0,130.0,0
1595994995.0101004,131.80192947387695,130.0,0
1595994995.0201073,133.6031723022461,130.0,0
1595994995.0300946,135.4008960723877,130.0,0
1595994995.0401099,137.20364093780518,130.0,0
1595994995.0500932,139.00063514709473,130.0,0
1595994995.0600996,140.8017921447754,130.0,0
1595994995.0700967,142.60127544403076,130.0,0
1595994995.0801005,144.4019603729248,130.0,0
1595994995.0900989,146.20165824890137,130.0,0
1595994995.1001036,148.00251483917236,130.0,0
1595994995.1100953,149.80101108551025,130.0,0
1595994995.120111,151.6038417816162,130.0,0
1595994995.130095,153.40096473693848,130.0,0
1595994995.1401088,155.20345211029053,130.0,0
1595994995.1500945,157.00087547302246,130.0,0
1595994995.160104,158.80259037017822,130.0,0
1595994995.1700962,160.6011724472046,130.0,0
1595994995.1801045,162.40267276763916,130.0,0
1595994995.1901054,164.20284271240234,130.0,0
1595994995.2000954,166.00103855133057,130.0,0
1595994995.2101107,167.80378341674805,130.0,0
1595994995.2200973,169.60137844085693,130.0,0
1595994995.2301066,171.40305042266846,130.0,0
1595994995.240093,173.2006025314331,130.0,0
1595994995.2501104,175.00373363494873,130.0,0
1595994995.2601097,176.80360317230225,130.0,0
1595994995.2700944,178.60085487365723,130.0,0
1595994995.2801034,180.4024839401245,130.0,0
1595994995.290097,182.2013235092163,130.0,0
1595994995.3001053,184.00282382965088,130.0,0
1595994995.310095,185.80097675323486,130.0,0
1595994995.320092,187.600417137146,130.0,0
1595994995.330095,189.40097332000732,130.0,0
1595994995.340099,191.2017011642456,130.0,0
1595994995.3500946,193.0008840560913,130.0,0
1595994995.360102,194.80221271514893,130.0,0
1595994995.3700979,196.6014814376831,130.0,0
1595994995.3800979,198.40147972106934,130.0,0
1595994995.3900964,200.20122051239014,130.0,0
1595994995.4000936,202.0007038116455,130.0,0
1595994995.4100966,203.80125999450684,130.0,0
1595994995.4201093,205.6035327911377,130.0,0
1595994995.430091,207.40022659301758,130.0,0
1595994995.4401069,209.20310020446777,130.0,0
1595994995.4500985,211.00159645080566,130.0,0
1595994995.4600983,212.80155181884766,130.0,0
1595994995.4701092,214.60352420806885,130.0,0
1595994995.480099,216.40167713165283,130.0,0
1595994995.4900985,218.2015895843506,130.0,0
1595994995.500102,220.0022315979004,130.0,0
1595994995.5100932,221.8006420135498,130.0,0
1595994995.5200891,223.59991073608398,130.0,0
1595994995.5301018,225.40218353271484,130.0,0
1595994995.5401106,227.2037696838379,130.0,0
1595994995.5501108,229.00381088256836,130.0,0
1595994995.56011,230.80368041992188,130.0,0
1595994995.570107,232.603120803833,130.0,0
1595994995.5801072,234.40316200256348,130.0,0
1595994995.5900967,236.20127201080322,130.0,0
1595994995.6000972,238.00135612487793,130.0,0
1595994995.6100929,239.80058193206787,130.0,0
1595994995.6201,241.60186767578125,130.0,0
1595994995.6301088,243.4034538269043,130.0,0
1595994995.6400921,245.20044803619385,130.0,0
1595994995.6500921,247.00044631958008,130.0,0
1595994995.6600964,248.8012170791626,130.0,0
1595994995.6700995,250.60177326202393,130.0,0
1595994995.6801052,252.40280151367188,130.0,0
1595994995.6900961,254.20116901397705,130.0,0
1595994995.700108,256.0033130645752,130.0,0
1595994995.7100914,257.80030727386475,130.0,0
1595994995.7201087,259.60343837738037,130.0,0
1595994995.7300997,261.40180587768555,130.0,0
1595994995.740091,263.2002592086792,130.0,0
1595994995.7501004,265.0019311904907,130.0,0
1595994995.7601082,266.8033456802368,130.0,0
1595994995.7701037,268.6025285720825,130.0,0
1595994995.7800896,270.3999948501587,130.0,0
1595994995.7900903,272.20012187957764,130.0,0
1595994995.8001046,274.00269508361816,130.0,0
1595994995.8100994,275.80174922943115,130.0,0
1595994995.8201041,277.60260581970215,130.0,0
1595994995.830092,279.4004154205322,130.0,0
1595994995.840108,281.2032890319824,130.0,0
1595994995.8501077,283.0032444000244,130.0,0
1595994995.8600914,284.80032444000244,130.0,0
1595994995.8701022,286.6022539138794,130.0,0
1595994995.8801022,288.4022521972656,130.0,0
1595994995.890094,290.20079135894775,130.0,0
1595994995.9001021,292.0022487640381,130.0,0
1595994995.910089,293.7998867034912,130.0,0
1595994995.9200919,295.6003999710083,130.0,0
1595994995.9301066,297.4030590057373,130.0,0
1595994995.9401054,299.20284271240234,130.0,0
1595994995.9501097,301.00361347198486,130.0,0
1595994995.9601095,302.80356884002686,130.0,0
1595994995.970089,304.5998764038086,130.0,0
1595994995.9801025,306.4023208618164,130.0,0
1595994995.9901097,308.2036066055298,130.0,0
1595994996.0001035,310.0024890899658,130.0,0
1595994996.0100904,311.80012702941895,130.0,0
1595994996.0201073,313.6031723022461,130.0,0
1595994996.0300953,315.4010248184204,130.0,0
1595994996.040102,317.2022247314453,130.0,0
1595994996.0500948,319.0009355545044,130.0,0
1595994996.0600915,320.8003330230713,130.0,0
1595994996.0700922,322.60046005249023,130.0,0
1595994996.0800948,324.4009304046631,130.0,0
1595994996.090095,326.20097160339355,130.0,0
1595994996.1001036,328.00251483917236,130.0,0
1595994996.110103,329.8023843765259,130.0,0
1595994996.1201022,331.6022539138794,130.0,0
1595994996.130096,333.40113639831543,130.0,0
1595994996.1400895,335.1999759674072,130.0,0
1595994996.1500905,337.0001459121704,130.0,0
1595994996.1600971,338.8013458251953,130.0,0
1595994996.1701016,340.60215950012207,130.0,0
1595994996.180105,342.40275859832764,130.0,0
1595994996.1901033,344.2024564743042,130.0,0
1595994996.2001095,346.0035705566406,130.0,0
1595994996.210098,347.8015089035034,130.0,0
1595994996.220093,349.60060596466064,130.0,0
1595994996.230102,351.40223503112793,130.0,0
1595994996.240099,353.20167541503906,130.0,0
1595994996.250093,355.00060081481934,130.0,0
1595994996.260096,356.80115699768066,130.0,0
1595994996.270102,358.60222816467285,130.0,0
1595994996.2778761,360,130.0,1
1595994996.280099,360.401668548584,130.0,0
1595994996.2901013,362.2020959854126,130.0,0
1595994996.30009,364.00007724761963,130.0,0
1595994996.3101008,365.8020067214966,130.0,0
1595994996.320101,367.60204792022705,130.0,0
1595994996.3300972,369.40135955810547,130.0,0
1595994996.3335333,370.0198554992676,130.0,0
1595994996.3335333,615.0059566497803,374.9861011505127,0
1595994996.3400939,616.1868581771851,374.9861011505127,0
1595994996.3500896,617.986083984375,374.9861011505127,0
1595994996.3536665,618.6299428939819,374.9861011505127,0
1595994996.3536665,689.5889828681945,445.94514112472535,0
1595994996.3601005,690.7470963478088,445.94514112472535,0
1595994996.3701048,692.5478671073913,445.94514112472535,0
1595994996.38011,694.3488095283508,445.94514112472535,0
1595994996.3901095,696.1487219810485,445.94514112472535,0
1595994996.4000971,697.9464886665344,445.94514112472535,0
1595994996.4100966,699.7464011192321,445.94514112472535,0
1595994996.420106,701.5480731010437,445.94514112472535,0
1595994996.4300897,703.3451531410217,445.94514112472535,0
1595994996.4400947,705.1460526466369,445.94514112472535,0
1595994996.4500928,706.9457076072692,445.94514112472535,0
1595994996.4601007,708.7471220970153,445.94514112472535,0
1595994996.4701083,710.5484936714172,445.94514112472535,0
1595994996.4800925,712.3456595420837,445.94514112472535,0
1595994996.4900901,714.1452286720275,445.94514112472535,0
1595994996.5001035,715.9476302146911,445.94514112472535,0
1595994996.5100973,717.7465126991272,445.94514112472535,0
1595994996.5201101,719.5488284111022,445.94514112472535,0
1595994996.5301063,721.3481400489807,445.94514112472535,0
1595994996.5400937,723.1458638191223,445.94514112472535,0
1595994996.5501099,724.9487803459167,445.94514112472535,0
1595994996.560106,726.7480919837951,445.94514112472535,0
1595994996.5701015,728.5472748756408,445.94514112472535,0
1595994996.580093,730.3457282066345,445.94514112472535,0
1595994996.5900917,732.1455119132995,445.94514112472535,0
1595994996.6000967,733.9464114189147,445.94514112472535,0
1595994996.6101031,735.7475684165954,445.94514112472535,0
1595994996.6201055,737.547995853424,445.94514112472535,0
1595994996.6300967,739.3464062690734,445.94514112472535,0
1595994996.6401029,741.1475203514099,445.94514112472535,0
1595994996.650092,742.9455445289611,445.94514112472535,0
1595994996.6600997,744.7469590187072,445.94514112472535,0
1595994996.6701007,746.5471289634704,445.94514112472535,0
1595994996.6801057,748.3480284690856,445.94514112472535,0
1595994996.6901052,750.1479409217834,445.94514112472535,0
1595994996.700094,751.9459221839904,445.94514112472535,0
1595994996.7101064,753.748152065277,445.94514112472535,0
1595994996.7201068,755.5482361793518,445.94514112472535,0
1595994996.7300892,757.3450587272644,445.94514112472535,0
1595994996.7401023,759.1474173545837,445.94514112472535,0
1595994996.7500966,760.9463856697082,445.94514112472535,0
1595994996.7600882,762.7448819160461,445.94514112472535,0
1595994996.7701054,764.5479701042175,445.94514112472535,0
1595994996.780093,766.3457367897033,445.94514112472535,0
1595994996.790093,768.1457350730896,445.94514112472535,0
1595994996.8000925,769.9456475257873,445.94514112472535,0
1595994996.810095,771.7461178779602,445.94514112472535,0
1595994996.8200996,773.5469315528869,445.94514112472535,0
1595994996.8300943,775.3459856986999,445.94514112472535,0
1595994996.840106,777.1480868339538,445.94514112472535,0
1595994996.8500931,778.9457676887512,445.94514112472535,0
1595994996.8601027,780.7474825859069,445.94514112472535,0
1595994996.87009,782.5452063560485,445.94514112472535,0
1595994996.8800957,784.3462346076965,445.94514112472535,0
1595994996.8900943,786.1459753990173,445.94514112472535,0
1595994996.9001083,787.9485056877136,445.94514112472535,0
1595994996.9100928,789.7457144737243,445.94514112472535,0
1595994996.9200916,791.5454981803894,445.94514112472535,0
1595994996.9301004,793.3470843315124,445.94514112472535,0
1595994996.940092,795.1455805778503,445.94514112472535,0
1595994996.9500947,796.9460509300231,445.94514112472535,0
1595994996.9601083,798.748495388031,445.94514112472535,0
1595994996.9701002,800.5470345497131,445.94514112472535,0
1595994996.980097,802.3464749336242,445.94514112472535,0
1595994996.9900935,804.1458294868469,445.94514112472535,0
1595994997.0001056,805.9480164527893,445.94514112472535,0
1595994997.0001056,0,445.94514112472535,0
1595994997.0101273,87.74904470443727,85.94514112472535,0
1595994997.0201209,89.54788427352906,85.94514112472535,0
1595994997.0301104,91.34599428176881,85.94514112472535,0
1595994997.0401268,93.14895372390748,85.94514112472535,0
1595994997.050122,94.94809370040895,85.94514112472535,0
1595994997.0601146,96.74676160812379,85.94514112472535,0
1595994997.0701094,98.54581575393678,85.94514112472535,0
1595994997.0801125,100.3463719367981,85.94514112472535,0
1595994997.0901165,102.14709978103639,85.94514112472535,0
1595994997.1001203,103.94778470993043,85.94514112472535,0
1595994997.1101267,105.7489417076111,85.94514112472535,0
1595994997.120115,107.54683713912965,85.94514112472535,0
1595994997.130116,109.34700708389283,85.94514112472535,0
1595994997.14011,111.1459324836731,85.94514112472535,0
1595994997.1501155,112.94691781997682,85.94514112472535,0
1595994997.1601076,114.74549989700319,85.94514112472535,0
1595994997.17011,116.5459273338318,85.94514112472535,0
1595994997.1801078,118.34553937911988,85.94514112472535,0
1595994997.1901278,120.14914255142213,85.94514112472535,0
1595994997.2001214,121.94798212051393,85.94514112472535,0
1595994997.210106,123.74519090652467,85.94514112472535,0
1595994997.220123,125.54827909469606,85.94514112472535,0
1595994997.2301254,127.34870653152467,85.94514112472535,0
1595994997.2401133,129.14651613235475,85.94514112472535,0
1595994997.2501068,130.94535570144654,85.94514112472535,0
1595994997.260127,132.74900178909303,85.94514112472535,0
1595994997.2701278,134.54912881851197,85.94514112472535,0
1595994997.2801178,136.3473246574402,85.94514112472535,0
1595994997.2901254,138.14869623184205,85.94514112472535,0
1595994997.3001099,139.9459050178528,85.94514112472535,0
1595994997.310115,141.74684743881227,85.94514112472535,0
1595994997.3201263,143.5488627433777,85.94514112472535,0
1595994997.3301132,145.34650068283082,85.94514112472535,0
1595994997.3401103,147.1459839820862,85.94514112472535,0
1595994997.3501074,148.94546728134156,85.94514112472535,0
1595994997.3601208,150.74786882400514,85.94514112472535,0
1595994997.3701203,152.5477812767029,85.94514112472535,0
1595994997.3801074,154.34546213150026,85.94514112472535,0
1595994997.3901083,156.14563207626344,85.94514112472535,0
1595994997.400112,157.94627408981324,85.94514112472535,0
1595994997.4101195,159.7476456642151,85.94514112472535,0
1595994997.4201107,161.5460560798645,85.94514112472535,0
1595994997.4301174,163.34725599288942,85.94514112472535,0
1595994997.4401255,165.14871339797975,85.94514112472535,0
1595994997.4501245,166.94854001998903,85.94514112472535,0
1595994997.4601111,168.7461350440979,85.94514112472535,0
1595994997.4701157,170.54694871902467,85.94514112472535,0
1595994997.480108,172.34557371139528,85.94514112472535,0
1595994997.4901102,174.14595823287965,85.94514112472535,0
1595994997.5001278,175.9491322517395,85.94514112472535,0
1595994997.5101223,177.74814348220826,85.94514112472535,0
1595994997.520117,179.54719762802125,85.94514112472535,0
1595994997.5301197,181.3476679801941,85.94514112472535,0
1595994997.5401213,183.14796667099,85.94514112472535,0
1595994997.550112,184.94629125595094,85.94514112472535,0
1595994997.5601177,186.7473195075989,85.94514112472535,0
1595994997.5701184,188.54744653701783,85.94514112472535,0
1595994997.5801156,190.3469298362732,85.94514112472535,0
1595994997.5901077,192.14551191329957,85.94514112472535,0
1595994997.6001098,193.94589643478395,85.94514112472535,0
1595994997.610114,195.74666719436647,85.94514112472535,0
1595994997.6201093,197.54580717086793,85.94514112472535,0
1595994997.6301072,199.34541921615602,85.94514112472535,0
1595994997.640115,201.1468337059021,85.94514112472535,0
1595994997.6501234,202.94833402633668,85.94514112472535,0
1595994997.6601264,204.748890209198,85.94514112472535,0
1595994997.6701248,206.54858808517457,85.94514112472535,0
1595994997.6801236,208.3483717918396,85.94514112472535,0
1595994997.6901183,210.1474259376526,85.94514112472535,0
1595994997.7001185,211.94746713638307,85.94514112472535,0
1595994997.7101128,213.74643545150758,85.94514112472535,0
1595994997.7201257,215.54875116348268,85.94514112472535,0
1595994997.7301247,217.34857778549195,85.94514112472535,0
1595994997.7401123,219.1463444709778,85.94514112472535,0
1595994997.7501178,220.9473298072815,85.94514112472535,0
1595994997.760119,222.74754266738893,85.94514112472535,0
1595994997.770111,224.5461247444153,85.94514112472535,0
1595994997.780106,226.34522180557252,85.94514112472535,0
1595994997.7901077,228.14552049636842,85.94514112472535,0
1595994997.8001277,229.94912366867067,85.94514112472535,0
1595994997.8101227,231.7482207298279,85.94514112472535,0
1595994997.8201275,233.5490773200989,85.94514112472535,0
1595994997.8301191,235.34757356643678,85.94514112472535,0
1595994997.840114,237.146670627594,85.94514112472535,0
1595994997.8501055,238.94512395858766,85.94514112472535,0
1595994997.8601153,240.74688177108766,85.94514112472535,0
1595994997.8701108,242.54606466293336,85.94514112472535,0
1595994997.8801105,244.34602003097535,85.94514112472535,0
1595994997.8901176,246.14730577468873,85.94514112472535,0
1595994997.900119,247.9475615501404,85.94514112472535,0
1595994997.9101143,249.74670152664186,85.94514112472535,0
1595994997.9201086,251.54566984176637,85.94514112472535,0
1595994997.9301171,253.34721307754518,85.94514112472535,0
1595994997.9401126,255.14639596939088,85.94514112472535,0
1595994997.950127,256.9489691734314,85.94514112472535,0
1595994997.9601114,258.74617795944215,85.94514112472535,0
1595994997.970124,260.548450756073,85.94514112472535,0
1595994997.980111,262.34608869552613,85.94514112472535,0
1595994997.9901083,264.14561491012574,85.94514112472535,0
1595994998.0001206,265.94784479141236,85.94514112472535,0
1595994998.010113,267.74646978378297,85.94514112472535,0
1595994998.0201228,269.54822759628297,85.94514112472535,0
1595994998.0301075,271.34547929763795,85.94514112472535,0
1595994998.0401103,273.14599256515504,85.94514112472535,0
1595994998.050127,274.94899492263795,85.94514112472535,0
1595994998.06012,276.74774866104127,85.94514112472535,0
1595994998.0701199,278.54770402908326,85.94514112472535,0
1595994998.0801132,280.3465006828308,85.94514112472535,0
1595994998.090118,282.1473572731018,85.94514112472535,0
1595994998.100114,283.94666891098024,85.94514112472535,0
1595994998.1101196,285.74765424728395,85.94514112472535,0
1595994998.12012,287.54773836135865,85.94514112472535,0
1595994998.13011,289.3459342002869,85.94514112472535,0
1595994998.1401215,291.14799242019654,85.94514112472535,0
1595994998.1501234,292.9483340263367,85.94514112472535,0
1595994998.1601157,294.7469590187073,85.94514112472535,0
1595994998.1701071,296.54541234970094,85.94514112472535,0
1595994998.180111,298.346097278595,85.94514112472535,0
1595994998.190127,300.1489708900452,85.94514112472535,0
1595994998.2001092,301.9457934379578,85.94514112472535,0
1595994998.2101107,303.74604921340944,85.94514112472535,0
1595994998.2201045,305.54493169784547,85.94514112472535,0
1595994998.2301064,307.3452733039856,85.94514112472535,0
1595994998.2401192,309.1475890159607,85.94514112472535,0
1595994998.2501237,310.94840269088746,85.94514112472535,0
1595994998.260121,312.7479289054871,85.94514112472535,0
1595994998.2701063,314.54526643753053,85.94514112472535,0
1595994998.2801106,316.34603719711305,85.94514112472535,0
1595994998.2901194,318.1476233482361,85.94514112472535,0
1595994998.3001263,319.94886617660524,85.94514112472535,0
1595994998.310112,321.74628953933717,85.94514112472535,0
1595994998.3201265,323.54890565872194,85.94514112472535,0
1595994998.330109,325.34572820663453,85.94514112472535,0
1595994998.3401208,327.1478722572327,85.94514112472535,0
1595994998.3501048,328.94499521255494,85.94514112472535,0
1595994998.3550212,329.82995252609254,85.94514112472535,0
1595994998.3550212,350.94898575782776,107.06417435646057,0
1595994998.360111,351.8651425266266,107.06417435646057,0
1595994998.3701272,353.668059053421,107.06417435646057,0
1595994998.3801184,355.46646946907043,107.06417435646057,0
1595994998.3901181,357.2664248371124,107.06417435646057,0
1595994998.400125,359.06766766548157,107.06417435646057,0
1595994998.4053068,360,107.06417435646057,1
1595994998.4101043,360.86393231391907,107.06417435646057,0
1595994998.4201171,362.66624802589416,107.06417435646057,0
1595994998.4301133,364.4655596637726,107.06417435646057,0
1595994998.4401147,366.26581543922424,107.06417435646057,0
1595994998.4501224,368.0671870136261,107.06417435646057,0
1595994998.4563901,369.1953884983063,107.06417435646057,0
1595994998.4563901,614.7586165494919,352.6274024076462,0
1595994998.460118,615.4296408720016,352.6274024076462,0
1595994998.4701278,617.2313986845016,352.6274024076462,0
1595994998.48011,619.02817831707,352.6274024076462,0
1595994998.4901202,620.8300219602585,352.6274024076462,0
1595994998.5001261,622.6310931272507,352.6274024076462,0
1595994998.5101094,624.4280873365402,352.6274024076462,0
1595994998.520112,626.2285576887131,352.6274024076462,0
1595994998.530106,628.0274830884933,352.6274024076462,0
1595994998.5401165,629.829369647026,352.6274024076462,0
1595994998.5501263,631.631127459526,352.6274024076462,0
1595994998.5601163,633.4293232984543,352.6274024076462,0
1595994998.570122,635.2303515501022,352.6274024076462,0
1595994998.580112,637.0285473890305,352.6274024076462,0
1595994998.5901108,638.8283310956955,352.6274024076462,0
1595994998.600126,640.631075961113,352.6274024076462,0
1595994998.6101265,642.4311600751877,352.6274024076462,0
1595994998.6201205,644.230085474968,352.6274024076462,0
1595994998.630121,646.0301695890427,352.6274024076462,0
1595994998.6401088,647.8279791898727,352.6274024076462,0
1595994998.6501102,649.6282349653244,352.6274024076462,0
1595994998.660119,651.4298211164474,352.6274024076462,0
1595994998.6701214,653.230248553276,352.6274024076462,0
1595994998.6801136,655.0288306303024,352.6274024076462,0
1595994998.6901214,656.8302451200485,352.6274024076462,0
1595994998.7001138,658.6288701124191,352.6274024076462,0
1595994998.710105,660.4272805280685,352.6274024076462,0
1595994998.7201068,662.2276221342087,352.6274024076462,0
1595994998.73012,664.029980761528,352.6274024076462,0
1595994998.740127,665.8312665052414,352.6274024076462,0
1595994998.750115,667.6290761060715,352.6274024076462,0
1595994998.7601237,669.4306622571945,352.6274024076462,0
1595994998.7701128,671.2286864347458,352.6274024076462,0
1595994998.780124,673.0307017393112,352.6274024076462,0
1595994998.7901065,674.827567202568,352.6274024076462,0
1595994998.8001223,676.630397898674,352.6274024076462,0
1595994998.8101158,678.4292374677658,352.6274024076462,0
1595994998.8201246,680.2308236188888,352.6274024076462,0
1595994998.8301237,682.0306502408981,352.6274024076462,0
1595994998.8401048,683.8272582120895,352.6274024076462,0
1595994998.8501065,685.6275569028854,352.6274024076462,0
1595994998.8601124,687.4286280698776,352.6274024076462,0
1595994998.8701248,689.2308579511642,352.6274024076462,0
1595994998.880122,691.0303412504196,352.6274024076462,0
1595994998.8901093,692.8280650205612,352.6274024076462,0
1595994998.9001055,694.6273766584396,352.6274024076462,0
1595994998.910122,696.4303361005783,352.6274024076462,0
1595994998.9201102,698.2282315320969,352.6274024076462,0
1595994998.9301107,700.0283156461716,352.6274024076462,0
1595994998.9401078,701.8277989454269,352.6274024076462,0
1595994998.9501235,703.6306296415329,352.6274024076462,0
1595994998.9601214,705.430241686821,352.6274024076462,0
1595994998.9701073,707.2277079648971,352.6274024076462,0
1595994998.9801102,709.0282212324142,352.6274024076462,0
1595994998.990127,710.8312665052414,352.6274024076462,0
1595994999.000113,712.6287327833176,352.6274024076462,0
1595994999.000113,0,352.6274024076462,0
1595994999.0101297,354.4304047651291,352.6274024076462,0
1595994999.0201187,356.22842894268035,352.6274024076462,0
1595994999.0301268,358.0298863477707,352.6274024076462,0
1595994999.0401356,359.83147249889373,352.6274024076462,0
1595994999.041072,360,352.6274024076462,1
1595994999.0501137,361.62752257061004,352.6274024076462,0
1595994999.060127,363.4299241132736,352.6274024076462,0
1595994999.0701146,365.22769079875945,352.6274024076462,0
1595994999.0801342,367.0312081403732,352.6274024076462,0
1595994999.0901258,368.8297043867111,352.6274024076462,0
1595994999.1001132,370.6274281568527,352.6274024076462,0
1595994999.1101284,372.4301730222702,352.6274024076462,0
1595994999.1201284,374.2301713056564,352.6274024076462,0
1595994999.1301174,376.0281954832077,352.6274024076462,0
1595994999.1401305,377.83055411052703,352.6274024076462,0
1595994999.150113,379.62741957378387,352.6274024076462,0
1595994999.1601262,381.4297782011032,352.6274024076462,0
1595994999.1701336,383.2311068601608,352.6274024076462,0
1595994999.1801226,385.0291310377121,352.6274024076462,0
1595994999.1901333,386.83106051158904,352.6274024076462,0
1595994999.2001257,388.62968550395965,352.6274024076462,0
1595994999.210118,390.42831049633025,352.6274024076462,0
1595994999.220115,392.2277508802414,352.6274024076462,0
1595994999.2301273,394.029980761528,352.6274024076462,0
1595994999.2401278,395.8300648756027,352.6274024076462,0
1595994999.2501323,397.6308785505295,352.6274024076462,0
1595994999.2601218,399.4289885587692,352.6274024076462,0
1595994999.270127,401.2299309797287,352.6274024076462,0
1595994999.2801344,403.0312596387863,352.6274024076462,0
1595994999.2901225,404.8291121549606,352.6274024076462,0
1595994999.3001282,406.6301404066086,352.6274024076462,0
1595994999.310125,408.4295807905197,352.6274024076462,0
1595994999.320116,410.2279482908249,352.6274024076462,0
1595994999.3301265,412.0298348493576,352.6274024076462,0
1595994999.3401268,413.82987604808807,352.6274024076462,0
1595994999.350113,415.6273852415085,352.6274024076462,0
1595994999.3601277,417.4300442762375,352.6274024076462,0
1595994999.3701355,419.2314587659836,352.6274024076462,0
1595994999.3801143,421.0276375837326,352.6274024076462,0
1595994999.3901346,422.8312836713791,352.6274024076462,0
1595994999.400132,424.6308098859787,352.6274024076462,0
1595994999.4101267,426.4298640317917,352.6274024076462,0
1595994999.4201274,428.2299910612106,352.6274024076462,0
1595994999.4301326,430.0309334821701,352.6274024076462,0
1595994999.4401317,431.8307601041794,352.6274024076462,0
1595994999.450128,433.63011465740203,352.6274024076462,0
1595994999.4601216,435.42895422649383,352.6274024076462,0
1595994999.4701226,437.229124171257,352.6274024076462,0
1595994999.476511,438.37904082012176,352.6274024076462,0
1595994999.476511,635.5137122460364,549.7620738335609,0
1595994999.4801216,636.163622219181,549.7620738335609,0
1595994999.4901276,637.9646933861732,549.7620738335609,0
1595994999.4953802,638.9101613350867,549.7620738335609,0
1595994999.4953802,695.673048400526,606.5249608990001,0
1595994999.5001247,696.5270637508678,606.5249608990001,0
1595994999.5101247,698.327062034254,606.5249608990001,0
1595994999.5201256,700.1272319790172,606.5249608990001,0
1595994999.530129,701.9278310772228,606.5249608990001,0
1595994999.5401287,703.7277864452648,606.5249608990001,0
1595994999.550132,705.5283855434703,606.5249608990001,0
1595994999.560127,707.3274826046276,606.5249608990001,0
1595994999.570121,709.1264080044078,606.5249608990001,0
1595994999.5801294,710.9279083248424,606.5249608990001,0
1595994999.5901234,712.7268337246227,606.5249608990001,0
1595994999.600122,714.5265745159435,606.5249608990001,0
1595994999.6101162,716.325542831068,606.5249608990001,0
1595994999.6201203,718.1262706753063,606.5249608990001,0
1595994999.6301334,719.9286293026256,606.5249608990001,0
1595994999.6401272,721.7275117870616,606.5249608990001,0
1595994999.6501188,723.5260080333995,606.5249608990001,0
1595994999.6601267,725.3274225231456,606.5249608990001,0
1595994999.6701345,727.1288370128917,606.5249608990001,0
1595994999.680113,728.9249729152965,606.5249608990001,0
1595994999.690116,730.7254861828136,606.5249608990001,0
1595994999.7001154,732.5253986355114,606.5249608990001,0
1595994999.7101257,734.3272422786998,606.5249608990001,0
1595994999.7201276,736.12758388484,606.5249608990001,0
1595994999.730119,737.9260372158336,606.5249608990001,0
1595994999.7401342,739.7287820812511,606.5249608990001,0
1595994999.750133,741.5285657879161,606.5249608990001,0
1595994999.7601259,743.3272766109752,606.5249608990001,0
1595994999.7701154,745.125386619215,606.5249608990001,0
1595994999.780128,746.9276594158458,606.5249608990001,0
1595994999.7901165,748.7255977627086,606.5249608990001,0
1595994999.8001127,750.524909400587,606.5249608990001,0
1595994999.8101122,752.3248218532848,606.5249608990001,0
1595994999.8201244,754.1270088192272,606.5249608990001,0
1595994999.8301253,755.9271787639904,606.5249608990001,0
1595994999.8401322,757.7284215923595,606.5249608990001,0
1595994999.8501296,759.5279478069591,606.5249608990001,0
1595994999.860131,761.3282035824108,606.5249608990001,0
1595994999.870116,763.12549819911,606.5249608990001,0
1595994999.8801134,764.9250244137096,606.5249608990001,0
1595994999.8901134,766.7250226970958,606.5249608990001,0
1595994999.9001193,768.526093864088,606.5249608990001,0
1595994999.9101217,770.3265213009166,606.5249608990001,0
1595994999.9201238,772.126905822401,606.5249608990001,0
1595994999.930122,773.9265607830333,606.5249608990001,0
1595994999.940121,775.7263874050426,606.5249608990001,0
1595994999.9501166,777.5256132122325,606.5249608990001,0
1595994999.9601185,779.3259548183727,606.5249608990001,0
1595994999.9701312,781.1282276150035,606.5249608990001,0
1595994999.9801254,782.927195930128,606.5249608990001,0
1595994999.9901292,784.7278808590221,606.5249608990001,0
1595995000.0001209,786.52637710536,606.5249608990001,0
1595995000.0101256,788.327233695631,606.5249608990001,0
1595995000.0201225,790.1266740795421,606.5249608990001,0
1595995000.0301263,791.9273590084362,606.5249608990001,0
1595995000.0401304,793.7280868526744,606.5249608990001,0
1595995000.0501196,795.52615394557,606.5249608990001,0
1595995000.0601132,797.3249935146617,606.5249608990001,0
1595995000.070128,799.1276525493907,606.5249608990001,0
1595995000.0801258,800.9272645946788,606.5249608990001,0
1595995000.0901322,802.7284215923595,606.5249608990001,0
1595995000.10013,804.5280336376476,606.5249608990001,0
1595995000.1101286,806.3277744289684,606.5249608990001,0
1595995000.120119,808.1260560985851,606.5249608990001,0
1595995000.1301217,809.9265264507579,606.5249608990001,0
1595995000.1401184,811.7259239193248,606.5249608990001,0
1595995000.150115,813.5253213878917,606.5249608990001,0
1595995000.1601138,815.3251050945568,606.5249608990001,0
1595995000.1701205,817.1263050075817,606.5249608990001,0
1595995000.1801264,818.9273761745739,606.5249608990001,0
1595995000.190133,820.7285760875988,606.5249608990001,0
1595995000.2001324,822.5284456249523,606.5249608990001,0
1595995000.210132,824.32835807765,606.5249608990001,0
1595995000.2201164,826.1255668636608,606.5249608990001,0
1595995000.230131,827.9281829830455,606.5249608990001,0
1595995000.2401185,829.7259496685314,606.5249608990001,0
1595995000.2501261,831.5273212429332,606.5249608990001,0
1595995000.2601254,833.3271907802867,606.5249608990001,0
1595995000.2701175,835.1257728573131,606.5249608990001,0
1595995000.2801325,836.9284748073864,606.5249608990001,0
1595995000.2901204,838.7262844082164,606.5249608990001,0
1595995000.3001313,840.5282567974376,606.5249608990001,0
1595995000.310112,842.3247789379406,606.5249608990001,0
1595995000.3201134,844.1250347133922,606.5249608990001,0
1595995000.3301215,845.9264921184825,606.5249608990001,0
1595995000.340123,847.7267478939342,606.5249608990001,0
1595995000.350117,849.5256732937145,606.5249608990001,0
1595995000.3601155,851.3254140850353,606.5249608990001,0
1595995000.3701208,853.1263565059947,606.5249608990001,0
1595995000.3801265,854.9273847576427,606.5249608990001,0
1595995000.3901255,856.727211379652,606.5249608990001,0
1595995000.4001164,858.5255788799572,606.5249608990001,0
1595995000.410116,860.3254913326549,606.5249608990001,0
1595995000.4201229,862.126734161024,606.5249608990001,0
1595995000.4301288,863.9278053280162,606.5249608990001,0
1595995000.4401262,865.7273315426158,606.5249608990001,0
1595995000.4501286,867.5277589794445,606.5249608990001,0
1595995000.4601305,869.3281005855846,606.5249608990001,0
1595995000.470126,871.1272834774303,606.5249608990001,0
1595995000.4801333,872.9286121364879,606.5249608990001,0
1595995000.4901311,874.728224181776,606.5249608990001,0
1595995000.5001333,876.5286087032604,606.5249608990001,0
1595995000.510123,878.3267616268444,606.5249608990001,0
1595995000.5201151,880.1253437038707,606.5249608990001,0
1595995000.5301201,881.926243209486,606.5249608990001,0
1595995000.5401118,883.7247394558239,606.5249608990001,0
1595995000.550113,885.5249523159313,606.5249608990001,0
1595995000.560116,887.3255084987926,606.5249608990001,0
1595995000.570132,889.1283821102428,606.5249608990001,0
1595995000.58013,890.9280370708751,606.5249608990001,0
1595995000.5901196,892.7261470791149,606.5249608990001,0
1595995000.6001177,894.5258020397472,606.5249608990001,0
1595995000.610124,896.3269590374279,606.5249608990001,0
1595995000.6201136,898.1250690456676,606.5249608990001,0
1595995000.6301289,899.9278139110851,606.5249608990001,0
1595995000.6401277,901.7275976177501,606.5249608990001,0
1595995000.650132,903.5283683773326,606.5249608990001,0
1595995000.660117,905.3256629940319,606.5249608990001,0
1595995000.67013,907.1280216213512,606.5249608990001,0
1595995000.6801264,908.9273761745739,606.5249608990001,0
1595995000.6901178,910.7258295055675,606.5249608990001,0
1595995000.7001302,912.5280593868541,606.5249608990001,0
1595995000.7101126,914.3248819347667,606.5249608990001,0
1595995000.7201145,916.1252235409069,606.5249608990001,0
1595995000.730127,917.9274963375377,606.5249608990001,0
1595995000.7401216,919.7265075680065,606.5249608990001,0
1595995000.750121,921.5264200207042,606.5249608990001,0
1595995000.7601113,923.3246587749767,606.5249608990001,0
1595995000.770119,925.1260303493785,606.5249608990001,0
1595995000.780133,926.9285606380748,606.5249608990001,0
1595995000.7901235,928.7268423076915,606.5249608990001,0
1595995000.8001254,930.5271839138317,606.5249608990001,0
1595995000.8101327,932.3285125728893,606.5249608990001,0
1595995000.8201227,934.1267084118175,606.5249608990001,0
1595995000.8301115,935.9246896740245,606.5249608990001,0
1595995000.8401167,937.725632094984,606.5249608990001,0
1595995000.8501225,939.526660346632,606.5249608990001,0
1595995000.8601315,941.3282894130992,606.5249608990001,0
1595995000.8701205,943.1263135906505,606.5249608990001,0
1595995000.8801224,944.9266551967906,606.5249608990001,0
1595995000.8901274,946.7275547024059,606.5249608990001,0
1595995000.9001312,948.5282396312999,606.5249608990001,0
1595995000.9101145,950.3252338405895,606.5249608990001,0
1595995000.9201164,952.1255754467296,606.5249608990001,0
1595995000.9301243,953.9269899364757,606.5249608990001,0
1595995000.9401174,955.725743674879,606.5249608990001,0
1595995000.9501235,957.5268577572155,606.5249608990001,0
1595995000.960116,959.3254827495861,606.5249608990001,0
1595995000.9701223,961.1266397472667,606.5249608990001,0
1595995000.9801118,962.9247497555065,606.5249608990001,0
1595995000.9901237,964.7268938061046,606.5249608990001,0
1595995001.0001216,966.5265058513927,606.5249608990001,0
1595995001.0001216,0,606.5249608990001,0
1595995001.0101287,248.3262466427135,246.52496089900012,0
1595995001.020142,250.12864818537707,246.52496089900012,0
1595995001.030134,251.9271873470592,246.52496089900012,0
1595995001.0401344,253.7272714611339,246.52496089900012,0
1595995001.0501268,255.52589645350452,246.52496089900012,0
1595995001.0601408,257.3284267422008,246.52496089900012,0
1595995001.0701356,259.1274808880138,246.52496089900012,0
1595995001.0801418,260.9285949703502,246.52496089900012,0
1595995001.0901394,262.72816410029407,246.52496089900012,0
1595995001.1001406,264.5283769604015,246.52496089900012,0
1595995001.1101348,266.327345275526,246.52496089900012,0
1595995001.1201406,268.12837352717395,246.52496089900012,0
1595995001.1301265,269.9258398052501,246.52496089900012,0
1595995001.1401253,271.72562351191516,246.52496089900012,0
1595995001.1501317,273.5267805095958,246.52496089900012,0
1595995001.1601396,275.3281949993419,246.52496089900012,0
1595995001.170123,277.1252321239757,246.52496089900012,0
1595995001.1801233,278.9252733227062,246.52496089900012,0
1595995001.1901245,280.7254861828136,246.52496089900012,0
1595995001.2001429,282.5287889477062,246.52496089900012,0
1595995001.2101393,284.32814350092883,246.52496089900012,0
1595995001.2201304,286.12655391657825,246.52496089900012,0
1595995001.2301345,287.9272817608165,246.52496089900012,0
1595995001.24014,289.72826709712024,246.52496089900012,0
1595995001.2501357,291.5274929043102,246.52496089900012,0
1595995001.260135,293.3273624416637,246.52496089900012,0
1595995001.270135,295.1273607250499,246.52496089900012,0
1595995001.2801387,296.92804565394397,246.52496089900012,0
1595995001.2901356,298.7274860378551,246.52496089900012,0
1595995001.3001285,300.5261968609142,246.52496089900012,0
1595995001.310139,302.3280834194469,246.52496089900012,0
1595995001.3201387,304.1280387874889,246.52496089900012,0
1595995001.3301296,305.92640628779407,246.52496089900012,0
1595995001.3401356,307.72747745478625,246.52496089900012,0
1595995001.3501322,309.52687492335315,246.52496089900012,0
1595995001.36014,311.32828941309924,246.52496089900012,0
1595995001.370134,313.1272148128795,246.52496089900012,0
1595995001.3801425,314.9287151333141,246.52496089900012,0
1595995001.3901215,316.72493686640735,246.52496089900012,0
1595995001.400129,318.5263084408092,246.52496089900012,0
1595995001.4101222,320.3250621792125,246.52496089900012,0
1595995001.42014,322.1282791134166,246.52496089900012,0
1595995001.4301395,323.9281915661144,246.52496089900012,0
1595995001.4401224,325.72509994471545,246.52496089900012,0
1595995001.4501216,327.52496948206897,246.52496089900012,0
1595995001.4601264,329.32582607233996,246.52496089900012,0
1595995001.4701312,331.12668266261096,246.52496089900012,0
1595995001.4801412,332.9284833904552,246.52496089900012,0
1595995001.4901333,334.72706546748157,246.52496089900012,0
1595995001.4955156,335.69587936366077,246.52496089900012,0
1595995001.4955156,352.70876380909823,263.5378453444376,0
1595995001.5001328,353.5398623656168,263.5378453444376,0
1595995001.5101342,355.34011814106844,263.5378453444376,0
1595995001.5201216,357.13784191121005,263.5378453444376,0
1595995001.5301275,358.93891307820223,263.5378453444376,0
1595995001.5360394,360,263.5378453444376,1
1595995001.5401266,360.7387397002115,263.5378453444376,0
1595995001.550123,362.53809425343417,263.5378453444376,0
1595995001.560125,364.33847877491854,263.5378453444376,0
1595995001.5701263,366.13869163502596,263.5378453444376,0
1595995001.5801263,367.9386899184122,263.5378453444376,0
1595995001.5893655,369.60174533833407,263.5378453444376,0
1595995001.5893655,614.8805236015003,508.81662360760373,0
1595995001.5901296,615.018067279784,508.81662360760373,0
1595995001.6001294,616.818022647826,508.81662360760373,0
1595995001.6101255,618.6173342857044,508.81662360760373,0
1595995001.620131,620.4183196220081,508.81662360760373,0
1595995001.630133,622.2186612281482,508.81662360760373,0
1595995001.6401339,624.0188311729114,508.81662360760373,0
1595995001.6501346,625.8189582023304,508.81662360760373,0
1595995001.6601365,627.6192998084705,508.81662360760373,0
1595995001.6701357,629.419169345824,508.81662360760373,0
1595995001.6801386,631.2196826133411,508.81662360760373,0
1595995001.6901376,633.0195092353504,508.81662360760373,0
1595995001.7001324,634.8185633811634,508.81662360760373,0
1595995001.710125,636.6172312888782,508.81662360760373,0
1595995001.7201302,638.4181737098377,508.81662360760373,0
1595995001.7301295,640.2180432471912,508.81662360760373,0
1595995001.7401288,642.0179127845447,508.81662360760373,0
1595995001.7501233,643.8169240150135,508.81662360760373,0
1595995001.760141,645.6200980338733,508.81662360760373,0
1595995001.770137,647.4194096717517,508.81662360760373,0
1595995001.7801244,649.2171334418933,508.81662360760373,0
1595995001.7901423,651.0203503760974,508.81662360760373,0
1595995001.80013,652.8181170615833,508.81662360760373,0
1595995001.810141,654.6201323661487,508.81662360760373,0
1595995001.8201358,656.4191865119617,508.81662360760373,0
1595995001.8301291,658.2179831657093,508.81662360760373,0
1595995001.8401396,660.019869724242,508.81662360760373,0
1595995001.85013,661.8181513938587,508.81662360760373,0
1595995001.860126,663.6174201163929,508.81662360760373,0
1595995001.8701348,665.4190062675159,508.81662360760373,0
1595995001.8801348,667.2190045509021,508.81662360760373,0
1595995001.8901217,669.0166424903553,508.81662360760373,0
1595995001.9001226,670.8168124351184,508.81662360760373,0
1595995001.9101424,672.6203726920764,508.81662360760373,0
1595995001.9201276,674.4177102241199,508.81662360760373,0
1595995001.9301367,676.2193392905872,508.81662360760373,0
1595995001.940136,678.0192088279407,508.81662360760373,0
1595995001.950127,679.8175763282459,508.81662360760373,0
1595995001.9601395,681.6198491248767,508.81662360760373,0
1595995001.970133,683.4186886939685,508.81662360760373,0
1595995001.9801219,685.2166699561756,508.81662360760373,0
1595995001.9901245,687.0171403083484,508.81662360760373,0
1595995002.0001268,688.817567745177,508.81662360760373,0
1595995002.0101364,690.6192826423328,508.81662360760373,0
1595995002.0201294,692.4180363807361,508.81662360760373,0
1595995002.0301378,694.2195367011707,508.81662360760373,0
1595995002.0401392,696.0197924766223,508.81662360760373,0
1595995002.050133,697.8186749610584,508.81662360760373,0
1595995002.0601368,699.6193598899524,508.81662360760373,0
1595995002.0701299,701.4181136283557,508.81662360760373,0
1595995002.0801253,703.2172965202014,508.81662360760373,0
1595995002.0901346,705.018968502013,508.81662360760373,0
1595995002.100137,706.8193959388416,508.81662360760373,0
1595995002.1101315,708.6184071693103,508.81662360760373,0
1595995002.1201322,710.4185341987293,508.81662360760373,0
1595995002.1301272,712.2176312598865,508.81662360760373,0
1595995002.1401348,714.0190028342884,508.81662360760373,0
1595995002.1501374,715.8194731864612,508.81662360760373,0
1595995002.1601276,717.6177119407337,508.81662360760373,0
1595995002.1701217,719.416637340514,508.81662360760373,0
1595995002.180121,721.2165068778675,508.81662360760373,0
1595995002.1901395,723.0198525581043,508.81662360760373,0
1595995002.2001405,724.8200225028675,508.81662360760373,0
1595995002.210123,726.6168879661243,508.81662360760373,0
1595995002.2201395,728.419847408263,508.81662360760373,0
1595995002.2301424,730.2203606757801,508.81662360760373,0
1595995002.2401364,732.0192860755603,508.81662360760373,0
1595995002.2501369,733.819370189635,508.81662360760373,0
1595995002.2601304,735.6182097587268,508.81662360760373,0
1595995002.2701342,737.4188946876209,508.81662360760373,0
1595995002.2801325,739.2185925635974,508.81662360760373,0
1595995002.290137,741.0194062385242,508.81662360760373,0
1595995002.300128,742.8177737388294,508.81662360760373,0
1595995002.3101304,744.618201175658,508.81662360760373,0
1595995002.3201237,746.4169978294055,508.81662360760373,0
1595995002.3301363,748.2192706260364,508.81662360760373,0
1595995002.3401299,750.0181101951282,508.81662360760373,0
1595995002.3501344,751.818923870055,508.81662360760373,0
1595995002.3601248,753.6172055396717,508.81662360760373,0
1595995002.3701262,755.4174613151233,508.81662360760373,0
1595995002.3801222,757.2167300376575,508.81662360760373,0
1595995002.3901224,759.016771236388,508.81662360760373,0
1595995002.400125,760.8172415885608,508.81662360760373,0
1595995002.4101415,762.6202010306995,508.81662360760373,0
1595995002.4201403,764.4199847373645,508.81662360760373,0
1595995002.4301279,766.2177514228504,508.81662360760373,0
1595995002.4401388,768.0197238120716,508.81662360760373,0
1595995002.450132,769.8184775504749,508.81662360760373,0
1595995002.4601269,771.6175746116321,508.81662360760373,0
1595995002.470127,773.4176158103626,508.81662360760373,0
1595995002.4801292,775.218000331847,508.81662360760373,0
1595995002.4901416,777.0202302131336,508.81662360760373,0
1595995002.5001411,778.8201426658313,508.81662360760373,0
1595995002.5101404,780.6200122031848,508.81662360760373,0
1595995002.520126,782.4174355659168,508.81662360760373,0
1595995002.5301201,784.216360965697,508.81662360760373,0
1595995002.5401247,786.0171746406238,508.81662360760373,0
1595995002.5501287,787.8179024848621,508.81662360760373,0
1595995002.5601254,789.617299953429,508.81662360760373,0
1595995002.5701292,791.417984882323,508.81662360760373,0
1595995002.5801306,793.2182406577747,508.81662360760373,0
1595995002.590123,795.0168656501453,508.81662360760373,0
1595995002.600126,796.8174218330066,508.81662360760373,0
1595995002.6101255,798.6173342857044,508.81662360760373,0
1595995002.6201384,800.4196499976795,508.81662360760373,0
1595995002.6301296,802.2180604133289,508.81662360760373,0
1595995002.6401415,804.020204463927,508.81662360760373,0
1595995002.6501396,805.8198594245594,508.81662360760373,0
1595995002.6601229,807.6168536338489,508.81662360760373,0
1595995002.670139,809.4197701606433,508.81662360760373,0
1595995002.6801226,811.2168072852771,508.81662360760373,0
1595995002.6901248,813.0171918067615,508.81662360760373,0
1595995002.7001297,814.8180913123767,508.81662360760373,0
1595995002.7101421,816.6203211936634,508.81662360760373,0
1595995002.720128,818.4177874717395,508.81662360760373,0
1595995002.730136,820.2192019614856,508.81662360760373,0
1595995002.7401257,822.0173548850696,508.81662360760373,0
1595995002.7501369,823.819370189635,508.81662360760373,0
1595995002.7601235,825.6169652137439,508.81662360760373,0
1595995002.770128,827.4177788886707,508.81662360760373,0
1595995002.7801282,829.2178200874012,508.81662360760373,0
1595995002.7901342,831.0188912543933,508.81662360760373,0
1595995002.800138,832.8195761832874,508.81662360760373,0
1595995002.8101366,834.6193169746082,508.81662360760373,0
1595995002.8201404,836.4200019035022,508.81662360760373,0
1595995002.830127,838.2175969276111,508.81662360760373,0
1595995002.8401222,840.0167369041126,508.81662360760373,0
1595995002.8501394,841.819825092284,508.81662360760373,0
1595995002.8601358,843.6191796455066,508.81662360760373,0
1595995002.8701286,845.4178904685657,508.81662360760373,0
1595995002.880129,847.2179745826404,508.81662360760373,0
1595995002.890134,849.0188740882556,508.81662360760373,0
1595995002.9001234,850.8169411811512,508.81662360760373,0
1595995002.9101303,852.6181840095203,508.81662360760373,0
1595995002.9201214,854.4165944251697,508.81662360760373,0
1595995002.930134,856.2188672218006,508.81662360760373,0
1595995002.9401383,858.0196379813831,508.81662360760373,0
1595995002.9501321,859.8185204658191,508.81662360760373,0
1595995002.9601302,861.6181754264514,508.81662360760373,0
1595995002.9701204,863.4164141807239,508.81662360760373,0
1595995002.980132,865.2185153159778,508.81662360760373,0
1595995002.9901366,867.0193289909046,508.81662360760373,0
1595995003.000125,868.8172244224231,508.81662360760373,0
1595995003.000125,0,508.81662360760373,0
1595995003.0101454,150.62031261059445,148.81662360760373,0
1595995003.020134,152.41825095745725,148.81662360760373,0
1595995003.0301402,154.21936503979367,148.81662360760373,0
1595995003.040138,156.01897708508176,148.81662360760373,0
1595995003.0501287,157.8173016700427,148.81662360760373,0
1595995003.060129,159.61734286877316,148.81662360760373,0
1595995003.070128,161.41716949078244,148.81662360760373,0
1595995003.0801287,163.2172965202014,148.81662360760373,0
1595995003.090126,165.016822734801,148.81662360760373,0
1595995003.100139,166.8191384467761,148.81662360760373,0
1595995003.1101325,168.6179780158679,148.81662360760373,0
1595995003.1201262,170.41686050030393,148.81662360760373,0
1595995003.1301389,172.21913329693479,148.81662360760373,0
1595995003.140133,174.01805869671506,148.81662360760373,0
1595995003.1501446,175.82015983196897,148.81662360760373,0
1595995003.1601427,177.6198147926013,148.81662360760373,0
1595995003.1701448,179.42019931408566,148.81662360760373,0
1595995003.180128,181.21719352337522,148.81662360760373,0
1595995003.1901305,183.01762096020383,148.81662360760373,0
1595995003.200136,184.81860629650754,148.81662360760373,0
1595995003.2101247,186.61658755871457,148.81662360760373,0
1595995003.2201338,188.41821662518186,148.81662360760373,0
1595995003.2301319,190.21787158581418,148.81662360760373,0
1595995003.2401254,192.01671115490598,148.81662360760373,0
1595995003.2501392,193.81919852825803,148.81662360760373,0
1595995003.2601461,195.62044135662717,148.81662360760373,0
1595995003.2701354,197.41850844952268,148.81662360760373,0
1595995003.2801342,199.21829215618772,148.81662360760373,0
1595995003.2901416,201.01962081524533,148.81662360760373,0
1595995003.3001416,202.81961909863156,148.81662360760373,0
1595995003.3101454,204.6203040275256,148.81662360760373,0
1595995003.3201313,206.41777030560178,148.81662360760373,0
1595995003.330128,208.21716777416867,148.81662360760373,0
1595995003.3401372,210.0188397559802,148.81662360760373,0
1595995003.3501258,211.816778102843,148.81662360760373,0
1595995003.3601367,213.61875049206418,148.81662360760373,0
1595995003.3701422,215.4197358283679,148.81662360760373,0
1595995003.3801365,217.2187041434924,148.81662360760373,0
1595995003.390142,219.0196894797961,148.81662360760373,0
1595995003.400126,220.81681243511838,148.81662360760373,0
1595995003.4101353,222.6184844169299,148.81662360760373,0
1595995003.4201393,224.41921226116818,148.81662360760373,0
1595995003.4301262,226.2168502006213,148.81662360760373,0
1595995003.4401267,228.01693431469602,148.81662360760373,0
1595995003.4501286,229.81727592083615,148.81662360760373,0
1595995003.4601436,231.6199778709094,148.81662360760373,0
1595995003.4701366,233.41873160931272,148.81662360760373,0
1595995003.4801302,235.2175711784045,148.81662360760373,0
1595995003.4901245,237.01653949352902,148.81662360760373,0
1595995003.5001397,238.8192843589465,148.81662360760373,0
1595995003.510146,240.62039844128293,148.81662360760373,0
1595995003.5201414,242.41958133312863,148.81662360760373,0
1595995003.530145,244.22022334667844,148.81662360760373,0
1595995003.5401423,246.01974956127805,148.81662360760373,0
1595995003.5501397,247.81927577587766,148.81662360760373,0
1595995003.5601416,249.6196173820178,148.81662360760373,0
1595995003.5701313,251.41777030560178,148.81662360760373,0
1595995003.580139,253.21914188000363,148.81662360760373,0
1595995003.5895004,254.90421287151975,148.81662360760373,0
1595995003.5895004,328.4712638614559,222.3836745975399,0
1595995003.5901322,328.58498952368734,222.3836745975399,0
1595995003.600127,330.38404366950033,222.3836745975399,0
1595995003.6101403,332.1864452121639,222.3836745975399,0
1595995003.6201415,333.9866580722713,222.3836745975399,0
1595995003.6301322,335.78498265723226,222.3836745975399,0
1595995003.6401367,337.585796332159,222.3836745975399,0
1595995003.644618,338.39243314246175,222.3836745975399,0
1595995003.644618,353.5177299427385,237.50897139781668,0
1595995003.6501245,354.5089027332659,237.50897139781668,0
1595995003.660138,356.3113042759295,237.50897139781668,0
1595995003.6701305,358.10997218364435,237.50897139781668,0
1595995003.6801403,359.91172999614435,237.50897139781668,0
1595995003.6806347,360,237.50897139781668,1
1595995003.6901383,361.71138495677667,237.50897139781668,0
1595995003.70014,363.51168364757257,237.50897139781668,0
1595995003.7101388,365.3114673542376,237.50897139781668,0
1595995003.7201397,367.1116372990008,237.50897139781668,0
1595995003.7301326,368.9103481220599,237.50897139781668,0
1595995003.740127,370.7093593525286,237.50897139781668,0
1595995003.7501411,372.5118896412249,237.50897139781668,0
1595995003.7601457,374.31270331615167,237.50897139781668,0
1595995003.7701397,376.11162871593194,237.50897139781668,0
1595995003.7801328,377.91038245433526,237.50897139781668,0
1595995003.7901247,379.7089216160174,237.50897139781668,0
1595995003.8001308,381.5100356983538,237.50897139781668,0
1595995003.8101313,383.3101198124285,237.50897139781668,0
1595995003.8201394,385.11157721751886,237.50897139781668,0
1595995003.8301408,386.9118329929705,237.50897139781668,0
1595995003.840143,388.7122175144549,237.50897139781668,0
1595995003.85013,390.50989836925226,237.50897139781668,0
1595995003.860141,392.31187075847345,237.50897139781668,0
1595995003.8701334,394.11049575084405,237.50897139781668,0
1595995003.8801265,395.9092494892474,237.50897139781668,0
1595995003.8901267,397.70929068797784,237.50897139781668,0
1595995003.9001353,399.51083392375665,237.50897139781668,0
1595995003.910138,401.3113042759295,237.50897139781668,0
1595995003.920132,403.1102296757098,237.50897139781668,0
1595995003.9301443,404.9124595569964,237.50897139781668,0
1595995003.9401274,406.7094108509417,237.50897139781668,0
1595995003.9501278,408.5094949650164,237.50897139781668,0
1595995003.9601371,410.31116694682794,237.50897139781668,0
1595995003.9701252,412.10901946300226,237.50897139781668,0
1595995003.9801455,413.91266555064874,237.50897139781668,0
1595995003.9901423,415.7121059345599,237.50897139781668,0
1595995004.0001333,417.51047343486505,237.50897139781668,0
1595995004.0101287,419.30965632671075,237.50897139781668,0
1595995004.0201406,421.1118003773089,237.50897139781668,0
1595995004.030136,422.9109832691546,237.50897139781668,0
1595995004.040124,424.7087928699847,237.50897139781668,0
1595995004.0501456,426.5126964496966,237.50897139781668,0
1595995004.060133,428.3104202198382,237.50897139781668,0
1595995004.0701349,430.11076182597833,237.50897139781668,0
1595995004.0801318,431.91020220988946,237.50897139781668,0
1595995004.0901284,433.70959967845636,237.50897139781668,0
1595995004.1001382,435.51135749095636,237.50897139781668,0
1595995004.1101248,437.30895251506524,237.50897139781668,0
1595995004.1201305,439.1099807667132,237.50897139781668,0
1595995004.130144,440.91238230937677,237.50897139781668,0
1595995004.1401403,442.7117368625994,237.50897139781668,0
1595995004.1501307,444.5100185322161,237.50897139781668,0
1595995004.1601396,446.31160468333917,237.50897139781668,0
1595995004.1701362,448.11100215190606,237.50897139781668,0
1595995004.1801238,449.9087688373919,237.50897139781668,0
1595995004.1901255,451.7090675281878,237.50897139781668,0
1595995004.20014,453.51168364757257,237.50897139781668,0
1595995004.2101328,455.31039447063165,237.50897139781668,0
1595995004.2201347,457.1107360767718,237.50897139781668,0
1595995004.230141,458.9118501591082,237.50897139781668,0
1595995004.2401283,460.7095739292498,237.50897139781668,0
1595995004.2501395,462.51158923381524,237.50897139781668,0
1595995004.2601426,464.3121454166766,237.50897139781668,0
1595995004.2701268,466.1093112873431,237.50897139781668,0
1595995004.2801266,467.90926665538507,237.50897139781668,0
1595995004.2901347,469.7107240604754,237.50897139781668,0
1595995004.300128,471.50952071422296,237.50897139781668,0
1595995004.3101373,473.3111926960345,237.50897139781668,0
1595995004.3201392,475.1115343021746,237.50897139781668,0
1595995004.3301392,476.91153258556085,237.50897139781668,0
1595995004.340143,478.7122175144549,237.50897139781668,0
1595995004.350137,480.51114291423517,237.50897139781668,0
1595995004.360128,482.30951041454034,237.50897139781668,0
1595995004.3701236,484.1087362217303,237.50897139781668,0
1595995004.3801434,485.9122964786883,237.50897139781668,0
1595995004.3901365,487.7110502170916,237.50897139781668,0
1595995004.400132,489.5102331089373,237.50897139781668,0
1595995004.4101315,491.31014556163507,237.50897139781668,0
1595995004.4201336,493.11053008311944,237.50897139781668,0
1595995004.4301264,494.9092409061785,237.50897139781668,0
1595995004.4401457,496.71271533244806,237.50897139781668,0
1595995004.4501338,498.5105678486224,237.50897139781668,0
1595995004.460133,500.3104373859759,237.50897139781668,0
1595995004.4701345,502.11069316142755,237.50897139781668,0
1595995004.4801388,503.91146392101007,237.50897139781668,0
1595995004.4901323,505.71030349010186,237.50897139781668,0
1595995004.5001388,507.51146048778253,237.50897139781668,0
1595995004.5101347,509.3107292103167,237.50897139781668,0
1595995004.5201406,511.1118003773089,237.50897139781668,0
1595995004.5301447,512.9125282215472,237.50897139781668,0
1595995004.5401325,514.7103378223773,237.50897139781668,0
1595995004.5501256,516.5090915607806,237.50897139781668,0
1595995004.5601442,518.3124372410174,237.50897139781668,0
1595995004.570129,520.1096889423724,237.50897139781668,0
1595995004.58014,521.9117042469378,237.50897139781668,0
1595995004.590144,523.7123891758318,237.50897139781668,0
1595995004.6001277,525.5094692158099,237.50897139781668,0
1595995004.6101313,527.3101112293597,237.50897139781668,0
1595995004.6201353,529.110839073598,237.50897139781668,0
1595995004.6301386,530.9114381718035,237.50897139781668,0
1595995004.6401286,532.7096340107317,237.50897139781668,0
1595995004.6501284,534.5095893787737,237.50897139781668,0
1595995004.6601284,536.30958766216,237.50897139781668,0
1595995004.6701238,538.1087705540057,237.50897139781668,0
1595995004.6801455,539.9126741337176,237.50897139781668,0
1595995004.690128,541.7095395969744,237.50897139781668,0
1595995004.7001355,543.510868256032,237.50897139781668,0
1595995004.7101405,545.3117677616473,237.50897139781668,0
1595995004.7201428,547.1121951984759,237.50897139781668,0
1595995004.730135,548.9107772755023,237.50897139781668,0
1595995004.7401235,550.708715622365,237.50897139781668,0
1595995004.7501295,552.5097867893572,237.50897139781668,0
1595995004.7601268,554.3093130039568,237.50897139781668,0
1595995004.770125,556.1089679645892,237.50897139781668,0
1595995004.7801282,557.9095670627947,237.50897139781668,0
1595995004.7901232,559.708664123952,237.50897139781668,0
1595995004.800137,561.511151497304,237.50897139781668,0
1595995004.8101418,563.312008087575,237.50897139781668,0
1595995004.8201325,565.110332672536,237.50897139781668,0
1595995004.8301454,566.912648384511,237.50897139781668,0
1595995004.8401406,568.7117883610125,237.50897139781668,0
1595995004.8501387,570.5114433216448,237.50897139781668,0
1595995004.860136,572.3109695362444,237.50897139781668,0
1595995004.8701253,574.10903662914,237.50897139781668,0
1595995004.880128,575.9095069813128,237.50897139781668,0
1595995004.8901346,577.7107068943377,237.50897139781668,0
1595995004.9001365,579.5110485004778,237.50897139781668,0
1595995004.9101384,581.311390106618,237.50897139781668,0
1595995004.9201314,583.1101438450213,237.50897139781668,0
1595995004.930138,584.9113437580462,237.50897139781668,0
1595995004.9401302,586.7099258350726,237.50897139781668,0
1595995004.9501305,588.509967033803,237.50897139781668,0
1595995004.9601243,590.3088495182391,237.50897139781668,0
1595995004.9701238,592.1087619709368,237.50897139781668,0
1595995004.9801385,593.9114210056658,237.50897139781668,0
1595995004.9901376,595.7112476276751,237.50897139781668,0
1595995005.000141,597.5118467258807,237.50897139781668,0
1595995005.000141,0,237.50897139781668,0
1595995005.010149,239.310428802907,237.50897139781668,0
1595995005.0201514,241.11085623973563,237.50897139781668,0
1595995005.0301468,242.91003913158133,237.50897139781668,0
1595995005.0401568,244.71183985942557,237.50897139781668,0
1595995005.0501502,246.51063651317313,237.50897139781668,0
1595995005.0601587,248.31217974895193,237.50897139781668,0
1595995005.0701544,250.11140555614188,237.50897139781668,0
1595995005.0801492,251.91045970195486,237.50897139781668,0
1595995005.090145,253.70972842448904,237.50897139781668,0
1595995005.1001458,255.509855453908,237.50897139781668,0
1595995005.110149,257.31041163676935,237.50897139781668,0
1595995005.120159,259.1122123646136,237.50897139781668,0
1595995005.1301525,260.9110519337054,237.50897139781668,0
1595995005.1401443,262.7095910953875,237.50897139781668,0
1595995005.1501524,264.51104850047784,237.50897139781668,0
1595995005.1601603,266.31246299022393,237.50897139781668,0
1595995005.1701596,268.11233252757745,237.50897139781668,0
1595995005.1801496,269.9105283665057,237.50897139781668,0
1595995005.1901584,271.7121145176287,237.50897139781668,0
1595995005.2001407,273.5089370655413,237.50897139781668,0
1595995005.2101586,275.3121539997454,237.50897139781668,0
1595995005.2201533,277.1112081455584,237.50897139781668,0
1595995005.2301528,278.91112059825616,237.50897139781668,0
1595995005.2401474,280.7101318287249,237.50897139781668,0
1595995005.2501454,282.50978678935724,237.50897139781668,0
1595995005.2601516,284.31090087169366,237.50897139781668,0
1595995005.270155,286.1114999698992,237.50897139781668,0
1595995005.2801573,287.91192740672784,237.50897139781668,0
1595995005.2901473,289.71012324565606,237.50897139781668,0
1595995005.300155,291.5114948200579,237.50897139781668,0
1595995005.3101468,293.31003398174005,237.50897139781668,0
1595995005.3201566,295.11179179424005,237.50897139781668,0
1595995005.3301454,296.9097730564471,237.50897139781668,0
1595995005.3401563,298.71174544566827,237.50897139781668,0
1595995005.3501537,300.5112716602679,237.50897139781668,0
1595995005.3601522,302.3110124515887,237.50897139781668,0
1595995005.3701599,304.11238402599054,237.50897139781668,0
1595995005.3801534,305.91122359508233,237.50897139781668,0
1595995005.390146,307.7098915027972,237.50897139781668,0
1595995005.4001472,309.5101043629046,237.50897139781668,0
1595995005.4101608,311.3125488209124,237.50897139781668,0
1595995005.4201446,313.10962886089044,237.50897139781668,0
1595995005.4301417,314.9091121601458,237.50897139781668,0
1595995005.4401548,316.71147078746515,237.50897139781668,0
1595995005.4501586,318.5121557163592,237.50897139781668,0
1595995005.4601521,320.310995285451,237.50897139781668,0
1595995005.4701452,322.1097490238543,237.50897139781668,0
1595995005.4801588,323.9121934818621,237.50897139781668,0
1595995005.4901412,325.7090160297747,237.50897139781668,0
1595995005.500159,327.5122329639788,237.50897139781668,0
1595995005.5101597,329.31235999339776,237.50897139781668,0
1595995005.5201447,331.109654610097,237.50897139781668,0
1595995005.5301614,332.9126569675799,237.50897139781668,0
1595995005.5401618,334.7127410816546,237.50897139781668,0
1595995005.5501544,336.51140898936944,237.50897139781668,0
1595995005.5601583,338.3120939182635,237.50897139781668,0
1595995005.5701592,340.11226386302667,237.50897139781668,0
1595995005.580148,341.9102451252337,237.50897139781668,0
1595995005.5901575,343.71196002238946,237.50897139781668,0
1595995005.6001437,345.5094692158099,237.50897139781668,0
1595995005.610146,347.3098966526385,237.50897139781668,0
1595995005.6201615,349.1126844334002,237.50897139781668,0
1595995005.6301594,350.9122964786883,237.50897139781668,0
1595995005.6401603,352.7124664234515,237.50897139781668,0
1595995005.6501505,354.51070517772393,237.50897139781668,0
1595995005.6601562,356.3117334293719,237.50897139781668,0
1595995005.6701555,358.1116029667254,237.50897139781668,0
1595995005.6801543,359.91138667339044,237.50897139781668,0
1595995005.680648,360,237.50897139781668,1
1595995005.6901493,361.71048373454767,237.50897139781668,0
1595995005.700159,363.51224154704767,237.50897139781668,0
1595995005.7101622,365.312797729909,237.50897139781668,0
1595995005.7201602,367.1124526905413,237.50897139781668,0
1595995005.7301538,368.9112922596331,237.50897139781668,0
1595995005.7401564,370.71176261180597,237.50897139781668,0
1595995005.74472,371.5332052158709,237.50897139781668,0
1595995005.74472,615.4599615647612,481.435727746707,0
1595995005.7501478,616.4369722916899,481.435727746707,0
1595995005.760145,618.2364555909453,481.435727746707,0
1595995005.7701612,620.0393721177397,481.435727746707,0
1595995005.780156,621.8384262635527,481.435727746707,0
1595995005.7860887,622.9063316895781,481.435727746707,0
1595995005.7860887,690.8718995068734,549.4012955640023,0
1595995005.7901537,691.6036061261361,549.4012955640023,0
1595995005.800162,693.4051064465707,549.4012955640023,0
1595995005.8101504,695.2030018780893,549.4012955640023,0
1595995005.8201401,697.0011548016732,549.4012955640023,0
1595995005.8301535,698.8035563443368,549.4012955640023,0
1595995005.8401587,700.6044987652963,549.4012955640023,0
1595995005.8501449,702.4020079587167,549.4012955640023,0
1595995005.8601513,704.2031649563974,549.4012955640023,0
1595995005.8701487,706.002691170997,549.4012955640023,0
1595995005.8801556,707.8039339993661,549.4012955640023,0
1595995005.8901458,709.6021727536386,549.4012955640023,0
1595995005.900155,711.4038447354501,549.4012955640023,0
1595995005.91015,713.2029417966073,549.4012955640023,0
1595995005.920148,715.0025538418954,549.4012955640023,0
1595995005.9301448,716.8019942258065,549.4012955640023,0
1595995005.9401617,718.6050394986337,549.4012955640023,0
1595995005.9501576,720.4043082211679,549.4012955640023,0
1595995005.9601552,722.2038773511117,549.4012955640023,0
1595995005.9701595,724.0046481106942,549.4012955640023,0
1595995005.9801407,725.8012560818856,549.4012955640023,0
1595995005.9901512,727.6031426404184,549.4012955640023,0
1595995006.0001512,729.4031409238046,549.4012955640023,0
1595995006.0101407,731.2012509320443,549.4012955640023,0
1595995006.0201495,733.0028370831674,549.4012955640023,0
1595995006.030158,734.8043803189462,549.4012955640023,0
1595995006.0401583,736.6044215176767,549.4012955640023,0
1595995006.0501509,738.4030894253915,549.4012955640023,0
1595995006.0601544,740.2037314389413,549.4012955640023,0
1595995006.0701423,742.0015410397714,549.4012955640023,0
1595995006.0801556,743.803942582435,549.4012955640023,0
1595995006.0901558,745.6039837811654,549.4012955640023,0
1595995006.100156,747.4040249798959,549.4012955640023,0
1595995006.1101518,749.2032507870858,549.4012955640023,0
1595995006.1201417,751.0014466260141,549.4012955640023,0
1595995006.1301453,752.8020886395639,549.4012955640023,0
1595995006.1401618,754.6050480817025,549.4012955640023,0
1595995006.150158,756.404359719581,549.4012955640023,0
1595995006.1601493,758.2028130505746,549.4012955640023,0
1595995006.1701407,760.0012663815683,549.4012955640023,0
1595995006.1801577,761.8043116543954,549.4012955640023,0
1595995006.1901448,763.6019925091928,549.4012955640023,0
1595995006.2001414,765.4013899777597,549.4012955640023,0
1595995006.2101555,767.203920266456,549.4012955640023,0
1595995006.220148,769.0025881741708,549.4012955640023,0
1595995006.2301457,770.8021573041146,549.4012955640023,0
1595995006.2401397,772.6010827038949,549.4012955640023,0
1595995006.2501464,774.4022826169198,549.4012955640023,0
1595995006.2601485,776.2026671384042,549.4012955640023,0
1595995006.2701566,778.0041245434945,549.4012955640023,0
1595995006.2801495,779.8028353665536,549.4012955640023,0
1595995006.2901516,781.603219888038,549.4012955640023,0
1595995006.3001618,783.4050635312265,549.4012955640023,0
1595995006.3101432,785.2017144177621,549.4012955640023,0
1595995006.3201594,787.0046309445565,549.4012955640023,0
1595995006.3301468,788.8023547146981,549.4012955640023,0
1595995006.3401446,790.6019667599862,549.4012955640023,0
1595995006.3501413,792.4013642285531,549.4012955640023,0
1595995006.360142,794.2014912579721,549.4012955640023,0
1595995006.3701618,796.0050515149301,549.4012955640023,0
1595995006.3801455,797.8021315549081,549.4012955640023,0
1595995006.390144,799.6018723462289,549.4012955640023,0
1595995006.400151,801.403115174598,549.4012955640023,0
1595995006.410151,803.2031134579843,549.4012955640023,0
1595995006.4201398,805.0010947201913,549.4012955640023,0
1595995006.4301486,806.8026808713144,549.4012955640023,0
1595995006.4401593,808.6046103451913,549.4012955640023,0
1595995006.4501414,810.4013899777597,549.4012955640023,0
1595995006.460147,812.2023753140634,549.4012955640023,0
1595995006.470151,814.0031031583017,549.4012955640023,0
1595995006.4801538,815.8036164258187,549.4012955640023,0
1595995006.4901562,817.6040438626474,549.4012955640023,0
1595995006.5001493,819.4027976010507,549.4012955640023,0
1595995006.5101602,821.2047699902719,549.4012955640023,0
1595995006.5201566,823.0041245434945,549.4012955640023,0
1595995006.5301607,824.8048523877328,549.4012955640023,0
1595995006.5401454,826.6021040890878,549.4012955640023,0
1595995006.5501456,828.4021452878183,549.4012955640023,0
1595995006.5601513,830.2031735394662,549.4012955640023,0
1595995006.570154,832.0036438916391,549.4012955640023,0
1595995006.58014,833.8011530850595,549.4012955640023,0
1595995006.5901442,835.6018809292977,549.4012955640023,0
1595995006.6001558,837.4039820645517,549.4012955640023,0
1595995006.6101563,839.2040661786264,549.4012955640023,0
1595995006.6201606,841.0048369382089,549.4012955640023,0
1595995006.630155,842.8038481686776,549.4012955640023,0
1595995006.6401515,844.6032027219003,549.4012955640023,0
1595995006.6501415,846.4013985608285,549.4012955640023,0
1595995006.6601593,848.2046154950326,549.4012955640023,0
1595995006.6701453,850.0020817731088,549.4012955640023,0
1595995006.6801484,851.8026379559701,549.4012955640023,0
1595995006.690142,853.6014775250619,549.4012955640023,0
1595995006.70014,855.4011324856942,549.4012955640023,0
1595995006.7101593,857.2046069119638,549.4012955640023,0
1595995006.720146,859.0022019360727,549.4012955640023,0
1595995006.7301464,860.8022860501474,549.4012955640023,0
1595995006.7401454,862.6021126721566,549.4012955640023,0
1595995006.7501414,864.4013813946908,549.4012955640023,0
1595995006.7601466,866.2023238156503,549.4012955640023,0
1595995006.7701457,868.0021504376596,549.4012955640023,0
1595995006.7801452,869.8020628903573,549.4012955640023,0
1595995006.7901416,871.60141744358,549.4012955640023,0
1595995006.8001544,873.4037331555551,549.4012955640023,0
1595995006.81016,875.2047184918588,549.4012955640023,0
1595995006.8201468,877.0023564313119,549.4012955640023,0
1595995006.8301563,878.8040713284677,549.4012955640023,0
1595995006.8401465,880.6023100827401,549.4012955640023,0
1595995006.8501403,882.4011925671762,549.4012955640023,0
1595995006.8601503,884.2029932950204,549.4012955640023,0
1595995006.8701465,886.0023049328988,549.4012955640023,0
1595995006.8801482,887.8026036236947,549.4012955640023,0
1595995006.89015,889.6029452298349,549.4012955640023,0
1595995006.900145,891.4020422909921,549.4012955640023,0
1595995006.9101412,893.2013539288705,549.4012955640023,0
1595995006.9201584,895.0044421170419,549.4012955640023,0
1595995006.9301603,896.804783723182,549.4012955640023,0
1595995006.9401517,898.6032370541757,549.4012955640023,0
1595995006.9501445,900.4019478772348,549.4012955640023,0
1595995006.9601438,902.2018174145883,549.4012955640023,0
1595995006.9701457,904.0021590207284,549.4012955640023,0
1595995006.9801412,905.8013419125741,549.4012955640023,0
1595995006.9901443,907.6018980954354,549.4012955640023,0
1595995007.0001504,909.4030121777719,549.4012955640023,0
1595995007.0001504,0,549.4012955640023,0
1595995007.0101588,191.2027958844369,189.40129556400234,0
1595995007.0201688,193.00459661228115,189.40129556400234,0
1595995007.0301557,194.80223455173427,189.40129556400234,0
1595995007.040156,196.60227575046474,189.40129556400234,0
1595995007.0501668,198.40424813968593,189.40129556400234,0
1595995007.060155,200.20210065586025,189.40129556400234,0
1595995007.0701544,202.002013108558,189.40129556400234,0
1595995007.0801504,203.80128183109218,189.40129556400234,0
1595995007.0901575,205.60256757480556,189.40129556400234,0
1595995007.1001563,207.4023512814706,189.40129556400234,0
1595995007.1101542,209.2019633267587,189.40129556400234,0
1595995007.1201544,211.00200452548916,189.40129556400234,0
1595995007.1301563,212.8023461316293,189.40129556400234,0
1595995007.1401622,214.60341729862148,189.40129556400234,0
1595995007.150169,216.40461721164638,189.40129556400234,0
1595995007.1601577,218.2025984738534,189.40129556400234,0
1595995007.1701705,220.0049141858285,189.40129556400234,0
1595995007.1801677,221.80439748508388,189.40129556400234,0
1595995007.190163,223.60353746158535,189.40129556400234,0
1595995007.200151,225.40138997775966,189.40129556400234,0
1595995007.2101521,227.20160283786709,189.40129556400234,0
1595995007.2201505,229.00130071384365,189.40129556400234,0
1595995007.2301683,230.80451764804775,189.40129556400234,0
1595995007.2401638,232.60370053989345,189.40129556400234,0
1595995007.2501502,234.4012526486581,189.40129556400234,0
1595995007.2601554,236.20219506961757,189.40129556400234,0
1595995007.2701545,238.00202169162685,189.40129556400234,0
1595995007.2801661,239.80412282688076,189.40129556400234,0
1595995007.290159,241.60283364993984,189.40129556400234,0
1595995007.3001602,243.40304651004726,189.40129556400234,0
1595995007.3101587,245.20278730136806,189.40129556400234,0
1595995007.3201509,247.00136937839443,189.40129556400234,0
1595995007.3301673,248.8043288205331,189.40129556400234,0
1595995007.3401523,250.60162343723232,189.40129556400234,0
1595995007.3501575,252.4025658581918,189.40129556400234,0
1595995007.3601606,254.20312204105312,189.40129556400234,0
1595995007.3701563,256.00234784824306,189.40129556400234,0
1595995007.3801713,257.8050497983163,189.40129556400234,0
1595995007.3901691,259.6046618436044,189.40129556400234,0
1595995007.4001548,261.4020852063363,189.40129556400234,0
1595995007.41015,263.2012251828378,189.40129556400234,0
1595995007.420155,265.002124688453,189.40129556400234,0
1595995007.4301624,266.80345334751064,189.40129556400234,0
1595995007.4401689,268.6046103451913,189.40129556400234,0
1595995007.4501634,270.40362157566005,189.40129556400234,0
1595995007.4601603,272.2030619595712,189.40129556400234,0
1595995007.4701507,274.0013436291879,189.40129556400234,0
1595995007.480162,275.8033589337533,189.40129556400234,0
1595995007.4901617,277.6033143017953,189.40129556400234,0
1595995007.5001721,279.405200860328,189.40129556400234,0
1595995007.5101564,281.2023667309945,189.40129556400234,0
1595995007.52017,283.00481118900234,189.40129556400234,0
1595995007.5301652,284.8039511655038,189.40129556400234,0
1595995007.5401561,286.602318665809,189.40129556400234,0
1595995007.5501587,288.40278901798183,189.40129556400234,0
1595995007.5601635,290.2036456082528,189.40129556400234,0
1595995007.570165,292.0039013837045,189.40129556400234,0
1595995007.5801704,293.8048867200082,189.40129556400234,0
1595995007.5901499,295.60119428378994,189.40129556400234,0
1595995007.6001692,297.40466871005947,189.40129556400234,0
1595995007.610169,299.20462407810146,189.40129556400234,0
1595995007.6201577,301.0026053403085,189.40129556400234,0
1595995007.630153,302.80174531680996,189.40129556400234,0
1595995007.6401546,304.60204400760585,189.40129556400234,0
1595995007.6501546,306.4020422909921,189.40129556400234,0
1595995007.6601686,308.2045725796884,189.40129556400234,0
1595995007.6701703,310.0048712704843,189.40129556400234,0
1595995007.6801567,311.8024233792489,189.40129556400234,0
1595995007.6901526,313.6016921017831,189.40129556400234,0
1595995007.700155,315.4021195386117,189.40129556400234,0
1595995007.7101622,317.2034052823251,189.40129556400234,0
1595995007.720167,319.0042618725961,189.40129556400234,0
1595995007.7301502,320.80125608188564,189.40129556400234,0
1595995007.740166,322.6040867779916,189.40129556400234,0
1595995007.7501512,324.40142431003505,189.40129556400234,0
1595995007.7601626,326.2034825299447,189.40129556400234,0
1595995007.7701545,328.00202169162685,189.40129556400234,0
1595995007.780166,329.8040799115365,189.40129556400234,0
1595995007.7874484,331.1149291012948,189.40129556400234,0
1595995007.7874484,351.33447873038847,209.62084519309596,0
1595995007.7901633,351.8231557552298,209.62084519309596,0
1595995007.800156,353.62186657828886,209.62084519309596,0
1595995007.810167,355.42383896751005,209.62084519309596,0
1595995007.8201623,357.2229789440115,209.62084519309596,0
1595995007.830156,359.02186142844755,209.62084519309596,0
1595995007.8356025,360,209.62084519309596,1
1595995007.8401515,360.82104432029325,209.62084519309596,0
1595995007.850165,362.6234458629568,209.62084519309596,0
1595995007.8601558,364.421813363262,209.62084519309596,0
1595995007.8701575,366.2221120540579,209.62084519309596,0
1595995007.8801496,368.02069413108427,209.62084519309596,0
1595995007.8863297,369.13310276908476,209.62084519309596,0
1595995007.8863297,614.7399308307254,455.2276732547366,0
1595995007.8901653,615.4303528888308,455.2276732547366,0
1595995007.9001627,617.2298791034304,455.2276732547366,0
1595995007.9101686,619.0309502704226,455.2276732547366,0
1595995007.9201627,620.8298756702029,455.2276732547366,0
1595995007.9301517,622.6278998477542,455.2276732547366,0
1595995007.9401565,624.4287564380252,455.2276732547366,0
1595995007.9501686,626.2309434039676,455.2276732547366,0
1595995007.9601502,628.0276372058474,455.2276732547366,0
1595995007.9701583,629.8290946109378,455.2276732547366,0
1595995007.98016,631.6293933017337,455.2276732547366,0
1595995007.9901574,633.4289195163333,455.2276732547366,0
1595995008.0001516,635.2278878314578,455.2276732547366,0
1595995008.010164,637.0301177127444,455.2276732547366,0
1595995008.020157,638.8288714511477,455.2276732547366,0
1595995008.0301514,640.6278397662722,455.2276732547366,0
1595995008.0401583,642.4290825946414,455.2276732547366,0
1595995008.0501611,644.2295958621585,455.2276732547366,0
1595995008.0601695,646.031096182593,455.2276732547366,0
1595995008.0701559,647.8286482913577,455.2276732547366,0
1595995008.0801585,649.6291186435305,455.2276732547366,0
1595995008.0901697,651.431133948096,455.2276732547366,0
1595995008.1001675,653.2307459933841,455.2276732547366,0
1595995008.110152,655.0279547793948,455.2276732547366,0
1595995008.1201618,656.8297125918948,455.2276732547366,0
1595995008.130159,658.6291958911502,455.2276732547366,0
1595995008.1401598,660.4293658359134,455.2276732547366,0
1595995008.1501513,662.227819166907,455.2276732547366,0
1595995008.1601536,664.0282466037356,455.2276732547366,0
1595995008.1701517,665.827901564368,455.2276732547366,0
1595995008.180157,667.6288439853274,455.2276732547366,0
1595995008.190154,669.4283272845828,455.2276732547366,0
1595995008.2001705,671.2312867267215,455.2276732547366,0
1595995008.2101705,673.0312850101077,455.2276732547366,0
1595995008.2201564,674.8287512881839,455.2276732547366,0
1595995008.230165,676.6302945239627,455.2276732547366,0
1595995008.240167,678.4306361301028,455.2276732547366,0
1595995008.2501633,680.2299906833255,455.2276732547366,0
1595995008.2601655,682.0303752048098,455.2276732547366,0
1595995008.2701662,683.8305022342288,455.2276732547366,0
1595995008.2801492,685.6274535281741,455.2276732547366,0
1595995008.290157,687.4288680179202,455.2276732547366,0
1595995008.3001559,689.2286517245852,455.2276732547366,0
1595995008.3101654,691.030366621741,455.2276732547366,0
1595995008.3201666,692.8305794818484,455.2276732547366,0
1595995008.3301504,694.6276595218264,455.2276732547366,0
1595995008.3401625,696.4298464877688,455.2276732547366,0
1595995008.3501685,698.230917654761,455.2276732547366,0
1595995008.3601658,700.0304438693606,455.2276732547366,0
1595995008.3701653,701.8303563220584,455.2276732547366,0
1595995008.3801575,703.6289383990847,455.2276732547366,0
1595995008.3901503,705.4276492221438,455.2276732547366,0
1595995008.400168,707.2308232410037,455.2276732547366,0
1595995008.4101665,709.0305640323245,455.2276732547366,0
1595995008.4201643,710.8301760776126,455.2276732547366,0
1595995008.4301693,712.6310755832278,455.2276732547366,0
1595995008.4401586,714.4291426761233,455.2276732547366,0
1595995008.4501622,716.2297846896731,455.2276732547366,0
1595995008.460152,718.0279376132571,455.2276732547366,0
1595995008.4701695,719.831111632117,455.2276732547366,0
1595995008.4801698,721.6311528308474,455.2276732547366,0
1595995008.4901505,723.4276749713504,455.2276732547366,0
1595995008.5001612,725.2296044452273,455.2276732547366,0
1595995008.5101557,727.0286156756961,455.2276732547366,0
1595995008.520161,728.8295580966555,455.2276732547366,0
1595995008.5301614,730.6296422107303,455.2276732547366,0
1595995008.5401511,732.4277951343142,455.2276732547366,0
1595995008.5501702,734.2312266452395,455.2276732547366,0
1595995008.5601568,736.0288216693484,455.2276732547366,0
1595995008.5701673,737.8307082278811,455.2276732547366,0
1595995008.5801668,739.6306206805789,455.2276732547366,0
1595995008.5901642,741.4301468951785,455.2276732547366,0
1595995008.6001694,743.231089316138,455.2276732547366,0
1595995008.6101499,745.0275685412967,455.2276732547366,0
1595995008.6201715,746.8314721210086,455.2276732547366,0
1595995008.6301491,748.6274363620364,455.2276732547366,0
1595995008.640165,750.4303099734866,455.2276732547366,0
1595995008.6501644,752.2301795108401,455.2276732547366,0
1595995008.660163,754.0299203021609,455.2276732547366,0
1595995008.670154,755.8283307178103,455.2276732547366,0
1595995008.6801574,757.6289298160159,455.2276732547366,0
1595995008.6901538,759.4282843692386,455.2276732547366,0
1595995008.7001722,761.2315871341311,455.2276732547366,0
1595995008.7101572,763.0288817508304,455.2276732547366,0
1595995008.7201672,764.8306824786746,455.2276732547366,0
1595995008.7301521,766.6279770953738,455.2276732547366,0
1595995008.7401671,768.430679045447,455.2276732547366,0
1595995008.7501624,770.2298190219485,455.2276732547366,0
1595995008.7601595,772.0293023212039,455.2276732547366,0
1595995008.7701547,773.8284422977054,455.2276732547366,0
1595995008.780159,775.6292130572879,455.2276732547366,0
1595995008.7901502,777.4276234729373,455.2276732547366,0
1595995008.800155,779.2284800632083,455.2276732547366,0
1595995008.8101707,781.0313107593142,455.2276732547366,0
1595995008.8201623,782.8298070056521,455.2276732547366,0
1595995008.830155,784.628474913367,455.2276732547366,0
1595995008.8401628,786.4298894031131,455.2276732547366,0
1595995008.8501518,788.2279135806643,455.2276732547366,0
1595995008.8601658,790.0304438693606,455.2276732547366,0
1595995008.8701584,791.8291117770755,455.2276732547366,0
1595995008.8801618,793.629710875281,455.2276732547366,0
1595995008.8901503,795.4276492221438,455.2276732547366,0
1595995008.9001646,797.2302224261844,455.2276732547366,0
1595995008.9101696,799.0311219317996,455.2276732547366,0
1595995008.9201536,800.8282448871219,455.2276732547366,0
1595995008.9301543,802.6283719165408,455.2276732547366,0
1595995008.9401495,804.4275118930423,455.2276732547366,0
1595995008.9501631,806.2299563510501,455.2276732547366,0
1595995008.9601681,808.0308558566653,455.2276732547366,0
1595995008.9701495,809.827506743201,455.2276732547366,0
1595995008.9801662,811.6305091006839,455.2276732547366,0
1595995008.9901502,813.4276320560061,455.2276732547366,0
1595995009.0001485,815.2273299319827,455.2276732547366,0
1595995009.0001748,815.2320506198489,455.2276732547366,0
1595995009.0001748,0,455.2276732547366,0
1595995009.0101757,97.02784319949978,95.2276732547366,0
1595995009.0201788,98.82839938236111,95.2276732547366,0
1595995009.0301876,100.62998553348416,95.2276732547366,0
1595995009.0401964,102.4315716846072,95.2276732547366,0
1595995009.0501788,104.2283942325198,95.2276732547366,0
1595995009.0601933,106.03101035190457,95.2276732547366,0
1595995009.0701907,107.83053656650418,95.2276732547366,0
1595995009.0801826,109.62907572818631,95.2276732547366,0
1595995009.0901833,111.42920275760525,95.2276732547366,0
1595995009.1001942,113.23117514682644,95.2276732547366,0
1595995009.1101878,115.03001471591824,95.2276732547366,0
1595995009.1201851,116.82954093051785,95.2276732547366,0
1595995009.1301928,118.6309125049197,95.2276732547366,0
1595995009.1401875,120.4299666507327,95.2276732547366,0
1595995009.150194,122.23112364841336,95.2276732547366,0
1595995009.1601896,124.0303494556033,95.2276732547366,0
1595995009.1701849,125.82948943210477,95.2276732547366,0
1595995009.1801877,127.63000269962185,95.2276732547366,0
1595995009.1901875,129.42995806766385,95.2276732547366,0
1595995009.2001815,131.22888346744412,95.2276732547366,0
1595995009.2101946,133.03124209476346,95.2276732547366,0
1595995009.220193,134.83093997074002,95.2276732547366,0
1595995009.2301855,136.62960787845486,95.2276732547366,0
1595995009.2401807,138.42874785495633,95.2276732547366,0
1595995009.250195,140.23132105899685,95.2276732547366,0
1595995009.2601874,142.02994605136746,95.2276732547366,0
1595995009.2701783,143.82831355167264,95.2276732547366,0
1595995009.280176,145.62788268161648,95.2276732547366,0
1595995009.2901912,147.43062754703396,95.2276732547366,0
1595995009.3001952,149.23135539127225,95.2276732547366,0
1595995009.310178,151.02826376987332,95.2276732547366,0
1595995009.3201785,152.82834788394803,95.2276732547366,0
1595995009.3301904,154.63049193454617,95.2276732547366,0
1595995009.340185,156.42950316501492,95.2276732547366,0
1595995009.3501928,158.23091765476102,95.2276732547366,0
1595995009.3601964,160.03155966831082,95.2276732547366,0
1595995009.3701887,161.83018466068143,95.2276732547366,0
1595995009.3801851,163.62953921390408,95.2276732547366,0
1595995009.390192,165.43078204227322,95.2276732547366,0
1595995009.400178,167.2282483203494,95.2276732547366,0
1595995009.4101942,169.03116484714383,95.2276732547366,0
1595995009.4201775,170.82815905643338,95.2276732547366,0
1595995009.4301908,172.63056059909695,95.2276732547366,0
1595995009.4401958,174.4314601047122,95.2276732547366,0
1595995009.4501858,176.2296559436404,95.2276732547366,0
1595995009.4601808,178.02875300479764,95.2276732547366,0
1595995009.4701824,179.82905169559353,95.2276732547366,0
1595995009.4801953,181.63136740756863,95.2276732547366,0
1595995009.4901958,183.43145152164334,95.2276732547366,0
1595995009.5001795,185.22853156162137,95.2276732547366,0
1595995009.510182,187.02895899844998,95.2276732547366,0
1595995009.5201807,188.82874270511502,95.2276732547366,0
1595995009.5301938,190.63110133243435,95.2276732547366,0
1595995009.5401897,192.43037005496853,95.2276732547366,0
1595995009.5501852,194.22955294681424,95.2276732547366,0
1595995009.560189,196.03023787570828,95.2276732547366,0
1595995009.5701742,197.82757540775174,95.2276732547366,0
1595995009.580192,199.63079234195584,95.2276732547366,0
1595995009.5901875,201.42997523380154,95.2276732547366,0
1595995009.6001883,203.2301022632205,95.2276732547366,0
1595995009.6101763,205.0279547793948,95.2276732547366,0
1595995009.6201801,206.82863970828885,95.2276732547366,0
1595995009.6301765,208.6279942615115,95.2276732547366,0
1595995009.640177,210.4280783755862,95.2276732547366,0
1595995009.6501868,212.2298361880862,95.2276732547366,0
1595995009.660176,214.02790328098172,95.2276732547366,0
1595995009.6701813,215.8288457019412,95.2276732547366,0
1595995009.6801753,217.62777110172146,95.2276732547366,0
1595995009.69019,219.43043013645047,95.2276732547366,0
1595995009.7001889,221.2302138431155,95.2276732547366,0
1595995009.7101798,223.02858134342068,95.2276732547366,0
1595995009.7201762,224.82793589664334,95.2276732547366,0
1595995009.7301884,226.63012286258572,95.2276732547366,0
1595995009.7401795,228.42853327823514,95.2276732547366,0
1595995009.7501905,230.23050566745633,95.2276732547366,0
1595995009.760178,232.02827235294217,95.2276732547366,0
1595995009.7701852,233.82955809665555,95.2276732547366,0
1595995009.7801836,235.6292559726321,95.2276732547366,0
1595995009.7901833,237.4292113406741,95.2276732547366,0
1595995009.8001904,239.23049708438748,95.2276732547366,0
1595995009.8101914,241.03066702915066,95.2276732547366,0
1595995009.8201842,242.82937785220975,95.2276732547366,0
1595995009.8301935,244.63104983402127,95.2276732547366,0
1595995009.8401792,246.4284731967532,95.2276732547366,0
1595995009.8501785,248.22834273410672,95.2276732547366,0
1595995009.8601956,250.0314309222781,95.2276732547366,0
1595995009.8701766,251.82799597812527,95.2276732547366,0
1595995009.880174,253.62752219272488,95.2276732547366,0
1595995009.8851948,254.53127642703885,95.2276732547366,0
1595995009.8851948,328.35938292811164,169.0557797558094,0
1595995009.8901875,329.2580731518055,169.0557797558094,0
1595995009.900178,331.0563548214222,169.0557797558094,0
1595995009.9101787,332.85648185084113,169.0557797558094,0
1595995009.9201956,334.6595271236683,169.0557797558094,0
1595995009.930187,336.45798045466194,169.0557797558094,0
1595995009.9401944,338.25930911371955,169.0557797558094,0
1595995009.9403121,338.28050929377326,169.0557797558094,0
1595995009.9403121,353.48415278813195,184.2594232501681,0
1595995009.9501848,355.26123427769494,184.2594232501681,0
1595995009.960189,357.06200503727746,184.2594232501681,0
1595995009.9701934,358.86277579686,184.2594232501681,0
1595995009.9765255,360,184.2594232501681,1
1595995009.9801865,360.6615295352633,184.2594232501681,0
1595995009.9901862,362.4614849033053,184.2594232501681,0
1595995010.0001888,364.26195525547814,184.2594232501681,0
1595995010.0101926,366.0626401843722,184.2594232501681,0
1595995010.0201755,367.85954856297326,184.2594232501681,0
1595995010.030189,369.6619930209811,184.2594232501681,0
1595995010.0401857,371.46139048954797,184.2594232501681,0
1595995010.0501795,373.260272973984,184.2594232501681,0
1595995010.060189,375.06198787113976,184.2594232501681,0
1595995010.0701828,376.8608703555758,184.2594232501681,0
1595995010.0801868,378.6615981998141,184.2594232501681,0
1595995010.0901787,380.4601373614962,184.2594232501681,0
1595995010.100177,382.25983523747277,184.2594232501681,0
1595995010.1101873,384.06167888066125,184.2594232501681,0
1595995010.12018,385.8603467883761,184.2594232501681,0
1595995010.1301858,387.6614179553683,184.2594232501681,0
1595995010.140189,389.4619741382296,184.2594232501681,0
1595995010.1501951,391.26308822056603,184.2594232501681,0
1595995010.1601756,393.0595674457247,184.2594232501681,0
1595995010.170187,394.8616256656344,184.2594232501681,0
1595995010.1801736,396.6592206897433,184.2594232501681,0
1595995010.19018,398.46037768742394,184.2594232501681,0
1595995010.2001927,400.2626504840548,184.2594232501681,0
1595995010.2101786,402.060116762131,184.2594232501681,0
1595995010.220192,403.86251830479455,184.2594232501681,0
1595995010.230183,405.6608858050997,184.2594232501681,0
1595995010.2401829,407.46088408848595,184.2594232501681,0
1595995010.2501814,409.26062487980676,184.2594232501681,0
1595995010.2601938,411.0628547610934,184.2594232501681,0
1595995010.2701824,412.86079310795617,184.2594232501681,0
1595995010.2801754,414.6595468463595,184.2594232501681,0
1595995010.2901812,416.46057509800744,184.2594232501681,0
1595995010.300174,418.2592859210665,184.2594232501681,0
1595995010.310181,420.06052874943566,184.2594232501681,0
1595995010.320185,421.86125659367394,184.2594232501681,0
1595995010.330194,423.6628856601412,184.2594232501681,0
1595995010.340189,425.46198272129845,184.2594232501681,0
1595995010.3501842,427.2611226977999,184.2594232501681,0
1595995010.3601882,429.0618505420382,184.2594232501681,0
1595995010.3701756,430.8595743121798,184.2594232501681,0
1595995010.3801816,432.660645479172,184.2594232501681,0
1595995010.3901944,434.4629611911471,184.2594232501681,0
1595995010.400174,436.2592687549288,184.2594232501681,0
1595995010.4101734,438.0591812076266,184.2594232501681,0
1595995010.42019,439.8621835651095,184.2594232501681,0
1595995010.4301944,441.662954324692,184.2594232501681,0
1595995010.440175,443.45947646519494,184.2594232501681,0
1595995010.4501908,445.2623071613009,184.2594232501681,0
1595995010.4601855,447.0613613071139,184.2594232501681,0
1595995010.4701889,448.86196040531945,184.2594232501681,0
1595995010.4801805,450.66045665165734,184.2594232501681,0
1595995010.490185,452.4612703265841,184.2594232501681,0
1595995010.5001757,454.25959491154504,184.2594232501681,0
1595995010.5101938,456.0628547610934,184.2594232501681,0
1595995010.52019,457.8621663989718,184.2594232501681,0
1595995010.530189,459.6619930209811,184.2594232501681,0
1595995010.5401897,461.4621200504,184.2594232501681,0
1595995010.5501778,463.25997256657433,184.2594232501681,0
1595995010.560182,465.06074332615685,184.2594232501681,0
1595995010.5701866,466.8615570010836,184.2594232501681,0
1595995010.5801928,468.66267108342004,184.2594232501681,0
1595995010.5901887,470.4619398059542,184.2594232501681,0
1595995010.6001747,472.2594060840304,184.2594232501681,0
1595995010.6101828,474.0608634891207,184.2594232501681,0
1595995010.6201823,475.8607759418185,184.2594232501681,0
1595995010.630175,477.65948676487756,184.2594232501681,0
1595995010.6401763,479.459699624985,184.2594232501681,0
1595995010.6501918,481.2624874057467,184.2594232501681,0
1595995010.6601925,483.06261443516564,184.2594232501681,0
1595995010.670194,484.8628702106173,184.2594232501681,0
1595995010.6801865,486.66153811833215,184.2594232501681,0
1595995010.6901822,488.4607639255221,184.2594232501681,0
1595995010.700185,490.2612771930392,184.2594232501681,0
1595995010.7101877,492.06174754521203,184.2594232501681,0
1595995010.7201777,493.85994338414025,184.2594232501681,0
1595995010.730173,495.65912627598595,184.2594232501681,0
1595995010.7401881,497.4618282260592,184.2594232501681,0
1595995010.7501783,499.26006698033166,184.2594232501681,0
1595995010.7601876,501.0617389621432,184.2594232501681,0
1595995010.7701929,502.86268138310265,184.2594232501681,0
1595995010.7801926,504.66263675114465,184.2594232501681,0
1595995010.7901912,506.46237754246545,184.2594232501681,0
1595995010.8001928,508.26267623326135,184.2594232501681,0
1595995010.8101788,510.0601425113375,184.2594232501681,0
1595995010.8201768,511.85979747196984,184.2594232501681,0
1595995010.8301806,513.6604824008639,184.2594232501681,0
1595995010.8401816,515.4606523456271,184.2594232501681,0
1595995010.8501828,517.2608652057345,184.2594232501681,0
1595995010.860195,519.0630521716769,184.2594232501681,0
1595995010.870189,520.8619775714571,184.2594232501681,0
1595995010.8801782,522.6600446643527,184.2594232501681,0
1595995010.890186,524.4614591540987,184.2594232501681,0
1595995010.900188,526.2618007602389,184.2594232501681,0
1595995010.9101934,528.0627860965426,184.2594232501681,0
1595995010.9201822,529.8607673587496,184.2594232501681,0
1595995010.9301772,531.6598644199069,184.2594232501681,0
1595995010.9401798,533.4603347720797,184.2594232501681,0
1595995010.9501832,535.2609338702853,184.2594232501681,0
1595995010.9601772,537.0598592700655,184.2594232501681,0
1595995010.9701872,538.8616599979098,184.2594232501681,0
1595995010.9801872,540.661658281296,184.2594232501681,0
1595995010.990179,542.4601974429781,184.2594232501681,0
1595995011.0001729,544.2590799274142,184.2594232501681,0
1595995011.0001981,544.2636289539034,184.2594232501681,0
1595995011.0001981,0,184.2594232501681,0
1595995011.010201,186.0599365176852,184.2594232501681,0
1595995011.0202181,187.8630247058566,184.2594232501681,0
1595995011.0302134,189.66216468235805,184.2594232501681,0
1595995011.0402188,191.46315001866176,184.2594232501681,0
1595995011.050212,193.26190375706508,184.2594232501681,0
1595995011.0602155,195.0625457706149,184.2594232501681,0
1595995011.0702,196.85975455662563,184.2594232501681,0
1595995011.0802073,198.66108321568325,184.2594232501681,0
1595995011.0902092,200.46142482182339,184.2594232501681,0
1595995011.1002011,202.25996398350551,184.2594232501681,0
1595995011.1102035,204.06039142033413,184.2594232501681,0
1595995011.1202075,205.8611192645724,184.2594232501681,0
1595995011.1301985,207.65948676487758,184.2594232501681,0
1595995011.1402164,209.4627036990817,184.2594232501681,0
1595995011.1502075,211.2611141147311,184.2594232501681,0
1595995011.1602087,213.06132697483852,184.2594232501681,0
1595995011.1702173,214.86287021061733,184.2594232501681,0
1595995011.1801996,216.65969275852993,184.2594232501681,0
1595995011.1902044,218.46054934880092,184.2594232501681,0
1595995011.2001998,220.25973224064663,184.2594232501681,0
1595995011.210214,222.06226252934292,184.2594232501681,0
1595995011.2202115,223.86183165928676,184.2594232501681,0
1595995011.2302105,225.66165828129604,184.2594232501681,0
1595995011.2402008,227.4598970355685,184.2594232501681,0
1595995011.2501996,229.25968074223354,184.2594232501681,0
1595995011.2601979,231.0593786182101,184.2594232501681,0
1595995011.270219,232.86319636723354,184.2594232501681,0
1595995011.280202,234.66010474583462,184.2594232501681,0
1595995011.2902024,236.46018885990932,184.2594232501681,0
1595995011.3002088,238.26134585759,184.2594232501681,0
1595995011.310214,240.06228827854946,184.2594232501681,0
1595995011.320208,241.86121367832973,184.2594232501681,0
1595995011.330213,243.66211318394497,184.2594232501681,0
1595995011.3401992,245.45962237736538,184.2594232501681,0
1595995011.350211,247.26172351261928,184.2594232501681,0
1595995011.3601995,249.05966185948208,184.2594232501681,0
1595995011.3702164,250.86270713230923,184.2594232501681,0
1595995011.3801994,252.65965842625454,184.2594232501681,0
1595995011.390216,254.46266078373745,184.2594232501681,0
1595995011.4002144,256.262358659714,184.2594232501681,0
1595995011.4101999,258.0597391071017,184.2594232501681,0
1595995011.4202018,259.8600807132418,184.2594232501681,0
1595995011.4302104,261.6616239490206,184.2594232501681,0
1595995011.4402068,263.4609785022433,184.2594232501681,0
1595995011.4502184,265.2630796374972,184.2594232501681,0
1595995011.4602015,267.0600309314425,184.2594232501681,0
1595995011.4702094,268.8614454211886,184.2594232501681,0
1595995011.4802072,270.6610574664767,184.2594232501681,0
1595995011.4902108,272.4616994800265,184.2594232501681,0
1595995011.5002112,274.2617835941012,184.2594232501681,0
1595995011.510206,276.0608377399142,184.2594232501681,0
1595995011.5202005,277.8598489703829,184.2594232501681,0
1595995011.530206,279.66083430668664,184.2594232501681,0
1595995011.5402076,281.46113299748254,184.2594232501681,0
1595995011.550208,283.26121711155724,184.2594232501681,0
1595995011.5602036,285.06040000340295,184.2594232501681,0
1595995011.570216,286.86262988468957,184.2594232501681,0
1595995011.5802119,288.66189860722375,184.2594232501681,0
1595995011.590211,290.461725229233,184.2594232501681,0
1595995011.6002018,292.2600927295382,184.2594232501681,0
1595995011.6102076,294.06112098118615,184.2594232501681,0
1595995011.6201997,295.8597030582125,184.2594232501681,0
1595995011.6302006,297.6598730029757,184.2594232501681,0
1595995011.640199,299.45957087895226,184.2594232501681,0
1595995011.650199,301.2595691623385,184.2594232501681,0
1595995011.6602063,303.0608978213961,184.2594232501681,0
1595995011.6702185,304.8630847873385,184.2594232501681,0
1595995011.680199,306.6595640124972,184.2594232501681,0
1595995011.6902175,308.462909692734,184.2594232501681,0
1595995011.7002115,310.2618350925143,184.2594232501681,0
1595995011.7102172,312.0628633441622,184.2594232501681,0
1595995011.7202177,313.86294745823693,184.2594232501681,0
1595995011.730213,315.6620874347384,184.2594232501681,0
1595995011.7402112,317.46178531071496,184.2594232501681,0
1595995011.750208,319.26118277928185,184.2594232501681,0
1595995011.7602153,321.06251143833947,184.2594232501681,0
1595995011.7702053,322.8607072772677,184.2594232501681,0
1595995011.7802134,324.662164682358,184.2594232501681,0
1595995011.7902126,326.46203421971154,184.2594232501681,0
1595995011.8002012,328.25997256657433,184.2594232501681,0
1595995011.8102112,330.0617732944186,184.2594232501681,0
1595995011.8202088,331.8613424243624,184.2594232501681,0
1595995011.8302114,333.66181277653527,184.2594232501681,0
1595995011.8402042,335.46052359959435,184.2594232501681,0
1595995011.8502142,337.2623243274386,184.2594232501681,0
1595995011.860214,339.0622796954806,184.2594232501681,0
1595995011.8701973,340.85927390477013,184.2594232501681,0
1595995011.8802087,342.6613321246798,184.2594232501681,0
1595995011.8901985,344.4594850482638,184.2594232501681,0
1595995011.9002192,346.26321696659875,184.2594232501681,0
1595995011.9101987,348.0595245303805,184.2594232501681,0
1595995011.920199,349.85956572911095,184.2594232501681,0
1595995011.9302125,351.66201018711877,184.2594232501681,0
1595995011.9402053,353.46072101017785,184.2594232501681,0
1595995011.950199,355.25956057926965,184.2594232501681,0
1595995011.9602177,357.0629491748507,184.2594232501681,0
