Timestamp,Phase,Heading,Ping?
1595996577.0988247,233.7391816045248,233.7391816045248,0
1595996577.1088588,235.54381474508875,233.7391816045248,0
1595996577.1188772,237.34711750998133,233.7391816045248,0
1595996577.1288745,239.14664372458094,233.7391816045248,0
1595996577.1388695,240.94574078573817,233.7391816045248,0
1595996577.148853,242.74277791037196,233.7391816045248,0
1595996577.1588347,244.53947171225184,233.7391816045248,0
1595996577.1688378,246.34002789511317,233.7391816045248,0
1595996577.1788404,248.14049824728602,233.7391816045248,0
1595996577.1888437,249.94109734549158,233.7391816045248,0
1595996577.1988404,251.74049481405848,233.7391816045248,0
1595996577.2088463,253.54156598105067,233.7391816045248,0
1595996577.2141185,254.49055298819178,233.7391816045248,0
1595996577.2141185,328.3471658964575,307.5957945127905,0
1595996577.2188332,329.1958168287695,307.5957945127905,0
1595996577.2288494,330.99873335556396,307.5957945127905,0
1595996577.238845,332.7979591627539,307.5957945127905,0
1595996577.2454753,333.99139197067626,307.5957945127905,0
1595996577.2454753,352.1974175912029,325.80182013331716,0
1595996577.2488515,352.8051417809612,325.80182013331716,0
1595996577.258853,354.60539755641287,325.80182013331716,0
1595996577.2688465,356.40423712550466,325.80182013331716,0
1595996577.2788334,358.2018750649578,325.80182013331716,0
1595996577.288828,360,325.80182013331716,1
1595996577.2889478,360.0224727135784,325.80182013331716,0
1595996577.2988362,361.8023866158611,325.80182013331716,0
1595996577.3088539,363.605560634721,325.80182013331716,0
1595996577.318833,365.4018252831585,325.80182013331716,0
1595996577.3288465,367.20422682582205,325.80182013331716,0
1595996577.3388467,369.0042680245525,325.80182013331716,0
1595996577.348836,370.802335117448,325.80182013331716,0
1595996577.3588495,372.60477957545584,325.80182013331716,0
1595996577.3688536,374.4055074196941,325.80182013331716,0
1595996577.3788433,376.2036603432781,325.80182013331716,0
1595996577.388853,378.0054181557781,325.80182013331716,0
1595996577.3988535,379.8055022698528,325.80182013331716,0
1595996577.40885,381.60485682307547,325.80182013331716,0
1595996577.418849,383.40468344508474,325.80182013331716,0
1595996577.428834,385.20197806178396,325.80182013331716,0
1595996577.4388375,387.00262007533377,325.80182013331716,0
1595996577.4488468,388.8042920571453,325.80182013331716,0
1595996577.4588418,390.6033891183025,325.80182013331716,0
1595996577.4688423,392.4034732323772,325.80182013331716,0
1595996577.4788363,394.2023986321575,325.80182013331716,0
1595996577.488855,396.0057443123943,325.80182013331716,0
1595996577.498852,397.8052276116497,325.80182013331716,0
1595996577.508838,399.60269388972586,325.80182013331716,0
1595996577.5188415,401.40333590327566,325.80182013331716,0
1595996577.5288541,403.2056086999065,325.80182013331716,0
1595996577.5388453,405.00401911555593,325.80182013331716,0
1595996577.5488524,406.8053048592693,325.80182013331716,0
1595996577.5588527,408.6053460579998,325.80182013331716,0
1595996577.5688422,410.4034560662395,325.80182013331716,0
1595996577.578841,412.20323977290457,325.80182013331716,0
1595996577.5888538,414.00555548487966,325.80182013331716,0
1595996577.598849,415.80469546138113,325.80182013331716,0
1595996577.608851,417.60503706752127,325.80182013331716,0
1595996577.6188345,419.40207419215506,325.80182013331716,0
1595996577.6288362,421.20237288295095,325.80182013331716,0
1595996577.6388495,423.0047744256145,325.80182013331716,0
1595996577.6488495,424.80477270900076,325.80182013331716,0
1595996577.658848,426.60451350032156,325.80182013331716,0
1595996577.668835,428.4021514397747,325.80182013331716,0
1595996577.678841,430.2032655221111,325.80182013331716,0
1595996577.6888494,432.0047658425457,325.80182013331716,0
1595996577.6988509,433.80502161799734,325.80182013331716,0
1595996577.7088418,435.6033891183025,325.80182013331716,0
1595996577.7188466,437.4042457085735,325.80182013331716,0
1595996577.7288468,439.204286907304,325.80182013331716,0
1595996577.7388473,441.0043710213787,325.80182013331716,0
1595996577.7488472,442.8043693047649,325.80182013331716,0
1595996577.7588415,444.60333761988943,325.80182013331716,0
1595996577.7688375,446.4026063424236,325.80182013331716,0
1595996577.7788458,448.2041066628582,325.80182013331716,0
1595996577.7888508,450.0050061684734,325.80182013331716,0
1595996577.7988548,451.8057340127117,325.80182013331716,0
1595996577.8088415,453.6033290368206,325.80182013331716,0
1595996577.8188436,455.40371355830496,325.80182013331716,0
1595996577.8288517,457.2051709633953,325.80182013331716,0
1595996577.838853,459.0053838235027,325.80182013331716,0
1595996577.8488398,460.80302176295584,325.80182013331716,0
1595996577.8588538,462.6055520516521,325.80182013331716,0
1595996577.8688505,464.404949520219,325.80182013331716,0
1595996577.8788533,466.2054627877361,325.80182013331716,0
1595996577.888839,468.00288615046804,325.80182013331716,0
1595996577.8988533,469.80545935450857,325.80182013331716,0
1595996577.9088547,471.60571512996023,325.80182013331716,0
1595996577.9188428,473.40356764613455,325.80182013331716,0
1595996577.9288347,475.2021068078167,325.80182013331716,0
1595996577.9388514,477.0051091652996,325.80182013331716,0
1595996577.9488435,478.80369124232595,325.80182013331716,0
1595996577.958852,480.60523447810476,325.80182013331716,0
1595996577.9688456,482.40407404719656,325.80182013331716,0
1595996577.978833,484.20179781733816,325.80182013331716,0
1595996577.9888487,486.0046285134441,325.80182013331716,0
1595996577.998839,487.8028672677166,325.80182013331716,0
1595996578.0088353,489.60222182093923,325.80182013331716,0
1595996578.0188444,491.4038508874065,325.80182013331716,0
1595996578.028833,493.2017892342693,325.80182013331716,0
1595996578.0388427,495.0035470467693,325.80182013331716,0
1595996578.0488448,496.8039315682537,325.80182013331716,0
1595996578.0588403,498.6031144600994,325.80182013331716,0
1595996578.068838,500.40268359004324,325.80182013331716,0
1595996578.0788424,502.20349726497,325.80182013331716,0
1595996578.0888374,504.0025943261272,325.80182013331716,0
1595996578.0988321,505.8016484719402,325.80182013331716,0
1595996578.1088398,507.60302004634207,325.80182013331716,0
1595996578.1188328,509.4017737847454,325.80182013331716,0
1595996578.128854,511.2055915337688,325.80182013331716,0
1595996578.1388433,513.0036586266643,325.80182013331716,0
1595996578.1488504,514.8049443703777,325.80182013331716,0
1595996578.1588476,516.6044276696331,325.80182013331716,0
1595996578.168848,518.4045117837078,325.80182013331716,0
1595996578.1788495,520.2047675591594,325.80182013331716,0
1595996578.1888514,522.0051091652996,325.80182013331716,0
1595996578.1988485,523.804592464555,325.80182013331716,0
1595996578.2088325,525.6017154198772,325.80182013331716,0
1595996578.2188332,527.4018424492962,325.80182013331716,0
1595996578.228847,529.2043298226482,325.80182013331716,0
1595996578.2388322,531.0016673546917,325.80182013331716,0
1595996578.248852,532.8052276116497,325.80182013331716,0
1595996578.2588427,534.6035521966106,325.80182013331716,0
1595996578.2688503,536.4049237710125,325.80182013331716,0
1595996578.2788532,538.2054370385296,325.80182013331716,0
1595996578.288841,540.0032466393596,325.80182013331716,0
1595996578.2988496,541.8047898751385,325.80182013331716,0
1595996578.3088353,543.6022132378704,325.80182013331716,0
1595996578.3188486,545.404614780534,325.80182013331716,0
1595996578.3288321,547.2016519051678,325.80182013331716,0
1595996578.3388407,549.0031951409466,325.80182013331716,0
1595996578.3488336,550.8019059640056,325.80182013331716,0
1595996578.358845,552.6039641839153,325.80182013331716,0
1595996578.3688445,554.4038766366131,325.80182013331716,0
1595996578.3788536,556.2055057030803,325.80182013331716,0
1595996578.3888323,558.0016845208294,325.80182013331716,0
1595996578.3988478,559.8044723015911,325.80182013331716,0
1595996578.4088395,561.602968547929,325.80182013331716,0
1595996578.418851,563.4050267678386,325.80182013331716,0
1595996578.4288325,565.2017205697185,325.80182013331716,0
1595996578.4388456,567.0040791970379,325.80182013331716,0
1595996578.448842,568.8034337502605,325.80182013331716,0
1595996578.4588544,570.6056636315471,325.80182013331716,0
1595996578.46884,572.4030440789348,325.80182013331716,0
1595996578.4788537,574.2055314522869,325.80182013331716,0
1595996578.4888394,576.0029548150188,325.80182013331716,0
1595996578.4988453,577.804025982011,325.80182013331716,0
1595996578.508841,579.603251789201,325.80182013331716,0
1595996578.518854,581.405567501176,325.80182013331716,0
1595996578.528835,583.2021754723675,325.80182013331716,0
1595996578.538836,585.0023454171306,325.80182013331716,0
1595996578.5488515,586.8051331978924,325.80182013331716,0
1595996578.5588481,588.6045306664593,325.80182013331716,0
1595996578.5688486,590.404614780534,325.80182013331716,0
1595996578.5788424,592.20349726497,325.80182013331716,0
1595996578.5888464,594.0042251092083,325.80182013331716,0
1595996578.5988317,595.8015626412517,325.80182013331716,0
1595996578.608836,597.6023334008343,325.80182013331716,0
1595996578.6188512,599.4050782662517,325.80182013331716,0
1595996578.6288543,601.2056344491131,325.80182013331716,0
1595996578.6388416,603.0033582192547,325.80182013331716,0
1595996578.6488378,604.8026698571331,325.80182013331716,0
1595996578.6588433,606.6036551934368,325.80182013331716,0
1595996578.6688514,608.4051125985271,325.80182013331716,0
1595996578.6788533,610.2054542046673,325.80182013331716,0
1595996578.688845,612.0039504510052,325.80182013331716,0
1595996578.6988382,613.8027471047527,325.80182013331716,0
1595996578.7088413,615.603303287614,325.80182013331716,0
1595996578.7188344,617.4020570260174,325.80182013331716,0
1595996578.7288523,619.2052739602215,325.80182013331716,0
1595996578.7388322,621.0016673546917,325.80182013331716,0
1595996578.7488525,622.8053134423382,325.80182013331716,0
1595996578.75885,624.604882572282,325.80182013331716,0
1595996578.7688358,626.4023059350139,325.80182013331716,0
1595996578.7788432,628.2036345940716,325.80182013331716,0
1595996578.7888453,630.0040191155559,325.80182013331716,0
1595996578.7988465,631.8042319756634,325.80182013331716,0
1595996578.8088365,633.6024278145916,325.80182013331716,0
1595996578.8188455,635.4040568810589,325.80182013331716,0
1595996578.828848,637.2044843178875,325.80182013331716,0
1595996578.8388512,639.005083416093,325.80182013331716,0
1595996578.848852,640.805210445512,325.80182013331716,0
1595996578.858838,642.6027196389324,325.80182013331716,0
1595996578.868833,644.4018167000896,325.80182013331716,0
1595996578.8788412,646.20327410518,325.80182013331716,0
1595996578.8888438,648.0037444573528,325.80182013331716,0
1595996578.8988445,649.8038714867718,325.80182013331716,0
1595996578.9088461,651.6041701775677,325.80182013331716,0
1595996578.9188395,653.4029668313152,325.80182013331716,0
1595996578.9288492,655.2047246438152,325.80182013331716,0
1595996578.938849,657.0046800118572,325.80182013331716,0
1595996578.948849,658.8046782952434,325.80182013331716,0
1595996578.9588397,660.6030028802044,325.80182013331716,0
1595996578.9688401,662.4030869942791,325.80182013331716,0
1595996578.9788346,664.2020982247478,325.80182013331716,0
1595996578.988834,666.0019677621013,325.80182013331716,0
1595996578.9988463,667.804197643388,325.80182013331716,0
1595996579.0088456,669.6040671807415,325.80182013331716,0
1595996579.018836,671.4023488503582,325.80182013331716,0
1595996579.0288522,673.2052653771526,325.80182013331716,0
1595996579.038841,675.0032466393596,325.80182013331716,0
1595996579.0488374,676.8026011925823,325.80182013331716,0
1595996579.0588317,678.6015695077068,325.80182013331716,0
1595996579.068841,680.4032414895183,325.80182013331716,0
1595996579.0788374,682.202596042741,325.80182013331716,0
1595996579.088847,684.0043109398968,325.80182013331716,0
1595996579.0988321,685.8016484719402,325.80182013331716,0
1595996579.098857,685.806111667741,325.80182013331716,0
1595996579.098857,0,325.80182013331716,0
1595996579.1088688,327.6039641839153,325.80182013331716,0
1595996579.1188574,329.4019025307781,325.80182013331716,0
1595996579.1288579,331.2019866448528,325.80182013331716,0
1595996579.138872,333.0045169335491,325.80182013331716,0
1595996579.1488667,334.8035710793621,325.80182013331716,0
1595996579.1588576,336.60193857966726,325.80182013331716,0
1595996579.1688783,338.4056704980022,325.80182013331716,0
1595996579.1788664,340.20352301417654,325.80182013331716,0
1595996579.1888747,342.0050233346111,325.80182013331716,0
1595996579.198878,343.8056224328167,325.80182013331716,0
1595996579.2088606,345.6024878960735,325.80182013331716,0
1595996579.2188778,347.4055760842449,325.80182013331716,0
1595996579.2288585,349.20209822474783,325.80182013331716,0
1595996579.238871,351.0043710213787,325.80182013331716,0
1595996579.2488663,352.80351099788015,325.80182013331716,0
1595996579.2588575,354.60192141352957,325.80182013331716,0
1595996579.2688591,356.40222010432547,325.80182013331716,0
1595996579.278878,358.2056086999065,325.80182013331716,0
1595996579.2843826,359.19643816767996,325.80182013331716,0
1595996579.2843826,359.758931450304,326.3643134159412,0
1595996579.285751,360,326.3643134159412,1
1595996579.285751,360.0052655262317,326.3643134159412,0
1595996579.285751,360.0015796578695,326.360627547579,0
1595996579.288861,360.56136740811365,326.360627547579,0
1595996579.2988617,362.3614944375326,326.360627547579,0
1595996579.3088584,364.1608919060995,326.360627547579,0
1595996579.3188727,365.96346511014,326.360627547579,0
1595996579.328871,367.7631629861166,326.360627547579,0
1595996579.338858,369.5608009255697,326.360627547579,0
1595996579.3488584,371.3608850396444,326.360627547579,0
1595996579.3588612,373.1613983071615,326.360627547579,0
1595996579.3688724,374.96341361172693,326.360627547579,0
1595996579.3788695,376.7628969109823,326.360627547579,0
1595996579.388864,378.56190814145106,326.360627547579,0
1595996579.3988578,380.3607906258871,326.360627547579,0
1595996579.4088702,382.1630205071737,326.360627547579,0
1595996579.4188678,383.96258963711756,326.360627547579,0
1595996579.4288769,385.76421870358485,326.360627547579,0
1595996579.438873,387.56353034146326,326.360627547579,0
1595996579.448874,389.36370028622645,326.360627547579,0
1595996579.4588594,391.16108073361414,326.360627547579,0
1595996579.4688616,392.9614652550985,326.360627547579,0
1595996579.4788764,394.7641242898275,326.360627547579,0
1595996579.488868,396.5626205361654,326.360627547579,0
1595996579.4988585,398.3609022057821,326.360627547579,0
1595996579.5088723,400.16338957913416,326.360627547579,0
1595996579.5188737,401.9636453545858,326.360627547579,0
1595996579.5288663,403.76231326230067,326.360627547579,0
1595996579.5388646,405.5620111382772,326.360627547579,0
1595996579.5488586,407.3609365380575,326.360627547579,0
1595996579.5588572,409.1606773293783,326.360627547579,0
1595996579.568874,410.9636796868612,326.360627547579,0
1595996579.5788722,412.7633775628378,326.360627547579,0
1595996579.588874,414.5637191689779,326.360627547579,0
1595996579.5988586,416.36092795498865,326.360627547579,0
1595996579.6088777,418.16435946591395,326.360627547579,0
1595996579.618871,419.9631561196615,326.360627547579,0
1595996579.6288633,421.7617811120321,326.360627547579,0
1595996579.6388595,423.56109274991053,326.360627547579,0
1595996579.648867,425.36242140896815,326.360627547579,0
1595996579.6588638,427.1618617928793,326.360627547579,0
1595996579.6688726,428.9634479440023,326.360627547579,0
1595996579.6788611,430.7613862908651,326.360627547579,0
1595996579.6888752,432.5639165795614,326.360627547579,0
1595996579.6988778,434.36438693173426,326.360627547579,0
1595996579.7088752,436.16391314633387,326.360627547579,0
1595996579.718865,437.96206606991785,326.360627547579,0
1595996579.7288625,439.7616351998617,326.360627547579,0
1595996579.7388587,441.5609468377401,326.360627547579,0
1595996579.7488635,443.3618034280111,326.360627547579,0
1595996579.7588587,445.1609434045126,326.360627547579,0
1595996579.768862,446.96154250271815,326.360627547579,0
1595996579.7788725,448.76342906125086,326.360627547579,0
1595996579.788876,450.56407107480067,326.360627547579,0
1595996579.7988584,452.36089362271326,326.360627547579,0
1595996579.8088737,454.16363848813074,326.360627547579,0
1595996579.8188715,455.96325053341883,326.360627547579,0
1595996579.8288746,457.76380671628016,326.360627547579,0
1595996579.838863,459.5617021477987,326.360627547579,0
1595996579.8488572,461.3606704629232,326.360627547579,0
1595996579.8588734,463.16358698971766,326.360627547579,0
1595996579.8688629,464.9616969979574,326.360627547579,0
1595996579.8788686,466.76272524960535,326.360627547579,0
1595996579.8888712,468.5631956017782,326.360627547579,0
1595996579.8988605,470.3612626946737,326.360627547579,0
1595996579.9088616,472.16147555478113,326.360627547579,0
1595996579.9188614,473.9614309228231,326.360627547579,0
1595996579.928877,475.7642616189291,326.360627547579,0
1595996579.9388745,477.5637878335287,326.360627547579,0
1595996579.9488573,479.36069621212977,326.360627547579,0
1595996579.9588704,481.1630548394491,326.360627547579,0
1595996579.9688675,482.9625381387045,326.360627547579,0
1595996579.9788651,484.7621072686483,326.360627547579,0
1595996579.9888597,486.5611184991171,326.360627547579,0
1595996579.9988768,488.36420668728846,326.360627547579,0
1595996580.0088675,490.1625312722494,326.360627547579,0
1595996580.0188777,491.9643749154379,326.360627547579,0
1595996580.0288649,493.76205577023524,326.360627547579,0
1595996580.0388565,495.5605520165731,326.360627547579,0
1595996580.048864,497.36188067563074,326.360627547579,0
1595996580.0588737,499.16363848813074,326.360627547579,0
1595996580.0688655,500.9621776498129,326.360627547579,0
1595996580.078871,502.7631629861166,326.360627547579,0
1595996580.0888672,504.562474623995,326.360627547579,0
1595996580.098875,506.3638891137411,326.360627547579,0
1595996580.1088748,508.1638444817831,326.360627547579,0
1595996580.118862,509.96152533658045,326.360627547579,0
1595996580.12886,511.7611802972128,326.360627547579,0
1595996580.1388757,513.5640109933188,326.360627547579,0
1595996580.1488574,515.3607047951987,326.360627547579,0
1595996580.1588736,517.1636213219931,326.360627547579,0
1595996580.1688616,518.9614738381674,326.360627547579,0
1595996580.1788752,520.7639182961752,326.360627547579,0
1595996580.188872,522.5633586800864,326.360627547579,0
1595996580.1988738,524.3636573708823,326.360627547579,0
1595996580.2088773,526.1642993844321,326.360627547579,0
1595996580.2188735,527.9636110223105,326.360627547579,0
1595996580.2288644,529.7619785226157,326.360627547579,0
1595996580.2388747,531.5638221658041,326.360627547579,0
1595996580.248872,533.3633483804037,326.360627547579,0
1595996580.2588778,535.1643766320517,326.360627547579,0
1595996580.2688744,536.9637741006186,326.360627547579,0
1595996580.2788658,538.7622274316122,326.360627547579,0
1595996580.2888649,540.5620540536215,326.360627547579,0
1595996580.2988634,542.3617948449423,326.360627547579,0
1595996580.3088746,544.1638101495078,326.360627547579,0
1595996580.3188775,545.9643234170248,326.360627547579,0
1595996580.3288562,547.7605022347739,326.360627547579,0
1595996580.3388634,549.5617879784872,326.360627547579,0
1595996580.348857,551.360627547579,326.360627547579,0
1595996580.3588727,553.163458243685,326.360627547579,0
1595996580.368858,554.9608386910727,326.360627547579,0
1595996580.3788686,556.7627252496054,326.360627547579,0
1595996580.3888726,558.5634530938437,326.360627547579,0
1595996580.3988667,560.362378493624,326.360627547579,0
1595996580.4088564,562.160531417208,326.360627547579,0
1595996580.4188714,563.9632333672812,326.360627547579,0
1595996580.4288719,565.7633174813559,326.360627547579,0
1595996580.4388638,567.561856643038,326.360627547579,0
1595996580.4488587,569.3609537041953,326.360627547579,0
1595996580.4588685,571.1627115166953,326.360627547579,0
1595996580.4688578,572.9607786095908,326.360627547579,0
1595996580.4788747,574.7638238824179,326.360627547579,0
1595996580.488875,576.5638650811484,326.360627547579,0
1595996580.4988732,578.3635629571249,326.360627547579,0
1595996580.5088763,580.1641191399863,326.360627547579,0
1595996580.5188687,581.9627441323569,326.360627547579,0
1595996580.5288682,583.7626565850546,326.360627547579,0
1595996580.5388777,585.5643714822104,326.360627547579,0
1595996580.5488594,587.3610652840903,326.360627547579,0
1595996580.5588717,589.1632951653769,326.360627547579,0
1595996580.5688586,590.96093310483,326.360627547579,0
1595996580.578874,592.7637208855917,326.360627547579,0
1595996580.5888581,594.560843840914,326.360627547579,0
1595996580.5988765,596.3641466058066,326.360627547579,0
1595996580.608858,598.1608404076865,326.360627547579,0
1595996580.61886,599.9611820138266,326.360627547579,0
1595996580.6288586,601.7609228051474,326.360627547579,0
1595996580.6388774,603.5643114007285,326.360627547579,0
1595996580.6488605,605.3612626946738,326.360627547579,0
1595996580.6588578,607.1607889092734,326.360627547579,0
1595996580.668874,608.9637054360678,326.360627547579,0
1595996580.6788723,610.7634033120444,326.360627547579,0
1595996580.688866,612.5622428811362,326.360627547579,0
1595996580.6988752,614.3639148629477,326.360627547579,0
1595996580.7088635,616.1618102944662,326.360627547579,0
1595996580.718869,617.96279563077,326.360627547579,0
1595996580.7288618,619.761506453829,326.360627547579,0
1595996580.738867,621.5624488747885,326.360627547579,0
1595996580.748859,623.3609880364706,326.360627547579,0
1595996580.758857,625.160642997103,326.360627547579,0
1595996580.7688563,626.9605125344565,326.360627547579,0
1595996580.7788615,628.761454955416,326.360627547579,0
1595996580.7888763,630.564113990145,326.360627547579,0
1595996580.7988665,632.3623527444174,326.360627547579,0
1595996580.808862,634.1615356362631,326.360627547579,0
1595996580.8188584,635.9608901894858,326.360627547579,0
1595996580.8288765,637.7641500390341,326.360627547579,0
1595996580.8388572,639.560672179537,326.360627547579,0
1595996580.8488593,641.3610567010214,326.360627547579,0
1595996580.8588743,643.1637586510947,326.360627547579,0
1595996580.8688622,644.9615682519247,326.360627547579,0
1595996580.8788605,646.7612661279013,326.360627547579,0
1595996580.8888648,648.5620368874838,326.360627547579,0
1595996580.8988693,650.3628505624106,326.360627547579,0
1595996580.908871,652.1631492532065,326.360627547579,0
1595996580.9188585,653.9609159386923,326.360627547579,0
1595996580.9288568,655.7606138146689,326.360627547579,0
1595996580.9388635,657.5618137276938,326.360627547579,0
1595996580.9488652,659.3621124184897,326.360627547579,0
1595996580.9588614,661.1614240563681,326.360627547579,0
1595996580.9688728,662.9634822762778,326.360627547579,0
1595996580.978863,664.7617210305502,326.360627547579,0
1595996580.9888632,666.5617622292807,326.360627547579,0
1595996580.9988616,668.3614601052573,326.360627547579,0
1595996581.0088627,670.1616729653647,326.360627547579,0
1595996581.0188737,671.9636453545859,326.360627547579,0
1595996581.028867,673.7624420083334,326.360627547579,0
1595996581.0388675,675.5625261224081,326.360627547579,0
1595996581.0488753,677.3639406121542,326.360627547579,0
1595996581.0588713,679.1632093346884,326.360627547579,0
1595996581.0688596,680.961104766207,326.360627547579,0
1595996581.078865,682.7620901025107,326.360627547579,0
1595996581.0888655,684.5621742165854,326.360627547579,0
1595996581.0988662,686.3623012460043,326.360627547579,0
1595996581.0988662,0,326.360627547579,0
1595996581.1088862,328.16423071988123,326.360627547579,0
1595996581.1188807,329.96324195035,326.360627547579,0
1595996581.1288877,331.7644847787191,326.360627547579,0
1595996581.1388683,333.56100691922205,326.360627547579,0
1595996581.1488879,335.3645242608358,326.360627547579,0
1595996581.1588829,337.16362132199305,326.360627547579,0
1595996581.1688783,338.96280421383875,326.360627547579,0
1595996581.178884,340.7638324654867,326.360627547579,0
1595996581.1888826,342.5635732568075,326.360627547579,0
1595996581.198881,344.36327113278406,326.360627547579,0
1595996581.208875,346.16219653256434,326.360627547579,0
1595996581.2188804,347.96318186886805,326.360627547579,0
1595996581.2288752,349.76223601468104,326.360627547579,0
1595996581.2388785,351.5628351128866,326.360627547579,0
1595996581.2488713,353.3615459359457,326.360627547579,0
1595996581.2588692,355.16115798123377,326.360627547579,0
1595996581.2688828,356.9636024392416,326.360627547579,0
1595996581.2788796,358.7630428231527,326.360627547579,0
1595996581.2857578,360,326.360627547579,1
1595996581.288883,360.5636419213583,326.360627547579,0
1595996581.2970765,362.03847064145106,326.360627547579,0
1595996581.2970765,360.6115411924353,324.93369809856324,0
1595996581.298869,360.9341787504187,324.93369809856324,0
1595996581.3088706,362.7344774412146,324.93369809856324,0
1595996581.3109772,363.11367742290406,324.93369809856324,0
1595996581.3109772,360.93410322687123,322.7541239025304,0
1595996581.3188808,362.35674688837025,322.7541239025304,0
1595996581.3288715,364.1550714733312,322.7541239025304,0
1595996581.338874,365.95554182550404,322.7541239025304,0
1595996581.3488774,367.7561409237096,322.7541239025304,0
1595996581.3588715,369.5550663234899,322.7541239025304,0
1595996581.3688781,371.3562662365148,322.7541239025304,0
1595996581.3788762,373.1559211971471,322.7541239025304,0
1595996581.3888764,374.9559623958776,322.7541239025304,0
1595996581.3988662,376.75411531946156,322.7541239025304,0
1595996581.4088726,378.5552723171422,322.7541239025304,0
1595996581.4188702,380.3548414470861,322.7541239025304,0
1595996581.428879,382.1564275982091,322.7541239025304,0
1595996581.4388685,383.95453760644887,322.7541239025304,0
1595996581.4488866,385.7577974559972,322.7541239025304,0
1595996581.4588728,387.5553066494176,322.7541239025304,0
1595996581.4688811,389.3568069698522,322.7541239025304,0
1595996581.478887,391.1578781368444,322.7541239025304,0
1595996581.4888792,392.95646021387074,322.7541239025304,0
1595996581.498874,394.75551435968373,322.7541239025304,0
1595996581.5088832,396.55718634149525,322.7541239025304,0
1595996581.518875,398.35568258783314,322.7541239025304,0
1595996581.5288823,400.15701124689076,322.7541239025304,0
1595996581.5388744,401.9555933239171,322.7541239025304,0
1595996581.548875,403.7557203533361,322.7541239025304,0
1595996581.5588715,405.55507490655873,322.7541239025304,0
1595996581.5688677,407.35438654443715,322.7541239025304,0
1595996581.5788836,409.15726015588734,322.7541239025304,0
1595996581.5888853,410.95755884668324,322.7541239025304,0
1595996581.598872,412.7551538707921,322.7541239025304,0
1595996581.6088676,414.55437967798207,322.7541239025304,0
1595996581.6188734,416.35540792963,322.7541239025304,0
1595996581.6288862,418.1577236416051,322.7541239025304,0
1595996581.6388843,419.95737860223744,322.7541239025304,0
1595996581.6488667,421.75420115015004,322.7541239025304,0
1595996581.6588724,423.555229401798,322.7541239025304,0
1595996581.6688805,425.3566868068883,322.7541239025304,0
1595996581.6788735,427.15544054529164,322.7541239025304,0
1595996581.6888855,428.9575845958898,322.7541239025304,0
1595996581.6988692,430.7546646358678,322.7541239025304,0
1595996581.708886,432.5576669933507,322.7541239025304,0
1595996581.718872,434.35517618677113,322.7541239025304,0
1595996581.72887,436.1547882320592,322.7541239025304,0
1595996581.738886,437.95770475885365,322.7541239025304,0
1595996581.748868,439.7544414760778,322.7541239025304,0
1595996581.7588763,441.55594179651234,322.7541239025304,0
1595996581.7688684,443.3545238735387,322.7541239025304,0
1595996581.7788763,445.1559383632848,322.7541239025304,0
1595996581.7888675,446.9543487789342,322.7541239025304,0
1595996581.798878,448.75623533746693,322.7541239025304,0
1595996581.8088815,450.55687735101674,322.7541239025304,0
1595996581.8188658,452.35404322168324,322.7541239025304,0
1595996581.8288772,454.1561014415929,322.7541239025304,0
1595996581.8388715,455.9550697567174,322.7541239025304,0
1595996581.8488755,457.7557976009557,322.7541239025304,0
1595996581.8588712,459.55502340814564,322.7541239025304,0
1595996581.8688867,461.35781118890736,322.7541239025304,0
1595996581.8788865,463.15776655694935,322.7541239025304,0
1595996581.888869,464.9546320202062,322.7541239025304,0
1595996581.8988698,466.75475904962514,322.7541239025304,0
1595996581.9088807,468.5567314388463,322.7541239025304,0
1595996581.9188678,470.3544122936437,322.7541239025304,0
1595996581.9288704,472.15488264581654,322.7541239025304,0
1595996581.9388793,473.9564687969396,322.7541239025304,0
1595996581.9488842,475.7573683025548,322.7541239025304,0
1595996581.9588842,477.55736658594105,322.7541239025304,0
1595996581.9688847,479.35745070001576,322.7541239025304,0
1595996581.9788663,481.15414450189564,322.7541239025304,0
1595996581.9888835,482.95723269006703,322.7541239025304,0
1595996581.9988859,484.75766012689564,322.7541239025304,0
1595996582.0088756,486.5558130504796,322.7541239025304,0
1595996582.0188813,488.3568413021276,322.7541239025304,0
1595996582.0288866,490.15778372308705,322.7541239025304,0
1595996582.0388682,491.95447752496693,322.7541239025304,0
1595996582.0488687,493.75456163904164,322.7541239025304,0
1595996582.0588827,495.55709192773793,322.7541239025304,0
1595996582.0688663,497.3541290523717,322.7541239025304,0
1595996582.0788739,499.1555006267736,322.7541239025304,0
1595996582.088885,500.957515931339,322.7541239025304,0
1595996582.0988748,502.755668854923,322.7541239025304,0
1595996582.108867,504.55425093194935,322.7541239025304,0
1595996582.1188838,506.3572962047765,322.7541239025304,0
1595996582.1288652,508.15394709131215,322.7541239025304,0
1595996582.1388857,509.95763609430287,322.7541239025304,0
1595996582.1488726,511.755274033756,322.7541239025304,0
1595996582.1588662,513.5541136028478,322.7541239025304,0
1595996582.1688712,515.355013108463,322.7541239025304,0
1595996582.1788857,517.1576292278478,322.7541239025304,0
1595996582.1888828,518.9571125271032,322.7541239025304,0
1595996582.1988804,520.756681657047,322.7541239025304,0
1595996582.2088726,522.5552637340734,322.7541239025304,0
1595996582.2188745,524.3556053402135,322.7541239025304,0
1595996582.2288673,526.1543161632726,322.7541239025304,0
1595996582.2388844,527.957404351444,322.7541239025304,0
1595996582.2488859,529.7576601268956,322.7541239025304,0
1595996582.2588785,531.5563280346105,322.7541239025304,0
1595996582.2688673,533.3543092968175,322.7541239025304,0
1595996582.2788668,535.1542217495153,322.7541239025304,0
1595996582.2888849,536.9574815990636,322.7541239025304,0
1595996582.2988656,538.7540037395665,322.7541239025304,0
1595996582.3088748,540.5556757213781,322.7541239025304,0
1595996582.3188777,542.3561889888952,322.7541239025304,0
1595996582.328884,544.1573030712316,322.7541239025304,0
1595996582.33888,545.95661470911,322.7541239025304,0
1595996582.3488708,547.7549392940709,322.7541239025304,0
1595996582.3588727,549.5552809002111,322.7541239025304,0
1595996582.3688695,551.3547212841222,322.7541239025304,0
1595996582.3788846,553.1574232341954,322.7541239025304,0
1595996582.3888655,554.9539882900426,322.7541239025304,0
1595996582.3988743,556.7555744411657,322.7541239025304,0
1595996582.4088798,558.5565597774694,322.7541239025304,0
1595996582.418871,560.3549701931188,322.7541239025304,0
1595996582.4288821,562.1569854976842,322.7541239025304,0
1595996582.438881,563.9567692043493,322.7541239025304,0
1595996582.4488783,565.7562954189489,322.7541239025304,0
1595996582.4588828,567.5571090938756,322.7541239025304,0
1595996582.4688864,569.3577511074254,322.7541239025304,0
1595996582.4788861,571.1577064754674,322.7541239025304,0
1595996582.4888675,572.9543573620031,322.7541239025304,0
1595996582.4988782,574.75628683588,322.7541239025304,0
1595996582.5088794,576.5564996959874,322.7541239025304,0
1595996582.5188797,578.3565408947179,322.7541239025304,0
1595996582.528884,580.1573116543004,322.7541239025304,0
1595996582.5388806,581.9567091228673,322.7541239025304,0
1595996582.5488822,583.7570078136632,322.7541239025304,0
1595996582.5588703,585.5548603298375,322.7541239025304,0
1595996582.5688782,587.3562748195836,322.7541239025304,0
1595996582.5788717,589.1551143886754,322.7541239025304,0
1595996582.58887,590.954812264652,322.7541239025304,0
1595996582.598866,592.7540809871862,322.7541239025304,0
1595996582.6088767,594.5560104610631,322.7541239025304,0
1595996582.6188843,596.357382035465,322.7541239025304,0
1595996582.6288755,598.1557924511144,322.7541239025304,0
1595996582.6388783,599.9563057186315,322.7541239025304,0
1595996582.6488783,601.7563040020177,322.7541239025304,0
1595996582.6588736,603.5554439785192,322.7541239025304,0
1595996582.6688669,605.3542406322667,322.7541239025304,0
1595996582.6788754,607.1557838680455,322.7541239025304,0
1595996582.6888804,608.9566833736608,322.7541239025304,0
1595996582.6988754,610.755780434818,322.7541239025304,0
1595996582.708874,612.5555212261388,322.7541239025304,0
1595996582.718868,614.3544466259191,322.7541239025304,0
1595996582.728884,616.1573202373693,322.7541239025304,0
1595996582.7388651,617.9539282085607,322.7541239025304,0
1595996582.7488759,619.7558576824376,322.7541239025304,0
1595996582.7588742,621.5555555584142,322.7541239025304,0
1595996582.7688782,623.3562834026525,322.7541239025304,0
1595996582.778872,625.1551658870885,322.7541239025304,0
1595996582.7888703,626.9548637630651,322.7541239025304,0
1595996582.7988858,628.7576515438268,322.7541239025304,0
1595996582.8088768,630.556019044132,322.7541239025304,0
1595996582.818879,632.3564035656163,322.7541239025304,0
1595996582.8288684,634.1545135738561,322.7541239025304,0
1595996582.838876,635.955885148258,322.7541239025304,0
1595996582.8488767,637.7560121776769,322.7541239025304,0
1595996582.8588777,639.5561821224401,322.7541239025304,0
1595996582.8688731,641.3553650142858,322.7541239025304,0
1595996582.8788736,643.1554491283605,322.7541239025304,0
1595996582.8888662,644.9541170360753,322.7541239025304,0
1595996582.8988733,646.7554027797887,322.7541239025304,0
1595996582.908884,648.5573322536657,322.7541239025304,0
1595996582.9188805,650.3566868068883,322.7541239025304,0
1595996582.9288676,652.1543676616857,322.7541239025304,0
1595996582.9388688,653.9545805217931,322.7541239025304,0
1595996582.948883,655.7571537258336,322.7541239025304,0
1595996582.9588847,657.5574524166295,322.7541239025304,0
1595996582.968874,659.355519509525,322.7541239025304,0
1595996582.9788747,661.155646538944,322.7541239025304,0
1595996582.9888682,662.9544861080358,322.7541239025304,0
1595996582.9988809,664.7567589046666,322.7541239025304,0
1595996583.0088706,666.5549118282506,322.7541239025304,0
1595996583.0188715,668.3550817730138,322.7541239025304,0
1595996583.0288723,670.1552088024328,322.7541239025304,0
1595996583.0388775,671.9561512233922,322.7541239025304,0
1595996583.0488687,673.7545616390416,322.7541239025304,0
1595996583.0588846,675.5574352504918,322.7541239025304,0
1595996583.06888,677.3566181423375,322.7541239025304,0
1595996583.0788684,679.1545135738561,322.7541239025304,0
1595996583.0888698,680.9547693493078,322.7541239025304,0
1595996583.098872,682.7551538707921,322.7541239025304,0
1595996583.098872,0,322.7541239025304,0
1595996583.1088858,324.55661127588246,322.7541239025304,0
1595996583.118877,326.3550216915319,322.7541239025304,0
1595996583.1288822,328.15596411249135,322.7541239025304,0
1595996583.1388776,329.95514700433705,322.7541239025304,0
1595996583.1488853,331.7565185787389,322.7541239025304,0
1595996583.1588738,333.5544569256017,322.7541239025304,0
1595996583.168877,335.355013108463,322.7541239025304,0
1595996583.1788783,337.1552688839147,322.7541239025304,0
1595996583.1888826,338.9560396434972,322.7541239025304,0
1595996583.1988864,340.75672457239125,322.7541239025304,0
1595996583.208883,342.55612204095814,322.7541239025304,0
1595996583.2188928,344.35787985345814,322.7541239025304,0
1595996583.2288747,346.15461657068226,322.7541239025304,0
1595996583.2388926,347.95783350488637,322.7541239025304,0
1595996583.2488863,349.7567159893224,322.7541239025304,0
1595996583.2588725,351.5542251827428,322.7541239025304,0
1595996583.2688916,353.3576566936681,322.7541239025304,0
1595996583.2788727,355.1542646648595,322.7541239025304,0
1595996583.2888856,356.9565803768346,322.7541239025304,0
1595996583.2988892,358.7572223903844,322.7541239025304,0
1595996583.3048522,359.83057806512807,322.7541239025304,0
1595996583.3048522,359.9491734195384,322.87271925694074,0
1595996583.3051434,360,322.87271925694074,1
1595996583.3088808,360.67431399113264,322.87271925694074,0
1595996583.311225,361.0962576556834,322.87271925694074,0
1595996583.311225,360.328877296705,322.1053388979623,0
1595996583.3188775,361.7063311007211,322.1053388979623,0
1595996583.3288865,363.5079601671884,322.1053388979623,0
1595996583.3388855,365.3077867891977,322.1053388979623,0
1595996583.3488758,367.10602554347014,322.1053388979623,0
1595996583.3588936,368.90924247767424,322.1053388979623,0
1595996583.3688734,370.7055929568002,322.1053388979623,0
1595996583.378887,372.50803741480803,322.1053388979623,0
1595996583.3888893,374.30846485163664,322.1053388979623,0
1595996583.3988874,376.10811981226897,322.1053388979623,0
1595996583.408891,377.9087618258188,322.1053388979623,0
1595996583.4188752,379.7059276964853,322.1053388979623,0
1595996583.4288723,381.50541099574065,322.1053388979623,0
1595996583.4388754,383.305967178602,322.1053388979623,0
1595996583.4488773,385.1063087847421,322.1053388979623,0
1595996583.4588754,386.90596374537444,322.1053388979623,0
1595996583.4688745,388.7057903673837,322.1053388979623,0
1595996583.4788814,390.50703319575285,322.1053388979623,0
1595996583.4888878,392.3081901934335,322.1053388979623,0
1595996583.4988778,394.10638603236174,322.1053388979623,0
1595996583.5088797,395.9067276385019,322.1053388979623,0
1595996583.5188723,397.7053955462167,322.1053388979623,0
1595996583.528891,399.5087841417978,322.1053388979623,0
1595996583.5388741,401.3057354357431,322.1053388979623,0
1595996583.5488877,403.1081798937509,322.1053388979623,0
1595996583.5588906,404.908693161268,322.1053388979623,0
1595996583.5688753,406.70594486262297,322.1053388979623,0
1595996583.5788867,408.50800308253264,322.1053388979623,0
1595996583.588872,410.3053406145761,322.1053388979623,0
1595996583.598885,412.10769924189543,322.1053388979623,0
1595996583.6088853,413.9077404406259,322.1053388979623,0
1595996583.6188736,415.70563587214446,322.1053388979623,0
1595996583.6288798,417.5067499544809,322.1053388979623,0
1595996583.638891,419.3087652590463,322.1053388979623,0
1595996583.6488853,421.1077335741708,322.1053388979623,0
1595996583.6588876,422.90816101099944,322.1053388979623,0
1595996583.6688836,424.7074297335336,322.1053388979623,0
1595996583.6788862,426.50790008570647,322.1053388979623,0
1595996583.6888716,428.30528053309416,322.1053388979623,0
1595996583.6988933,430.1091841128061,322.1053388979623,0
1595996583.7088876,431.9081524279306,322.1053388979623,0
1595996583.7188802,433.70682033564543,322.1053388979623,0
1595996583.7288785,435.506518211622,322.1053388979623,0
1595996583.738887,437.3080614474008,322.1053388979623,0
1595996583.7488904,439.10866054560637,322.1053388979623,0
1595996583.758887,440.90805801417326,322.1053388979623,0
1595996583.7688782,442.7064684298227,322.1053388979623,0
1595996583.7788775,444.5063379671762,322.1053388979623,0
1595996583.7888925,446.30903991724944,322.1053388979623,0
1595996583.7988737,448.10564788844084,322.1053388979623,0
1595996583.80888,449.9068048861215,322.1053388979623,0
1595996583.8188906,451.7086914446542,322.1053388979623,0
1595996583.8288898,453.50856098200774,322.1053388979623,0
1595996583.838872,455.3053406145761,322.1053388979623,0
1595996583.8488832,457.1073559191415,322.1053388979623,0
1595996583.8588724,458.90542301203703,322.1053388979623,0
1595996583.8688784,460.7064941790292,322.1053388979623,0
1595996583.8788803,462.50683578516936,322.1053388979623,0
1595996583.8888865,464.3079498675058,322.1053388979623,0
1595996583.8988776,466.1063602831552,322.1053388979623,0
1595996583.9088857,467.90781768824553,322.1053388979623,0
1595996583.9188836,469.7074297335336,322.1053388979623,0
1595996583.928889,471.5084150698373,322.1053388979623,0
1595996583.9388885,473.3083275225351,322.1053388979623,0
1595996583.9488819,475.10712417628264,322.1053388979623,0
1595996583.958883,476.90733703639006,322.1053388979623,0
1595996583.9688816,478.70707782771086,322.1053388979623,0
1595996583.9788775,480.50634655024504,322.1053388979623,0
1595996583.9888842,482.30754646326994,322.1053388979623,0
1595996583.998883,484.107330169935,322.1053388979623,0
1595996584.0088851,485.90771469141936,322.1053388979623,0
1595996584.0188844,487.7075842287729,322.1053388979623,0
1595996584.028888,489.5082262423227,322.1053388979623,0
1595996584.0388744,491.3057783510873,322.1053388979623,0
1595996584.0488844,493.10757907893156,322.1053388979623,0
1595996584.058879,494.9065903094003,322.1053388979623,0
1595996584.0688772,496.7062881853769,322.1053388979623,0
1595996584.0788908,498.5087326433847,322.1053388979623,0
1595996584.0888896,500.30851635004973,322.1053388979623,0
1595996584.098885,502.10769924189543,322.1053388979623,0
1595996584.1088905,503.90868457819914,322.1053388979623,0
1595996584.11888,505.7067945864389,322.1053388979623,0
1595996584.1288753,507.50593456294035,322.1053388979623,0
1595996584.1388733,509.3055895235727,322.1053388979623,0
1595996584.1488812,511.1070040133188,322.1053388979623,0
1595996584.1588733,512.9055860903452,322.1053388979623,0
1595996584.168871,514.705155220289,322.1053388979623,0
1595996584.1788735,516.5056255724619,322.1053388979623,0
1595996584.1888738,518.3056667711924,322.1053388979623,0
1595996584.198885,520.1076820757578,322.1053388979623,0
1595996584.2088835,521.9074228670786,322.1053388979623,0
1595996584.2188733,523.7055757906626,322.1053388979623,0
1595996584.2288835,525.507419433851,322.1053388979623,0
1595996584.2388918,527.3089197542856,322.1053388979623,0
1595996584.248876,529.1060856249521,322.1053388979623,0
1595996584.2588818,530.9071138766001,322.1053388979623,0
1595996584.2688725,532.705438461561,322.1053388979623,0
1595996584.278871,534.5051792528818,322.1053388979623,0
1595996584.2888715,536.3052633669565,322.1053388979623,0
1595996584.2988732,538.1055620577524,322.1053388979623,0
1595996584.3088913,539.9088219073008,322.1053388979623,0
1595996584.318887,541.7080477144907,322.1053388979623,0
1595996584.3288827,543.5072735216806,322.1053388979623,0
1595996584.3388774,545.3063276674936,322.1053388979623,0
1595996584.3488765,547.1061542895029,322.1053388979623,0
1595996584.3588839,548.9074829485605,322.1053388979623,0
1595996584.368886,550.7078674700449,322.1053388979623,0
1595996584.3788903,552.5086382296274,322.1053388979623,0
1595996584.388877,554.3062332537363,322.1053388979623,0
1595996584.3988905,556.1086777117441,322.1053388979623,0
1595996584.4088836,557.9074314501474,322.1053388979623,0
1595996584.4188836,559.7074297335337,322.1053388979623,0
1595996584.4288776,561.506355133314,322.1053388979623,0
1595996584.4388819,563.3071258928965,322.1053388979623,0
1595996584.448881,565.1069525149057,322.1053388979623,0
1595996584.4588757,566.9060066607187,322.1053388979623,0
1595996584.468882,568.7071636583994,322.1053388979623,0
1595996584.4788885,570.5083206560801,322.1053388979623,0
1595996584.48888,572.3067739870737,322.1053388979623,0
1595996584.498882,574.1071585085581,322.1053388979623,0
1595996584.508872,575.9053543474863,322.1053388979623,0
1595996584.5188751,577.7059105303476,322.1053388979623,0
1595996584.5288746,579.5058229830454,322.1053388979623,0
1595996584.5388892,581.3084391024302,322.1053388979623,0
1595996584.5488741,583.1057337191294,322.1053388979623,0
1595996584.5588868,584.9080065157602,322.1053388979623,0
1595996584.568888,586.7082193758677,322.1053388979623,0
1595996584.578885,588.507702675123,322.1053388979623,0
1595996584.5888894,590.3084734347055,322.1053388979623,0
1595996584.5988765,592.1061542895029,322.1053388979623,0
1595996584.608878,593.9064100649546,322.1053388979623,0
1595996584.618877,595.7062366869638,322.1053388979623,0
1595996584.6288793,597.5066641237925,322.1053388979623,0
1595996584.638879,599.3066194918345,322.1053388979623,0
1595996584.6488755,601.1059740450571,322.1053388979623,0
1595996584.6588845,602.9076031115244,322.1053388979623,0
1595996584.6688743,604.7057560351084,322.1053388979623,0
1595996584.6788757,606.50601181056,322.1053388979623,0
1595996584.6888802,608.3068254854868,322.1053388979623,0
1595996584.6988888,610.1083687212656,322.1053388979623,0
1595996584.7088907,611.9087103274057,322.1053388979623,0
1595996584.718871,613.7051895525644,322.1053388979623,0
1595996584.7288861,615.5078915026377,322.1053388979623,0
1595996584.7388804,617.3068598177622,322.1053388979623,0
1595996584.748878,619.106428947706,322.1053388979623,0
1595996584.7588902,620.9086159136484,322.1053388979623,0
1595996584.768886,622.7078846361826,322.1053388979623,0
1595996584.7788885,624.5083120730112,322.1053388979623,0
1595996584.7888887,626.3083532717417,322.1053388979623,0
1595996584.798877,628.1062487032602,322.1053388979623,0
1595996584.8088887,629.9083498385141,322.1053388979623,0
1595996584.8188908,631.7087343599985,322.1053388979623,0
1595996584.8288746,633.5058143999765,322.1053388979623,0
1595996584.838874,635.3057268526743,322.1053388979623,0
1595996584.8488793,637.1066692736338,322.1053388979623,0
1595996584.8588905,638.9086845781992,322.1053388979623,0
1595996584.868875,640.7058933642099,322.1053388979623,0
1595996584.8788774,642.5063208010386,322.1053388979623,0
1595996584.8888774,644.3063190844248,322.1053388979623,0
1595996584.8988702,646.1050299074839,322.1053388979623,0
1595996584.9088852,647.9077318575571,322.1053388979623,0
1595996584.91888,649.7067860033701,322.1053388979623,0
1595996584.9288723,651.5054109957407,322.1053388979623,0
1595996584.938878,653.3064392473887,322.1053388979623,0
1595996584.9488873,655.1081112292002,322.1053388979623,0
1595996584.958876,656.906049576063,322.1053388979623,0
1595996584.968881,658.7069490816782,322.1053388979623,0
1595996584.978891,660.5087498095224,322.1053388979623,0
1595996584.9888813,662.3070314791391,322.1053388979623,0
1595996584.9988885,664.1083172228525,322.1053388979623,0
1595996585.008878,665.9064272310923,322.1053388979623,0
1595996585.0188754,667.7059534456919,322.1053388979623,0
1595996585.0288708,669.5051363375376,322.1053388979623,0
1595996585.038886,671.3078812029551,322.1053388979623,0
1595996585.048879,673.1065920260141,322.1053388979623,0
1595996585.058873,674.9055174257944,322.1053388979623,0
1595996585.0688868,676.7080047991465,322.1053388979623,0
1595996585.078875,678.505900230665,322.1053388979623,0
1595996585.088876,680.3060701754282,322.1053388979623,0
1595996585.0988896,682.108514633436,322.1053388979623,0
1595996585.0988896,0,322.1053388979623,0
1595996585.1089091,323.9088562395761,322.1053388979623,0
1595996585.118905,325.7081249621103,322.1053388979623,0
1595996585.1289072,327.50850948359465,322.1053388979623,0
1595996585.138909,329.3088510897348,322.1053388979623,0
1595996585.1489077,331.1085918810556,322.1053388979623,0
1595996585.158902,332.9075601961801,322.1053388979623,0
1595996585.1689014,334.70747264887785,322.1053388979623,0
1595996585.1789005,336.50729927088713,322.1053388979623,0
1595996585.1889067,338.30841335322356,322.1053388979623,0
1595996585.1989038,340.1078966524789,322.1053388979623,0
1595996585.2088928,341.9059208300302,322.1053388979623,0
1595996585.2188985,343.70694908167815,322.1053388979623,0
1595996585.228905,345.5081060793588,322.1053388979623,0
1595996585.2389057,347.30823310877776,322.1053388979623,0
1595996585.2489061,349.10831722285246,322.1053388979623,0
1595996585.2588918,350.9057405855844,322.1053388979623,0
1595996585.268907,352.7084854510019,322.1053388979623,0
1595996585.278896,354.50650962855315,322.1053388979623,0
1595996585.288911,356.3092115786264,322.1053388979623,0
1595996585.2989025,358.10766490962004,322.1053388979623,0
1595996585.308906,359.90830692316985,322.1053388979623,0
1595996585.309436,360,322.1053388979623,1
1595996585.3187966,361.6886070635507,322.1053388979623,0
1595996585.3187966,360.50658211906523,320.92331395347685,0
1595996585.3189354,360.5315588494119,320.92331395347685,0
1595996585.328903,362.32572064598173,320.92331395347685,0
1595996585.3389058,364.1262339134988,320.92331395347685,0
1595996585.3464172,365.4782818337259,320.92331395347685,0
1595996585.3464172,361.64348455011776,317.08851666986874,0
1595996585.3488977,362.08997579157284,317.08851666986874,0
1595996585.3588924,363.8890299373858,317.08851666986874,0
1595996585.368905,365.6913027340167,317.08851666986874,0
1595996585.3788948,367.4894556576007,317.08851666986874,0
1595996585.3888917,369.2888960415118,317.08851666986874,0
1595996585.3988943,371.08936639368466,317.08851666986874,0
1595996585.408907,372.8916391903155,317.08851666986874,0
1595996585.4188945,374.68940587580136,317.08851666986874,0
1595996585.4289048,376.49124951898983,317.08851666986874,0
1595996585.438895,378.2894882732623,317.08851666986874,0
1595996585.4488986,380.0901302868121,317.08851666986874,0
1595996585.458894,381.8893131786578,317.08851666986874,0
1595996585.4688892,383.68845315515927,317.08851666986874,0
1595996585.4789014,385.49064012110165,317.08851666986874,0
1595996585.488904,387.2911104732745,317.08851666986874,0
1595996585.4988985,389.09012170374325,317.08851666986874,0
1595996585.5088894,390.8884892040484,317.08851666986874,0
1595996585.5188963,392.68973203241757,317.08851666986874,0
1595996585.5288918,394.48891492426327,317.08851666986874,0
1595996585.5388925,396.2890419536822,317.08851666986874,0
1595996585.5488927,398.0890831524127,317.08851666986874,0
1595996585.558894,399.8892960125201,317.08851666986874,0
1595996585.5688953,401.68955178797177,317.08851666986874,0
1595996585.5789018,403.49070878565243,317.08851666986874,0
1595996585.5889077,405.2917799526446,317.08851666986874,0
1595996585.5988953,407.08954663813046,317.08851666986874,0
1595996585.6089091,408.8920340114825,317.08851666986874,0
1595996585.6188953,410.6895432049029,317.08851666986874,0
1595996585.6288936,412.4892410808795,317.08851666986874,0
1595996585.638908,414.29181428492,317.08851666986874,0
1595996585.648896,416.0896668010943,317.08851666986874,0
1595996585.6589015,417.89065213739804,317.08851666986874,0
1595996585.668891,419.6887621456378,317.08851666986874,0
1595996585.6788993,421.49026246607235,317.08851666986874,0
1595996585.6888921,423.28897328913143,317.08851666986874,0
1595996585.698906,425.0914606624835,317.08851666986874,0
1595996585.7089112,426.89240308344296,317.08851666986874,0
1595996585.7188962,428.6896977001422,317.08851666986874,0
1595996585.728905,430.4912838512652,317.08851666986874,0
1595996585.7388957,432.28960843622616,317.08851666986874,0
1595996585.7488964,434.0897354656451,317.08851666986874,0
1595996585.7589004,435.8904633098834,317.08851666986874,0
1595996585.7689023,437.6908049160235,317.08851666986874,0
1595996585.7788947,439.48942990839413,317.08851666986874,0
1595996585.7889009,441.29054399073055,317.08851666986874,0
1595996585.7988997,443.0903276973956,317.08851666986874,0
1595996585.8089094,444.8920855098956,317.08851666986874,0
1595996585.818901,446.6905817562335,317.08851666986874,0
1595996585.82889,448.48860593378475,317.08851666986874,0
1595996585.8388894,450.28847547113827,317.08851666986874,0
1595996585.8488948,452.089460807442,317.08851666986874,0
1595996585.8588896,453.88851495325497,317.08851666986874,0
1595996585.868907,455.6916460567706,317.08851666986874,0
1595996585.8788888,457.4883827739947,317.08851666986874,0
1595996585.8889005,459.2904839092486,317.08851666986874,0
1595996585.8988974,461.08992429315975,317.08851666986874,0
1595996585.9088955,462.8895792537921,317.08851666986874,0
1595996585.9188967,464.6897921138995,317.08851666986874,0
1595996585.9289052,466.4913353496783,317.08851666986874,0
1595996585.9389093,468.2920631939166,317.08851666986874,0
1595996585.9488928,470.0891003185504,317.08851666986874,0
1595996585.9588993,471.89025731623104,317.08851666986874,0
1595996585.9689012,473.6905989223712,317.08851666986874,0
1595996585.9788902,475.48862309992245,317.08851666986874,0
1595996585.9889078,477.2917971187823,317.08851666986874,0
1595996585.9989,479.0903791958087,317.08851666986874,0
1595996586.008908,480.891836600899,317.08851666986874,0
1595996586.0188959,482.6896462017291,317.08851666986874,0
1595996586.0288932,484.4891724163287,317.08851666986874,0
1595996586.0389037,486.2910589748614,317.08851666986874,0
1595996586.048903,488.09092851221493,317.08851666986874,0
1595996586.058901,489.89058347284725,317.08851666986874,0
1595996586.06889,491.6886076503985,317.08851666986874,0
1595996586.0788903,493.488648849129,317.08851666986874,0
1595996586.0889044,495.2911791378253,317.08851666986874,0
1595996586.098896,497.0896753841632,317.08851666986874,0
1595996586.1089003,498.8904461437457,317.08851666986874,0
1595996586.1188948,500.68945737421444,317.08851666986874,0
1595996586.1289017,502.4907002025836,317.08851666986874,0
1595996586.138896,504.2896685177081,317.08851666986874,0
1595996586.1489105,506.09228463709286,317.08851666986874,0
1595996586.1588984,507.89009423792294,317.08851666986874,0
1595996586.1688912,509.688805060982,317.08851666986874,0
1595996586.1789107,511.4923224025958,317.08851666986874,0
1595996586.188909,513.2920202785724,317.08851666986874,0
1595996586.1989014,515.090645270943,317.08851666986874,0
1595996586.2088976,516.8899569088214,317.08851666986874,0
1595996586.2188952,518.6895260387653,317.08851666986874,0
1595996586.2288985,520.4901251369708,317.08851666986874,0
1595996586.2388947,522.2894367748493,317.08851666986874,0
1595996586.2489023,524.0908083492511,317.08851666986874,0
1595996586.2589102,525.8922228389972,317.08851666986874,0
1595996586.2688925,527.6890453869098,317.08851666986874,0
1595996586.278891,529.4887861782306,317.08851666986874,0
1595996586.288905,531.2912735515827,317.08851666986874,0
1595996586.2989087,533.0919584804767,317.08851666986874,0
1595996586.3088899,534.8885664516681,317.08851666986874,0
1595996586.3189008,536.6905388408893,317.08851666986874,0
1595996586.3289015,538.4906658703082,317.08851666986874,0
1595996586.3389091,540.2920374447101,317.08851666986874,0
1595996586.3489032,542.0909628444904,317.08851666986874,0
1595996586.3588953,543.8895449215167,317.08851666986874,0
1595996586.36889,545.6885990673297,317.08851666986874,0
1595996586.3788888,547.4883827739948,317.08851666986874,0
1595996586.3888996,549.2903122478717,317.08851666986874,0
1595996586.398904,551.0911259227985,317.08851666986874,0
1595996586.4088895,552.8885063701862,317.08851666986874,0
1595996586.4189034,554.6909937435382,317.08851666986874,0
1595996586.4288948,556.4894470745319,317.08851666986874,0
1595996586.4388983,558.2900890880817,317.08851666986874,0
1595996586.4488912,560.0887999111408,317.08851666986874,0
1595996586.4588964,561.8897423321002,317.08851666986874,0
1595996586.4689045,563.6911997371906,317.08851666986874,0
1595996586.4788892,565.4884514385456,317.08851666986874,0
1595996586.488893,567.2891363674396,317.08851666986874,0
1595996586.4989061,569.0914949947589,317.08851666986874,0
1595996586.508895,570.889476256966,317.08851666986874,0
1595996586.5188904,572.6886591488117,317.08851666986874,0
1595996586.5289059,574.4914469295734,317.08851666986874,0
1595996586.5389063,576.2915310436481,317.08851666986874,0
1595996586.548906,578.0914864116901,317.08851666986874,0
1595996586.5589023,579.8907980495685,317.08851666986874,0
1595996586.568901,581.6905817562335,317.08851666986874,0
1595996586.5788982,583.4900650554889,317.08851666986874,0
1595996586.5889082,585.2918657833332,317.08851666986874,0
1595996586.5988996,587.0903191143268,317.08851666986874,0
1595996586.6089103,588.8922485882038,317.08851666986874,0
1595996586.6189053,590.691345649361,317.08851666986874,0
1595996586.6288989,592.4901852184528,317.08851666986874,0
1595996586.6389096,594.2921146923297,317.08851666986874,0
1595996586.6489089,596.0919842296832,317.08851666986874,0
1595996586.6589026,597.8908667141193,317.08851666986874,0
1595996586.668908,599.691852050423,317.08851666986874,0
1595996586.678905,601.4912924343341,317.08851666986874,0
1595996586.688899,603.2902178341144,317.08851666986874,0
1595996586.6988978,605.0900015407794,317.08851666986874,0
1595996586.7089083,606.8918880993122,317.08851666986874,0
1595996586.7188952,608.6895260387653,317.08851666986874,0
1595996586.728888,610.4882368618244,317.08851666986874,0
1595996586.7389016,612.2906813198322,317.08851666986874,0
1595996586.7489069,614.0916237407916,317.08851666986874,0
1595996586.758889,615.88840337336,317.08851666986874,0
1595996586.7688954,617.6895603710407,317.08851666986874,0
1595996586.7789066,619.4915756756061,317.08851666986874,0
1595996586.7889113,621.2924322658771,317.08851666986874,0
1595996586.7988908,623.0887398296588,317.08851666986874,0
1595996586.8088884,624.8883089596027,317.08851666986874,0
1595996586.818905,626.6913113170856,317.08851666986874,0
1595996586.828905,628.4913096004718,317.08851666986874,0
1595996586.8388948,630.2894625240558,317.08851666986874,0
1595996586.8488882,632.0882591778034,317.08851666986874,0
1595996586.8589113,633.8924202495807,317.08851666986874,0
1595996586.868904,635.6911310726398,317.08851666986874,0
1595996586.878895,637.489498572945,317.08851666986874,0
1595996586.8888965,639.2897543483966,317.08851666986874,0
1595996586.8988967,641.0897955471271,317.08851666986874,0
1595996586.9088905,642.8886780315631,317.08851666986874,0
1595996586.9189053,644.6913370662921,317.08851666986874,0
1595996586.9288995,646.4903053814166,317.08851666986874,0
1595996586.9389038,648.2910761409992,317.08851666986874,0
1595996586.9489057,650.0914177471393,317.08851666986874,0
1595996586.9589028,651.8909010463947,317.08851666986874,0
1595996586.9688926,653.6890539699787,317.08851666986874,0
1595996586.9788985,655.4901251369708,317.08851666986874,0
1595996586.9888942,657.2893509441608,317.08851666986874,0
1595996586.99889,659.0885767513507,317.08851666986874,0
1595996587.0089042,660.8911499553913,317.08851666986874,0
1595996587.0188937,662.689259963631,317.08851666986874,0
1595996587.0289009,664.4905457073444,317.08851666986874,0
1595996587.038909,666.2920031124347,317.08851666986874,0
1595996587.04891,668.0921730571979,317.08851666986874,0
1595996587.0589008,669.8905405575031,317.08851666986874,0
1595996587.0688932,671.6891655498737,317.08851666986874,0
1595996587.078894,673.4892925792926,317.08851666986874,0
1595996587.0888996,675.2903208309406,317.08851666986874,0
1595996587.0988882,677.0882591778034,317.08851666986874,0
1595996587.0989144,677.0929798656696,317.08851666986874,0
1595996587.0989144,0,317.08851666986874,0
1595996587.1089199,318.88950200617245,317.08851666986874,0
1595996587.1189182,320.689199882149,317.08851666986874,0
1595996587.1289158,322.48876901209286,317.08851666986874,0
1595996587.1389143,324.28850980341366,317.08851666986874,0
1595996587.1489353,326.09228463709286,317.08851666986874,0
1595996587.1589146,327.88854928553036,317.08851666986874,0
1595996587.168936,329.69240994989804,317.08851666986874,0
1595996587.1789174,331.4890608364337,317.08851666986874,0
1595996587.188925,333.29043241083554,317.08851666986874,0
1595996587.198934,335.0920614773028,317.08851666986874,0
1595996587.2089207,336.8896565014117,317.08851666986874,0
1595996587.2189333,338.69192929804257,317.08851666986874,0
1595996587.2289236,340.490168052315,317.08851666986874,0
1595996587.2389314,342.2915825420611,317.08851666986874,0
1595996587.2489338,344.09200997888973,317.08851666986874,0
1595996587.2589293,345.89119287073544,317.08851666986874,0
1595996587.2689362,347.6924356991046,317.08851666986874,0
1595996587.2789247,349.49037404596737,317.08851666986874,0
1595996587.2889242,351.2902864986651,317.08851666986874,0
1595996587.298932,353.0917009884112,317.08851666986874,0
1595996587.308919,354.88933892786434,317.08851666986874,0
1595996587.318917,356.68899388849667,317.08851666986874,0
1595996587.324056,357.6139912182086,317.08851666986874,0
1595996587.324056,359.28419736546255,318.7587228171227,0
1595996587.3280404,360,318.7587228171227,1
1595996587.3289187,360.15949872654653,318.7587228171227,0
1595996587.3389328,361.9620290152428,318.7587228171227,0
1595996587.3489203,363.75979570072866,318.7587228171227,0
1595996587.3589213,365.55996564549184,318.7587228171227,0
1595996587.3629212,366.2799563757775,318.7587228171227,0
1595996587.3629212,361.88398691273323,314.36275335407845,0
1595996587.3689313,362.96579691029183,314.36275335407845,0
1595996587.378925,364.76467939472786,314.36275335407845,0
1595996587.3889248,366.56463476276986,314.36275335407845,0
1595996587.3989317,368.365877591139,314.36275335407845,0
1595996587.4089308,370.1657042131483,314.36275335407845,0
1595996587.4189258,371.9648012743055,314.36275335407845,0
1595996587.4289327,373.76604410267464,314.36275335407845,0
1595996587.4389198,375.563724957472,314.36275335407845,0
1595996587.4489193,377.36363741016976,314.36275335407845,0
1595996587.4589162,379.1630777940809,314.36275335407845,0
1595996587.4689274,380.9650930986463,314.36275335407845,0
1595996587.4789336,382.76620718098275,314.36275335407845,0
1595996587.4889288,384.5653471574842,314.36275335407845,0
1595996587.4989328,386.3660750017225,314.36275335407845,0
1595996587.508922,388.164142094618,314.36275335407845,0
1595996587.5189211,389.9639687166273,314.36275335407845,0
1595996587.5289254,391.7647394762098,314.36275335407845,0
1595996587.5389225,393.56422277546517,314.36275335407845,0
1595996587.5489202,395.363791905409,314.36275335407845,0
1595996587.5589204,397.1638331041395,314.36275335407845,0
1595996587.5689178,398.9633593187391,314.36275335407845,0
1595996587.578927,400.7650313005506,314.36275335407845,0
1595996587.5889254,402.5647291765272,314.36275335407845,0
1595996587.5989184,404.3634829149305,314.36275335407845,0
1595996587.6089342,406.16631361103646,314.36275335407845,0
1595996587.618933,407.9660973177015,314.36275335407845,0
1595996587.6289208,409.7639069185316,314.36275335407845,0
1595996587.638935,411.5664801225721,314.36275335407845,0
1595996587.648933,413.3660921678602,314.36275335407845,0
1595996587.658934,415.1663050279676,314.36275335407845,0
1595996587.6689181,416.9634279832899,314.36275335407845,0
1595996587.6789248,418.7646278963148,314.36275335407845,0
1595996587.6889174,420.5632958040296,314.36275335407845,0
1595996587.6989176,422.3633370027601,314.36275335407845,0
1595996587.7089314,424.16582437611214,314.36275335407845,0
1595996587.7189145,425.96277567005745,314.36275335407845,0
1595996587.7289355,427.76655050373665,314.36275335407845,0
1595996587.73893,429.5655617342054,314.36275335407845,0
1595996587.7489138,431.36264177418343,314.36275335407845,0
1595996587.7589304,433.16564413166634,314.36275335407845,0
1595996587.7689261,434.9648699388563,314.36275335407845,0
1595996587.7789145,436.76276537037484,314.36275335407845,0
1595996587.7889247,438.5646090135633,314.36275335407845,0
1595996587.7989311,440.365766011244,314.36275335407845,0
1595996587.8089235,442.1643910036146,314.36275335407845,0
1595996587.818929,443.9653763399183,314.36275335407845,0
1595996587.828924,445.7644734010755,314.36275335407845,0
1595996587.8389146,447.56279798603646,314.36275335407845,0
1595996587.848918,449.363397084242,314.36275335407845,0
1595996587.8589191,451.16360994434945,314.36275335407845,0
1595996587.8689246,452.96459528065316,314.36275335407845,0
1595996587.8789287,454.76532312489144,314.36275335407845,0
1595996587.8889174,456.56330438709847,314.36275335407845,0
1595996587.8989246,458.36459013081185,314.36275335407845,0
1595996587.908919,460.1636013612806,314.36275335407845,0
1595996587.9189153,461.962912999159,314.36275335407845,0
1595996587.9289265,463.76492830372445,314.36275335407845,0
1595996587.9389234,465.5643686876356,314.36275335407845,0
1595996587.9489155,467.36295076466195,314.36275335407845,0
1595996587.9589143,469.162734471327,314.36275335407845,0
1595996587.9689193,470.9636339769422,314.36275335407845,0
1595996587.9789286,472.76530595875374,314.36275335407845,0
1595996587.9889283,474.56526132679573,314.36275335407845,0
1595996587.998921,476.3639292345106,314.36275335407845,0
1595996588.0089252,478.1646999940931,314.36275335407845,0
1595996588.0189147,479.96281000233284,314.36275335407845,0
1595996588.0289342,481.7663273439466,314.36275335407845,0
1595996588.038927,483.5650381670057,314.36275335407845,0
1595996588.048921,485.36396356678597,314.36275335407845,0
1595996588.058925,487.16464849568,314.36275335407845,0
1595996588.0689309,488.9657196626722,314.36275335407845,0
1595996588.0789187,490.7635292635023,314.36275335407845,0
1595996588.0889328,492.56605955219857,314.36275335407845,0
1595996588.098922,494.3641266450941,314.36275335407845,0
1595996588.1089191,496.16360994434945,314.36275335407845,0
1595996588.1189191,497.9636082277357,314.36275335407845,0
1595996588.1289234,499.7643789873182,314.36275335407845,0
1595996588.1389244,501.5645489320814,314.36275335407845,0
1595996588.1489236,503.3644184694349,314.36275335407845,0
1595996588.158917,505.16321512318245,314.36275335407845,0
1595996588.1689143,506.96274133778206,314.36275335407845,0
1595996588.1789145,508.76278253651253,314.36275335407845,0
1595996588.1889343,510.56634279347054,314.36275335407845,0
1595996588.1989143,512.3627361879408,314.36275335407845,0
1595996588.2089214,514.1640219316541,314.36275335407845,0
1595996588.2189271,515.9650501833021,314.36275335407845,0
1595996588.2289176,517.7633318529188,314.36275335407845,0
1595996588.2389278,519.5651754961073,314.36275335407845,0
1595996588.2489173,521.363285504347,314.36275335407845,0
1595996588.258933,523.166116200453,314.36275335407845,0
1595996588.268925,524.9646553621351,314.36275335407845,0
1595996588.2789307,526.765683613783,314.36275335407845,0
1595996588.2889345,528.5663685426771,314.36275335407845,0
1595996588.2989166,530.3631481752454,314.36275335407845,0
1595996588.308935,532.166450940138,314.36275335407845,0
1595996588.318916,533.9630589113294,314.36275335407845,0
1595996588.3289187,535.7635292635023,314.36275335407845,0
1595996588.33893,537.5655445680677,314.36275335407845,0
1595996588.3489175,539.3633112535535,314.36275335407845,0
1595996588.3589234,541.1643824205457,314.36275335407845,0
1595996588.368924,542.9644665346204,314.36275335407845,0
1595996588.3789349,544.7664389238416,314.36275335407845,0
1595996588.3889213,546.5639910326063,314.36275335407845,0
1595996588.398919,548.3636030778944,314.36275335407845,0
1595996588.4089272,550.1650604829847,314.36275335407845,0
1595996588.418932,551.9659170732557,314.36275335407845,0
1595996588.4289165,553.7631258592664,314.36275335407845,0
1595996588.4389257,555.564797841078,314.36275335407845,0
1595996588.4489348,557.3664269075452,314.36275335407845,0
1595996588.4589155,559.1629490480482,314.36275335407845,0
1595996588.46893,560.9655651674329,314.36275335407845,0
1595996588.4789283,562.7652630434095,314.36275335407845,0
1595996588.4889297,564.5655188188612,314.36275335407845,0
1595996588.4989133,566.362555943495,314.36275335407845,0
1595996588.508913,568.162511311537,314.36275335407845,0
1595996588.5189164,569.9631104097425,314.36275335407845,0
1595996588.5289345,571.7663702592909,314.36275335407845,0
1595996588.5389152,573.5628923997938,314.36275335407845,0
1595996588.5489182,575.3634485826551,314.36275335407845,0
1595996588.55892,577.163747273451,314.36275335407845,0
1595996588.5689287,578.965333424574,314.36275335407845,0
1595996588.5789275,580.7651171312391,314.36275335407845,0
1595996588.5889235,582.5643858537733,314.36275335407845,0
1595996588.5989134,584.3625816927015,314.36275335407845,0
1595996588.6089246,586.1645969972669,314.36275335407845,0
1595996588.618931,587.9657539949476,314.36275335407845,0
1595996588.6289303,589.7656235323011,314.36275335407845,0
1595996588.6389143,591.5627464876234,314.36275335407845,0
1595996588.648916,593.3630451784193,314.36275335407845,0
1595996588.6589334,595.1661762819349,314.36275335407845,0
1595996588.6689296,596.9654879198133,314.36275335407845,0
1595996588.678918,598.7633833513319,314.36275335407845,0
1595996588.6889243,600.5645403490125,314.36275335407845,0
1595996588.6989207,602.3638949022352,314.36275335407845,0
1595996588.708931,604.1657385454237,314.36275335407845,0
1595996588.7189128,605.9624752626478,314.36275335407845,0
1595996588.7289262,607.7648768053114,314.36275335407845,0
1595996588.7389164,609.5631155595838,314.36275335407845,0
1595996588.7489147,611.3628134355604,314.36275335407845,0
1595996588.7589226,613.1642279253065,314.36275335407845,0
1595996588.7689216,614.9640545473158,314.36275335407845,0
1595996588.7789211,616.7639670000135,314.36275335407845,0
1595996588.788933,618.5661110506117,314.36275335407845,0
1595996588.7989154,620.3629335985243,314.36275335407845,0
1595996588.808929,622.1653780565321,314.36275335407845,0
1595996588.8189175,623.9633164033949,314.36275335407845,0
1595996588.828916,625.7630571947157,314.36275335407845,0
1595996588.8389184,627.5634846315443,314.36275335407845,0
1595996588.848931,629.3657574281751,314.36275335407845,0
1595996588.85892,631.1637816057264,314.36275335407845,0
1595996588.868916,632.9630503282606,314.36275335407845,0
1595996588.8789294,634.7654518709242,314.36275335407845,0
1595996588.8889308,636.5657076463758,314.36275335407845,0
1595996588.8989196,638.3636889085828,314.36275335407845,0
1595996588.908917,640.1632151231825,314.36275335407845,0
1595996588.9189184,641.9634708986341,314.36275335407845,0
1595996588.928923,643.7642845735609,314.36275335407845,0
1595996588.938913,645.5625233278333,314.36275335407845,0
1595996588.9489326,647.3660406694471,314.36275335407845,0
1595996588.9589224,649.1641935930311,314.36275335407845,0
1595996588.968914,650.962689839369,314.36275335407845,0
1595996588.9789317,652.7658638582288,314.36275335407845,0
1595996588.9889147,654.5628151521742,314.36275335407845,0
1595996588.998924,656.3644871339857,314.36275335407845,0
1595996589.0089233,658.1643566713392,314.36275335407845,0
1595996589.0189328,659.966071568495,314.36275335407845,0
1595996589.028933,661.7661127672254,314.36275335407845,0
1595996589.0389295,663.5654673204481,314.36275335407845,0
1595996589.0489151,665.36289068318,314.36275335407845,0
1595996589.058925,667.16464849568,314.36275335407845,0
1595996589.0689313,668.9658054933607,314.36275335407845,0
1595996589.0789158,670.7630142793714,314.36275335407845,0
1595996589.0889134,672.5625834093153,314.36275335407845,0
1595996589.0989232,674.3643412218153,314.36275335407845,0
1595996589.0989232,0,314.36275335407845,0
1595996589.1089296,316.1639103517591,314.36275335407845,0
1595996589.1189365,317.96515318012825,314.36275335407845,0
1595996589.1289406,319.76588102436654,314.36275335407845,0
1595996589.1389382,321.5654501543104,314.36275335407845,0
1595996589.148934,323.3646759615003,314.36275335407845,0
1595996589.158936,325.1650604829847,314.36275335407845,0
1595996589.1689265,326.9633421526014,314.36275335407845,0
1595996589.1789284,328.76368375874154,314.36275335407845,0
1595996589.1889377,330.56535574055306,314.36275335407845,0
1595996589.1989248,332.3630365953504,314.36275335407845,0
1595996589.2089314,334.1642365083753,314.36275335407845,0
1595996589.2189326,335.96444936848275,314.36275335407845,0
1595996589.2289443,337.76655050373665,314.36275335407845,0
1595996589.2389352,339.56491800404183,314.36275335407845,0
1595996589.2489443,341.3665470705091,314.36275335407845,0
1595996589.2589407,343.16590162373177,314.36275335407845,0
1595996589.268926,344.9632391557752,314.36275335407845,0
1595996589.2789404,346.76585527516,314.36275335407845,0
1595996589.288926,348.5632357225477,314.36275335407845,0
1595996589.2989361,350.36507936573616,314.36275335407845,0
1595996589.308937,352.16524931049935,314.36275335407845,0
1595996589.3189442,353.9665350542127,314.36275335407845,0
1595996589.3289351,355.7649025545179,314.36275335407845,0
1595996589.3389251,357.5630983934461,314.36275335407845,0
1595996589.3405528,357.8560814485609,314.36275335407845,0
1595996589.3405528,359.35682443456824,315.8634963400858,0
1595996589.3441384,360,315.8634963400858,1
1595996589.3489397,360.86645749883826,315.8634963400858,0
1595996589.3531704,361.62799028234656,315.8634963400858,0
1595996589.3531704,360.488397084704,314.72390314244325,0
1595996589.3589287,361.52488847874696,314.72390314244325,0
1595996589.3689318,363.3254446616083,314.72390314244325,0
1595996589.378925,365.12424131535585,314.72390314244325,0
1595996589.3889258,366.9243683447748,314.72390314244325,0
1595996589.3989296,368.72505327366883,314.72390314244325,0
1595996589.4089441,370.5276693930536,314.72390314244325,0
1595996589.4189394,372.32680936955506,314.72390314244325,0
1595996589.4289415,374.12719389103944,314.72390314244325,0
1595996589.4389296,375.92504640721376,314.72390314244325,0
1595996589.4489362,377.72624632023866,314.72390314244325,0
1595996589.4589272,379.52461382054383,314.72390314244325,0
1595996589.4689286,381.3248695959955,314.72390314244325,0
1595996589.4789374,383.12645574711854,314.72390314244325,0
1595996589.4889407,384.9270548453241,314.72390314244325,0
1595996589.4989417,386.7272247900873,314.72390314244325,0
1595996589.5089343,388.52589269780213,314.72390314244325,0
1595996589.518931,390.32529016636903,314.72390314244325,0
1595996589.5289361,392.1262325873285,314.72390314244325,0
1595996589.5389404,393.927003346911,314.72390314244325,0
1595996589.5489357,395.7261433234125,314.72390314244325,0
1595996589.558943,397.5274719824701,314.72390314244325,0
1595996589.5689445,399.32772775792176,314.72390314244325,0
1595996589.578923,401.12386366032655,314.72390314244325,0
1595996589.588927,402.92459150456483,314.72390314244325,0
1595996589.5989227,404.7238173117548,314.72390314244325,0
1595996589.6089377,406.526519261828,314.72390314244325,0
1595996589.6189303,408.32518716954286,314.72390314244325,0
1595996589.6289318,410.1254429449945,314.72390314244325,0
1595996589.6389408,411.9270720114618,314.72390314244325,0
1595996589.6489387,413.7266840567499,314.72390314244325,0
1595996589.6589365,415.526296102038,314.72390314244325,0
1595996589.6689432,417.3274960150629,314.72390314244325,0
1595996589.6789446,419.12775179051454,314.72390314244325,0
1595996589.6889436,420.9275784125238,314.72390314244325,0
1595996589.6989353,422.7260746588617,314.72390314244325,0
1595996589.7089233,424.523927175036,314.72390314244325,0
1595996589.7189274,426.3246550192743,314.72390314244325,0
1595996589.7289314,428.1253828635126,314.72390314244325,0
1595996589.738942,429.9272694220453,314.72390314244325,0
1595996589.7489276,431.72469278477723,314.72390314244325,0
1595996589.7589307,433.52524896763856,314.72390314244325,0
1595996589.7689269,435.324560605517,314.72390314244325,0
1595996589.7789361,437.1262325873285,314.72390314244325,0
1595996589.7889378,438.9265312781244,314.72390314244325,0
1595996589.7989235,440.72395464085633,314.72390314244325,0
1595996589.8089247,442.52416750096376,314.72390314244325,0
1595996589.8189225,444.32377954625184,314.72390314244325,0
1595996589.8289433,446.1275114645868,314.72390314244325,0
1595996589.8389385,447.92665144108827,314.72390314244325,0
1595996589.8489408,449.7270788779169,314.72390314244325,0
1595996589.8589404,451.52699133061463,314.72390314244325,0
1595996589.8689253,453.32428594731385,314.72390314244325,0
1595996589.8789332,455.12570043705995,314.72390314244325,0
1595996589.888944,456.9276299109369,314.72390314244325,0
1595996589.8989336,458.7257828345209,314.72390314244325,0
1595996589.9089231,460.52389284276063,314.72390314244325,0
1595996589.9189317,462.32543607853944,314.72390314244325,0
1595996589.9289308,464.1252627005487,314.72390314244325,0
1595996589.9389272,465.9246172537714,314.72390314244325,0
1595996589.9489331,467.72568842076356,314.72390314244325,0
1595996589.9589362,469.5262446036249,314.72390314244325,0
1595996589.968931,471.3252987494379,314.72390314244325,0
1595996589.978928,473.12478204869325,314.72390314244325,0
1595996589.9889305,474.92520948552186,314.72390314244325,0
1595996589.99893,476.7251219382196,314.72390314244325,0
1595996590.0089247,478.5241760840326,314.72390314244325,0
1595996590.018943,480.3274788489252,314.72390314244325,0
1595996590.0289402,482.12696214818055,314.72390314244325,0
1595996590.038938,483.92657419346864,314.72390314244325,0
1595996590.048929,485.7249416937738,314.72390314244325,0
1595996590.0589306,487.5252403845697,314.72390314244325,0
1595996590.0689342,489.3258823981195,314.72390314244325,0
1595996590.078942,491.1272968878656,314.72390314244325,0
1595996590.088936,492.9262222876459,314.72390314244325,0
1595996590.0989249,494.7242035498529,314.72390314244325,0
1595996590.1089303,496.5251888861566,314.72390314244325,0
1595996590.1189232,498.3238997092157,314.72390314244325,0
1595996590.128943,500.1274599661737,314.72390314244325,0
1595996590.1389315,501.9253983130365,314.72390314244325,0
1595996590.1489315,503.72539659642274,314.72390314244325,0
1595996590.1589298,505.5250944723993,314.72390314244325,0
1595996590.1689322,507.3255219092279,314.72390314244325,0
1595996590.1789377,509.1265072455316,314.72390314244325,0
1595996590.1889262,510.9244455923944,314.72390314244325,0
1595996590.198933,512.7256455054194,314.72390314244325,0
1595996590.2089224,514.5237555136591,314.72390314244325,0
1595996590.2189407,516.3270582785517,314.72390314244325,0
1595996590.228937,518.1263699164301,314.72390314244325,0
1595996590.2389247,519.9241795172602,314.72390314244325,0
1595996590.2489264,521.7244782080561,314.72390314244325,0
1595996590.2589252,523.5242619147211,314.72390314244325,0
1595996590.2689297,525.3250755896479,314.72390314244325,0
1595996590.2789323,527.1255459418207,314.72390314244325,0
1595996590.2889426,528.9273895850092,314.72390314244325,0
1595996590.2989223,530.7237400641352,314.72390314244325,0
1595996590.3089228,532.5238241782099,314.72390314244325,0
1595996590.3189347,534.325968228808,314.72390314244325,0
1595996590.3289256,536.1243357291132,314.72390314244325,0
1595996590.338923,537.9238619437128,314.72390314244325,0
1595996590.348923,539.7238602270991,314.72390314244325,0
1595996590.3589244,541.5241160025507,314.72390314244325,0
1595996590.3689225,543.323770963183,314.72390314244325,0
1595996590.3789277,545.1247133841425,314.72390314244325,0
1595996590.3889294,546.9250120749384,314.72390314244325,0
1595996590.3989296,548.7250532736689,314.72390314244325,0
1595996590.4089406,550.5270256628901,314.72390314244325,0
1595996590.4189248,552.3241915335566,314.72390314244325,0
1595996590.428923,554.1238464941889,314.72390314244325,0
1595996590.4389315,555.9253897299677,314.72390314244325,0
1595996590.4489267,557.7245297064692,314.72390314244325,0
1595996590.458934,559.5258583655268,314.72390314244325,0
1595996590.4689353,561.3260712256342,314.72390314244325,0
1595996590.4789371,563.1264128317744,314.72390314244325,0
1595996590.4889238,564.9240078558832,314.72390314244325,0
1595996590.4989302,566.7251648535639,314.72390314244325,0
1595996590.5089357,568.5261501898676,314.72390314244325,0
1595996590.518926,570.3243889441401,314.72390314244325,0
1595996590.5289233,572.1239151587397,314.72390314244325,0
1595996590.5389357,573.9261450400263,314.72390314244325,0
1595996590.5489233,575.7239117255122,314.72390314244325,0
1595996590.5589328,577.5256266226679,314.72390314244325,0
1595996590.5689316,579.325410329333,314.72390314244325,0
1595996590.5789223,581.1237349142939,314.72390314244325,0
1595996590.5889418,582.9272522559077,314.72390314244325,0
1595996590.5989373,584.7264351477534,314.72390314244325,0
1595996590.6089256,586.5243305792719,314.72390314244325,0
1595996590.618931,588.3253159155756,314.72390314244325,0
1595996590.6289432,590.127502881518,314.72390314244325,0
1595996590.6389248,591.9241966833979,314.72390314244325,0
1595996590.6489255,593.7243237128168,314.72390314244325,0
1595996590.6589358,595.5261673560053,314.72390314244325,0
1595996590.6689382,597.3265947928339,314.72390314244325,0
1595996590.6789272,599.1246189703852,314.72390314244325,0
1595996590.6889248,600.924188100329,314.72390314244325,0
1595996590.6989424,602.7273621191889,314.72390314244325,0
1595996590.7089264,604.5244850745112,314.72390314244325,0
1595996590.7189271,606.3246121039301,314.72390314244325,0
1595996590.7289329,608.1256403555781,314.72390314244325,0
1595996590.7389295,609.925037824145,314.72390314244325,0
1595996590.7489228,611.7238344778925,314.72390314244325,0
1595996590.7589335,613.5257639517695,314.72390314244325,0
1595996590.7689404,615.3270067801386,314.72390314244325,0
1595996590.7789276,617.124687634936,314.72390314244325,0
1595996590.788925,618.9242138495356,314.72390314244325,0
1595996590.7989395,620.7268299689204,314.72390314244325,0
1595996590.8089378,622.5265278448969,314.72390314244325,0
1595996590.8189225,624.3237795462519,314.72390314244325,0
1595996590.828938,626.1265673270136,314.72390314244325,0
1595996590.838943,627.9274668326289,314.72390314244325,0
1595996590.848924,629.724031888476,314.72390314244325,0
1595996590.8589416,631.5272059073359,314.72390314244325,0
1595996590.8689384,633.326646291247,314.72390314244325,0
1595996590.878942,635.1272883047968,314.72390314244325,0
1595996590.8889382,636.9265999426752,314.72390314244325,0
1595996590.898936,638.7262119879633,314.72390314244325,0
1595996590.9089372,640.5264248480707,314.72390314244325,0
1595996590.9189339,642.3258223166376,314.72390314244325,0
1595996590.9289236,644.1239752402216,314.72390314244325,0
1595996590.9389353,645.9260763754755,314.72390314244325,0
1595996590.948922,647.7236713995844,314.72390314244325,0
1595996590.9589398,649.5268883337885,314.72390314244325,0
1595996590.9689355,651.3261141409785,314.72390314244325,0
1595996590.9789345,653.1259407629877,314.72390314244325,0
1595996590.9889297,654.9250807394892,314.72390314244325,0
1595996590.998928,656.7247786154658,314.72390314244325,0
1595996591.0089264,658.5244764914423,314.72390314244325,0
1595996591.0189214,660.3235735525996,314.72390314244325,0
1595996591.0289247,662.1241726508051,314.72390314244325,0
1595996591.0389323,663.925544225207,314.72390314244325,0
1595996591.048932,665.725499593249,314.72390314244325,0
1595996591.058935,667.5260128607661,314.72390314244325,0
1595996591.0689428,669.3274273505122,314.72390314244325,0
1595996591.0789227,671.1238207449824,314.72390314244325,0
1595996591.0889282,672.9248060812861,314.72390314244325,0
1595996591.0989404,674.7269930472285,314.72390314244325,0
1595996591.0989404,0,314.72390314244325,0
1595996591.1089602,316.52746339940126,314.72390314244325,0
1595996591.118956,318.32673212193544,314.72390314244325,0
1595996591.1289551,320.1265587439447,314.72390314244325,0
1595996591.1389463,321.9249691595941,314.72390314244325,0
1595996591.1489518,323.72595449589784,314.72390314244325,0
1595996591.1589577,325.52702566289,314.72390314244325,0
1595996591.1689513,327.3258652319818,314.72390314244325,0
1595996591.1789424,329.12427564763124,314.72390314244325,0
1595996591.1889598,330.92740675114686,314.72390314244325,0
1595996591.1989534,332.72624632023866,314.72390314244325,0
1595996591.2089474,334.52517172001893,314.72390314244325,0
1595996591.2189593,336.3273157706171,314.72390314244325,0
1595996591.2289612,338.1276573767572,314.72390314244325,0
1595996591.2389553,339.9265827765375,314.72390314244325,0
1595996591.2489607,341.7275681128412,314.72390314244325,0
1595996591.2589571,343.52692266606385,314.72390314244325,0
1595996591.268961,345.3276075949579,314.72390314244325,0
1595996591.2789445,347.1246447195917,314.72390314244325,0
1595996591.2889578,348.92704626225526,314.72390314244325,0
1595996591.2989523,350.726057492724,314.72390314244325,0
1595996591.3089604,352.52751489781434,314.72390314244325,0
1595996591.31895,354.3256249060541,314.72390314244325,0
1595996591.3289413,356.12407823704774,314.72390314244325,0
1595996591.3389444,357.92463441990907,314.72390314244325,0
1595996591.348941,359.72403188847596,314.72390314244325,0
1595996591.3504755,360,314.72390314244325,1
1595996591.3545356,360.73104044102723,314.72390314244325,0
1595996591.3545356,360.2193121323082,314.2121748337242,0
1595996591.3589516,361.0141901382896,314.2121748337242,0
1595996591.3689542,362.8146604904625,314.2121748337242,0
1595996591.3789544,364.61470168919294,314.2121748337242,0
1595996591.38896,366.41568702549665,314.2121748337242,0
1595996591.3989427,368.2125954040977,314.2121748337242,0
1595996591.4089549,370.0147823700401,314.2121748337242,0
1595996591.4189591,371.81555312962263,314.2121748337242,0
1595996591.4289439,373.6128048309776,314.2121748337242,0
1595996591.4389615,375.4159788498375,314.2121748337242,0
1595996591.4489539,377.2146038422081,314.2121748337242,0
1595996591.4589467,379.01331466526716,314.2121748337242,0
1595996591.4689507,380.81404250950544,314.2121748337242,0
1595996591.4789526,382.6143841156456,314.2121748337242,0
1595996591.4889555,384.41489738316267,314.2121748337242,0
1595996591.498953,386.2144665131065,314.2121748337242,0
1595996591.5089436,388.0127481827232,314.2121748337242,0
1595996591.5189524,389.81433433384626,314.2121748337242,0
1595996591.5289447,391.61295932621687,314.2121748337242,0
1595996591.5389445,393.41291469425886,314.2121748337242,0
1595996591.5489595,395.2156166443321,314.2121748337242,0
1595996591.5589478,397.01351207585066,314.2121748337242,0
1595996591.5689523,398.8143257507774,314.2121748337242,0
1595996591.578956,400.6149677643272,314.2121748337242,0
1595996591.5889437,402.4127773651573,314.2121748337242,0
1595996591.59896,404.21569389195173,314.2121748337242,0
1595996591.6089482,406.0135893234703,314.2121748337242,0
1595996591.6189504,407.81397384495466,314.2121748337242,0
1595996591.6289418,409.6124271759483,314.2121748337242,0
1595996591.63896,411.41568702549665,314.2121748337242,0
1595996591.6489427,413.2125954040977,314.2121748337242,0
1595996591.6589603,415.0157694229576,314.2121748337242,0
1595996591.6689498,416.81387943119734,314.2121748337242,0
1595996591.6789505,418.6140064606163,314.2121748337242,0
1595996591.688952,420.41426223606794,314.2121748337242,0
1595996591.6989539,422.2146038422081,314.2121748337242,0
1595996591.708958,424.01533168644636,314.2121748337242,0
1595996591.7189565,425.81507247776716,314.2121748337242,0
1595996591.7289531,427.61446994633405,314.2121748337242,0
1595996591.7389402,429.4121508011314,314.2121748337242,0
1595996591.7489572,431.21519607395857,314.2121748337242,0
1595996591.7589397,433.0120615372154,314.2121748337242,0
1595996591.7689497,434.81386226505964,314.2121748337242,0
1595996591.778953,436.6144613632652,314.2121748337242,0
1595996591.7889585,438.4154466995689,314.2121748337242,0
1595996591.798952,440.2142862686607,314.2121748337242,0
1595996591.808945,442.0129970917198,314.2121748337242,0
1595996591.8189502,443.81393951267927,314.2121748337242,0
1595996591.82894,445.61209243626325,314.2121748337242,0
1595996591.83896,447.4156956085655,314.2121748337242,0
1595996591.8489587,449.21547931523054,314.2121748337242,0
1595996591.8589437,451.01277393192976,314.2121748337242,0
1595996591.8689458,452.81315845341413,314.2121748337242,0
1595996591.878945,454.61302799076765,314.2121748337242,0
1595996591.8889472,456.413412512252,314.2121748337242,0
1595996591.898942,458.212466658065,314.2121748337242,0
1595996591.9089577,460.01529735417097,314.2121748337242,0
1595996591.918948,461.81353610844343,314.2121748337242,0
1595996591.9289546,463.61473602146833,314.2121748337242,0
1595996591.9389553,465.4148630508873,314.2121748337242,0
1595996591.9489563,467.21503299565046,314.2121748337242,0
1595996591.9589596,469.015632093856,314.2121748337242,0
1595996591.9689612,470.8159307846519,314.2121748337242,0
1595996591.978949,472.613740385482,314.2121748337242,0
1595996591.9889495,474.4138244995567,314.2121748337242,0
1595996591.998943,476.2126640686485,314.2121748337242,0
1595996592.008943,478.01266235203474,314.2121748337242,0
1595996592.0189517,479.81420558781355,314.2121748337242,0
1595996592.0289402,481.61214393467634,314.2121748337242,0
1595996592.0389588,483.41548961491316,314.2121748337242,0
1595996592.0489528,485.21441501469343,314.2121748337242,0
1595996592.0589573,487.0152286896202,314.2121748337242,0
1595996592.0689504,488.8139824280235,314.2121748337242,0
1595996592.0789425,490.6125645050499,314.2121748337242,0
1595996592.0889604,492.415781439254,314.2121748337242,0
1595996592.0989478,494.2135052093956,314.2121748337242,0
1595996592.1089473,496.01341766209333,314.2121748337242,0
1595996592.1189513,497.8141455063316,314.2121748337242,0
1595996592.1289468,499.6133283981773,314.2121748337242,0
1595996592.1389594,501.4156011948082,314.2121748337242,0
1595996592.1489577,503.21529907078474,314.2121748337242,0
1595996592.1589582,505.01538318485945,314.2121748337242,0
1595996592.1689405,506.81220573277204,314.2121748337242,0
1595996592.1789546,508.61473602146833,314.2121748337242,0
1595996592.1889477,510.41348975987165,314.2121748337242,0
1595996592.1989458,512.213144720504,314.2121748337242,0
1595996592.2089484,514.0136150726769,314.2121748337242,0
1595996592.218942,515.8124546417687,314.2121748337242,0
1595996592.228954,517.6146416077111,314.2121748337242,0
1595996592.2389424,519.4125370392296,314.2121748337242,0
1595996592.248941,521.2122778305504,314.2121748337242,0
1595996592.2589483,523.013606489608,314.2121748337242,0
1595996592.2689486,524.8136476883385,314.2121748337242,0
1595996592.278941,526.6122726807091,314.2121748337242,0
1595996592.2889419,528.4124426254723,314.2121748337242,0
1595996592.298957,530.2151874908898,314.2121748337242,0
1595996592.3089497,532.0138553986046,314.2121748337242,0
1595996592.3189516,533.8141970047448,314.2121748337242,0
1595996592.328948,535.6135515579674,314.2121748337242,0
1595996592.3389397,537.4120478043053,314.2121748337242,0
1595996592.348947,539.2133764633629,314.2121748337242,0
1595996592.3589563,541.0150484451744,314.2121748337242,0
1595996592.368949,542.8137163528893,314.2121748337242,0
1595996592.37896,544.6156887421105,314.2121748337242,0
1595996592.3889513,546.4141420731041,314.2121748337242,0
1595996592.398955,548.2148270019982,314.2121748337242,0
1595996592.4089453,550.0130657562706,314.2121748337242,0
1595996592.4189472,551.8134073624108,314.2121748337242,0
1595996592.4289606,553.6158089050743,314.2121748337242,0
1595996592.438941,555.412288130233,314.2121748337242,0
1595996592.448956,557.2149900803063,314.2121748337242,0
1595996592.4589512,559.0141300568077,314.2121748337242,0
1595996592.4689453,560.813055456588,314.2121748337242,0
1595996592.4789538,562.6145986923668,314.2121748337242,0
1595996592.4889505,564.4139961609337,314.2121748337242,0
1595996592.4989548,566.2147669205162,314.2121748337242,0
1595996592.5089545,568.0147222885582,314.2121748337242,0
1595996592.5189502,569.8139480957482,314.2121748337242,0
1595996592.5289426,571.6125730881188,314.2121748337242,0
1595996592.5389497,573.4138588318322,314.2121748337242,0
1595996592.5489397,575.2120546707604,314.2121748337242,0
1595996592.558945,577.0129970917199,314.2121748337242,0
1595996592.5689447,578.8129524597618,314.2121748337242,0
1595996592.5789537,580.6145815262291,314.2121748337242,0
1595996592.5889564,582.415051878402,314.2121748337242,0
1595996592.5989468,584.2133335480187,314.2121748337242,0
1595996592.6089597,586.0156492599938,314.2121748337242,0
1595996592.6189463,587.8132442841027,314.2121748337242,0
1595996592.6289492,589.6137575516198,314.2121748337242,0
1595996592.6389499,591.4138845810387,314.2121748337242,0
1595996592.6489544,593.2146982559655,314.2121748337242,0
1595996592.658939,595.0119070419762,314.2121748337242,0
1595996592.6689427,596.8125919708702,314.2121748337242,0
1595996592.678951,598.6140922913048,314.2121748337242,0
1595996592.688947,600.413361013839,314.2121748337242,0
1595996592.6989467,602.213316381881,314.2121748337242,0
1595996592.7089577,604.0152887711022,314.2121748337242,0
1595996592.7189453,605.813055456588,314.2121748337242,0
1595996592.7289581,607.6153711685631,314.2121748337242,0
1595996592.7389483,609.4136099228356,314.2121748337242,0
1595996592.7489576,611.2152819046471,314.2121748337242,0
1595996592.7589512,613.0141214737389,314.2121748337242,0
1595996592.768957,614.8151497253868,314.2121748337242,0
1595996592.7789526,616.6143755325768,314.2121748337242,0
1595996592.7889392,618.4119705566857,314.2121748337242,0
1595996592.7989542,620.2146725067589,314.2121748337242,0
1595996592.80895,622.0138983139489,314.2121748337242,0
1595996592.818961,623.81587070317,314.2121748337242,0
1595996592.828948,625.6135515579674,314.2121748337242,0
1595996592.8389578,627.4153093704674,314.2121748337242,0
1595996592.8489604,629.2157797226403,314.2121748337242,0
1595996592.8589485,631.0136322388146,314.2121748337242,0
1595996592.8689423,632.8125147232506,314.2121748337242,0
1595996592.8789556,634.6149162659142,314.2121748337242,0
1595996592.8889499,636.4138845810387,314.2121748337242,0
1595996592.898958,638.215341986129,314.2121748337242,0
1595996592.9089396,640.0120357880089,314.2121748337242,0
1595996592.918943,641.8126348862145,314.2121748337242,0
1595996592.9289432,643.612676084945,314.2121748337242,0
1595996592.938958,645.415335119674,314.2121748337242,0
1595996592.9489405,647.2122005829308,314.2121748337242,0
1595996592.9589536,649.0145592102501,314.2121748337242,0
1595996592.9689577,650.8152870544884,314.2121748337242,0
1595996592.9789593,652.6155857452843,314.2121748337242,0
1595996592.9889488,654.413695753524,314.2121748337242,0
1595996592.99896,656.2157110580895,314.2121748337242,0
1595996593.0089598,658.0156664261315,314.2121748337242,0
1595996593.0189545,659.8147205719445,314.2121748337242,0
1595996593.028956,661.6149763473961,314.2121748337242,0
1595996593.0389557,663.4149317154381,314.2121748337242,0
1595996593.0489569,665.2151445755455,314.2121748337242,0
1595996593.0589418,667.0124391922448,314.2121748337242,0
1595996593.0689461,668.8132099518273,314.2121748337242,0
1595996593.078941,670.6123070129845,314.2121748337242,0
1595996593.088956,672.4150089630577,314.2121748337242,0
1595996593.0989466,674.2132906326744,314.2121748337242,0
1595996593.0989466,0,314.2121748337242,0
1595996593.1089528,316.0132889160606,314.2121748337242,0
1595996593.1189654,317.8155617126915,314.2121748337242,0
1595996593.1289673,319.6159033188316,314.2121748337242,0
1595996593.1389465,321.4121679672691,314.2121748337242,0
1595996593.1489613,323.2148270019981,314.2121748337242,0
1595996593.1589522,325.0131945023033,314.2121748337242,0
1595996593.1689634,326.8152098068687,314.2121748337242,0
1595996593.1789622,328.61499351353376,314.2121748337242,0
1595996593.188957,330.41404765934675,314.2121748337242,0
1595996593.198952,332.213144720504,314.2121748337242,0
1595996593.2089517,334.01310008854597,314.2121748337242,0
1595996593.2189577,335.81417125553816,314.2121748337242,0
1595996593.228968,337.61601489872663,314.2121748337242,0
1595996593.2389667,339.41579860539167,314.2121748337242,0
1595996593.2489667,341.2157968887779,314.2121748337242,0
1595996593.2589633,343.0151943573448,314.2121748337242,0
1595996593.2689557,344.8138193497154,314.2121748337242,0
1595996593.2789667,346.6157917389366,314.2121748337242,0
1595996593.2889676,348.4159616836998,314.2121748337242,0
1595996593.2989564,350.2139429459068,314.2121748337242,0
1595996593.3089535,352.0134262451622,314.2121748337242,0
1595996593.3189468,353.81222289890974,314.2121748337242,0
1595996593.3289492,355.61265033573835,314.2121748337242,0
1595996593.3389614,357.41483730168073,314.2121748337242,0
1595996593.3489485,359.2125181564781,314.2121748337242,0
1595996593.3533335,360,314.2121748337242,1
1595996593.3589523,361.01320308537214,314.2121748337242,0
1595996593.3671439,362.487688482711,314.2121748337242,0
1595996593.3671439,360.7463065448133,312.4707928958265,0
1595996593.3689547,361.07224858430305,312.4707928958265,0
1595996593.3697577,361.2167874636976,312.4707928958265,0
1595996593.3697577,360.36503623910926,311.61904167123816,0
1595996593.378957,362.02092479654334,311.61904167123816,0
1595996593.3889663,363.82259677835486,311.61904167123816,0
1595996593.3989506,365.61976264902137,311.61904167123816,0
1595996593.4089608,367.42160629220984,311.61904167123816,0
1595996593.4189608,369.2216045755961,311.61904167123816,0
1595996593.4289534,371.0202724833109,311.61904167123816,0
1595996593.4389615,372.82172988840125,311.61904167123816,0
1595996593.4489524,374.6200973887064,311.61904167123816,0
1595996593.458967,376.4227135080912,311.61904167123816,0
1595996593.4689667,378.2226688761332,311.61904167123816,0
1595996593.4789484,380.01936267801307,311.61904167123816,0
1595996593.488952,381.8200046915629,311.61904167123816,0
1595996593.4989614,383.62171958871863,311.61904167123816,0
1595996593.5089664,385.42261909433387,311.61904167123816,0
1595996593.5189657,387.2224886316874,311.61904167123816,0
1595996593.5289562,389.0207703013041,311.61904167123816,0
1595996593.5389504,390.8197386164286,311.61904167123816,0
1595996593.5489588,392.62123893686316,311.61904167123816,0
1595996593.5589645,394.4222671885111,311.61904167123816,0
1595996593.5689683,396.22295211740516,311.61904167123816,0
1595996593.5789669,398.02269290872596,311.61904167123816,0
1595996593.5889628,399.82196163126014,311.61904167123816,0
1595996593.5989587,401.6212303537943,311.61904167123816,0
1595996593.6089582,403.42114280649207,311.61904167123816,0
1595996593.6189632,405.2220423121073,311.61904167123816,0
1595996593.6289506,407.0197660822489,311.61904167123816,0
1595996593.6389487,408.81942104288123,311.61904167123816,0
1595996593.6489575,410.6210071940043,311.61904167123816,0
1595996593.6589658,412.42250751443885,311.61904167123816,0
1595996593.668964,414.2221624750712,311.61904167123816,0
1595996593.6789622,416.02186035104774,311.61904167123816,0
1595996593.688966,417.8225452799418,311.61904167123816,0
1595996593.6989655,419.62245773263953,311.61904167123816,0
1595996593.708953,421.42018150278113,311.61904167123816,0
1595996593.7189672,423.22275470682166,311.61904167123816,0
1595996593.7289479,425.0192768473246,311.61904167123816,0
1595996593.7389514,426.8199188608744,311.61904167123816,0
1595996593.748954,428.62038921304725,311.61904167123816,0
