Timestamp,Phase,Heading,Ping?
1596031553.0000699,70.0,70.0,0
1596031553.0100918,71.80313110351562,70.0,0
1596031553.0200856,73.60201358795166,70.0,0
1596031553.0300903,75.40287017822266,70.0,0
1596031553.040077,77.20046520233154,70.0,0
1596031553.0500789,79.00080680847168,70.0,0
1596031553.06008,80.8010196685791,70.0,0
1596031553.070092,82.60316371917725,70.0,0
1596031553.0800796,84.40093040466309,70.0,0
1596031553.0900788,86.2007999420166,70.0,0
1596031553.1000783,88.00071239471436,70.0,0
1596031553.110086,89.80208396911621,70.0,0
1596031553.1200883,91.60251140594482,70.0,0
1596031553.130083,93.40156555175781,70.0,0
1596031553.1400917,95.20310878753662,70.0,0
1596031553.150091,97.00297832489014,70.0,0
1596031553.1600842,98.8017749786377,70.0,0
1596031553.1700811,100.60121536254883,70.0,0
1596031553.1800935,102.40344524383545,70.0,0
1596031553.1900935,104.20344352722168,70.0,0
1596031553.2000952,106.00374221801758,70.0,0
1596031553.2100828,107.80150890350342,70.0,0
1596031553.2200868,109.6022367477417,70.0,0
1596031553.2300916,111.4030933380127,70.0,0
1596031553.240076,113.20030212402344,70.0,0
1596031553.2500803,115.00107288360596,70.0,0
1596031553.2600825,116.80145740509033,70.0,0
1596031553.270093,118.60334396362305,70.0,0
1596031553.2800932,120.40338516235352,70.0,0
1596031553.2900927,122.20329761505127,70.0,0
1596031553.300085,124.00192260742188,70.0,0
1596031553.310077,125.800461769104,70.0,0
1596031553.3200889,127.60260581970215,70.0,0
1596031553.330093,129.40333366394043,70.0,0
1596031553.3400958,131.20384693145752,70.0,0
1596031553.3500755,133.0001974105835,70.0,0
1596031553.360092,134.80315685272217,70.0,0
1596031553.3700883,136.60251140594482,70.0,0
1596031553.3800757,138.40023517608643,70.0,0
1596031553.3900752,140.20014762878418,70.0,0
1596031553.4000885,142.00254917144775,70.0,0
1596031553.410084,143.80173206329346,70.0,0
1596031553.4200943,145.60357570648193,70.0,0
1596031553.430093,147.40335941314697,70.0,0
1596031553.4400828,149.20151233673096,70.0,0
1596031553.4500852,151.00193977355957,70.0,0
1596031553.4600906,152.80292510986328,70.0,0
1596031553.470074,154.59991931915283,70.0,0
1596031553.4800758,156.40026092529297,70.0,0
1596031553.490082,158.2013750076294,70.0,0
1596031553.500083,160.00154495239258,70.0,0
1596031553.5100834,161.80162906646729,70.0,0
1596031553.5200777,163.6005973815918,70.0,0
1596031553.5300946,165.40364265441895,70.0,0
1596031553.5400796,167.20093727111816,70.0,0
1596031553.5500934,169.00342464447021,70.0,0
1596031553.560075,170.8001184463501,70.0,0
1596031553.5700827,172.60149002075195,70.0,0
1596031553.580092,174.40316200256348,70.0,0
1596031553.5900776,176.2005853652954,70.0,0
1596031553.600085,178.00191402435303,70.0,0
1596031553.610082,179.80135440826416,70.0,0
1596031553.6200883,181.60251140594482,70.0,0
1596031553.6300921,183.40319633483887,70.0,0
1596031553.640082,185.20134925842285,70.0,0
1596031553.6500878,187.00242042541504,70.0,0
1596031553.6600788,188.80078792572021,70.0,0
1596031553.6700854,190.60198783874512,70.0,0
1596031553.6800816,192.40129947662354,70.0,0
1596031553.6900878,194.20241355895996,70.0,0
1596031553.7000797,196.0009527206421,70.0,0
1596031553.7100918,197.80313968658447,70.0,0
1596031553.7200875,199.6023654937744,70.0,0
1596031553.7300787,201.40077590942383,70.0,0
1596031553.7400863,203.20214748382568,70.0,0
1596031553.7500753,205.00017166137695,70.0,0
1596031553.760084,206.80171489715576,70.0,0
1596031553.7700858,208.6020565032959,70.0,0
1596031553.7800822,210.40141105651855,70.0,0
1596031553.790093,212.2033405303955,70.0,0
1596031553.800095,214.00372505187988,70.0,0
1596031553.810083,215.80153465270996,70.0,0
1596031553.8200881,217.60247707366943,70.0,0
1596031553.830079,219.4008445739746,70.0,0
1596031553.8400953,221.20376110076904,70.0,0
1596031553.8500786,223.0007553100586,70.0,0
1596031553.8600907,224.80294227600098,70.0,0
1596031553.8700902,226.60285472869873,70.0,0
1596031553.880089,228.40263843536377,70.0,0
1596031553.890081,230.2011775970459,70.0,0
1596031553.9000752,232.0001459121704,70.0,0
1596031553.9100888,233.80259037017822,70.0,0
1596031553.9200914,235.60306072235107,70.0,0
1596031553.9300752,237.4001407623291,70.0,0
1596031553.9400795,239.20091152191162,70.0,0
1596031553.9500866,241.002197265625,70.0,0
1596031553.9600759,242.8002643585205,70.0,0
1596031553.9700868,244.6022367477417,70.0,0
1596031553.9800897,246.4027500152588,70.0,0
1596031553.990084,248.2017183303833,70.0,0
1596031554.000075,250.00012874603271,70.0,0
1596031554.010083,251.8015432357788,70.0,0
1596031554.020092,253.6031723022461,70.0,0
1596031554.0300817,255.40132522583008,70.0,0
1596031554.0400934,257.203426361084,70.0,0
1596031554.0500855,259.00200843811035,70.0,0
1596031554.0600827,260.8014917373657,70.0,0
1596031554.070079,262.6008462905884,70.0,0
1596031554.0800767,264.4004154205322,70.0,0
1596031554.0900764,266.2003707885742,70.0,0
1596031554.100082,268.00135612487793,70.0,0
1596031554.1100786,269.8007535934448,70.0,0
1596031554.1200836,271.60165309906006,70.0,0
1596031554.1300929,273.4033250808716,70.0,0
1596031554.1400888,275.20259380340576,70.0,0
1596031554.1500945,277.0036220550537,70.0,0
1596031554.1600876,278.80237579345703,70.0,0
1596031554.1700842,280.6017732620239,70.0,0
1596031554.1800785,282.40074157714844,70.0,0
1596031554.1900764,284.2003536224365,70.0,0
1596031554.2000842,286.0017681121826,70.0,0
1596031554.2100785,287.80073642730713,70.0,0
1596031554.220074,289.59991931915283,70.0,0
1596031554.2300892,291.4026641845703,70.0,0
1596031554.2400784,293.2007312774658,70.0,0
1596031554.2500837,295.0016736984253,70.0,0
1596031554.2600858,296.80205821990967,70.0,0
1596031554.2630363,297.3331356048584,70.0,0
1596031554.2630363,341.1999406814575,113.86680507659912,0
1596031554.270084,342.4685182571411,113.86680507659912,0
1596031554.2800786,344.2675724029541,113.86680507659912,0
1596031554.2900884,346.0693302154541,113.86680507659912,0
1596031554.3000867,347.86902809143066,113.86680507659912,0
1596031554.3100805,349.6679105758667,113.86680507659912,0
1596031554.3200867,351.4690246582031,113.86680507659912,0
1596031554.3219173,351.79852867126465,113.86680507659912,0
1596031554.3219173,357.5395586013794,119.60783500671387,0
1596031554.330093,359.0111686706543,119.60783500671387,0
1596031554.3355865,360,119.60783500671387,1
1596031554.3400881,360.81030864715575,119.60783500671387,0
1596031554.3500745,362.6078607559204,119.60783500671387,0
1596031554.3600795,364.40876026153563,119.60783500671387,0
1596031554.3700743,366.2078144073486,119.60783500671387,0
1596031554.380078,368.00849933624266,119.60783500671387,0
1596031554.3900816,369.80914134979247,119.60783500671387,0
1596031554.4000847,371.6096975326538,119.60783500671387,0
1596031554.4100876,373.4102108001709,119.60783500671387,0
1596031554.420082,375.20922203063964,119.60783500671387,0
1596031554.4300861,377.0099498748779,119.60783500671387,0
1596031554.440075,378.80793113708495,119.60783500671387,0
1596031554.450074,380.6077577590942,119.60783500671387,0
1596031554.4600806,382.40895767211913,119.60783500671387,0
1596031554.4700818,384.20917053222655,119.60783500671387,0
1596031554.480076,386.00813884735106,119.60783500671387,0
1596031554.4900775,387.8083946228027,119.60783500671387,0
1596031554.500091,389.61083908081054,119.60783500671387,0
1596031554.5100882,391.4103223800659,119.60783500671387,0
1596031554.5200763,393.2081748962402,119.60783500671387,0
1596031554.5300887,395.01040477752684,119.60783500671387,0
1596031554.5400906,396.810746383667,119.60783500671387,0
1596031554.550077,398.60829849243163,119.60783500671387,0
1596031554.5600767,400.4082538604736,119.60783500671387,0
1596031554.5700846,402.2096683502197,119.60783500671387,0
1596031554.5800807,404.00897998809813,119.60783500671387,0
1596031554.5900884,405.8103515625,119.60783500671387,0
1596031554.6000772,407.608332824707,119.60783500671387,0
1596031554.6100798,409.40880317687987,119.60783500671387,0
1596031554.6200843,411.20961685180663,119.60783500671387,0
1596031554.6300907,413.0107738494873,119.60783500671387,0
1596031554.6400878,414.81025714874266,119.60783500671387,0
1596031554.6500857,416.60986919403075,119.60783500671387,0
1596031554.660089,418.4104682922363,119.60783500671387,0
1596031554.6700852,420.20977993011473,119.60783500671387,0
1596031554.680083,422.0093919754028,119.60783500671387,0
1596031554.690086,423.8099052429199,119.60783500671387,0
1596031554.7000847,425.60968894958495,119.60783500671387,0
1596031554.7100773,427.4083568572998,119.60783500671387,0
1596031554.7200737,429.20771141052245,119.60783500671387,0
1596031554.7300885,431.01037044525145,119.60783500671387,0
1596031554.740074,432.80775089263915,119.60783500671387,0
1596031554.7500942,434.61139698028563,119.60783500671387,0
1596031554.7600753,436.40800495147704,119.60783500671387,0
1596031554.7700775,438.2083894729614,119.60783500671387,0
1596031554.7800734,440.0076581954956,119.60783500671387,0
1596031554.790085,441.8097593307495,119.60783500671387,0
1596031554.800089,443.61044425964354,119.60783500671387,0
1596031554.8100803,445.4088975906372,119.60783500671387,0
1596031554.8200796,447.2087671279907,119.60783500671387,0
1596031554.8300917,449.0109540939331,119.60783500671387,0
1596031554.8400917,450.8109523773193,119.60783500671387,0
1596031554.8500917,452.61095066070556,119.60783500671387,0
1596031554.860086,454.40991897583007,119.60783500671387,0
1596031554.870081,456.2090160369873,119.60783500671387,0
1596031554.8800893,458.01051635742186,119.60783500671387,0
1596031554.8900843,459.8096134185791,119.60783500671387,0
1596031554.9000838,461.60952587127684,119.60783500671387,0
1596031554.9100792,463.40870876312255,119.60783500671387,0
1596031554.92009,465.2106382369995,119.60783500671387,0
1596031554.9300804,467.0089199066162,119.60783500671387,0
1596031554.9400845,468.8096477508545,119.60783500671387,0
1596031554.9500725,470.6075002670288,119.60783500671387,0
1596031554.9600935,472.411275100708,119.60783500671387,0
1596031554.9700854,474.2098142623901,119.60783500671387,0
1596031554.9800832,476.0094263076782,119.60783500671387,0
1596031554.990088,477.8102828979492,119.60783500671387,0
1596031555.0000887,479.61040992736815,119.60783500671387,0
1596031555.0000887,0,119.60783500671387,0
1596031555.0101047,121.41070861816407,119.60783500671387,0
1596031555.020091,123.20826072692871,119.60783500671387,0
1596031555.0301063,125.0110055923462,119.60783500671387,0
1596031555.0400963,126.80920143127442,119.60783500671387,0
1596031555.0500948,128.6089422225952,119.60783500671387,0
1596031555.0600922,130.4084684371948,119.60783500671387,0
1596031555.0700965,132.20923919677733,119.60783500671387,0
1596031555.080096,134.0091516494751,119.60783500671387,0
1596031555.0900965,135.8092357635498,119.60783500671387,0
1596031555.100104,137.61060733795165,119.60783500671387,0
1596031555.1101031,139.41043395996093,119.60783500671387,0
1596031555.1200912,141.20828647613524,119.60783500671387,0
1596031555.130108,143.0113317489624,119.60783500671387,0
1596031555.1401057,144.81090087890624,119.60783500671387,0
1596031555.150091,146.6082384109497,119.60783500671387,0
1596031555.1600974,148.40939540863036,119.60783500671387,0
1596031555.1701062,150.2109815597534,119.60783500671387,0
1596031555.1800919,152.00840492248534,119.60783500671387,0
1596031555.1901093,153.81153602600097,119.60783500671387,0
1596031555.2000995,155.60977478027343,119.60783500671387,0
1596031555.2101064,157.41101760864257,119.60783500671387,0
1596031555.2200963,159.2092134475708,119.60783500671387,0
1596031555.2300928,161.00856800079345,119.60783500671387,0
1596031555.2400978,162.80946750640868,119.60783500671387,0
1596031555.2500997,164.60980911254882,119.60783500671387,0
1596031555.2601044,166.4106657028198,119.60783500671387,0
1596031555.2701085,168.2113935470581,119.60783500671387,0
1596031555.2800977,170.0094606399536,119.60783500671387,0
1596031555.2900994,171.8097593307495,119.60783500671387,0
1596031555.3000996,173.60980052947997,119.60783500671387,0
1596031555.310097,175.40932674407958,119.60783500671387,0
1596031555.320103,177.21039791107177,119.60783500671387,0
1596031555.3300884,179.00777835845946,119.60783500671387,0
1596031555.340105,180.81078071594237,119.60783500671387,0
1596031555.3500965,182.60923404693602,119.60783500671387,0
1596031555.3600948,184.4089319229126,119.60783500671387,0
1596031555.370089,186.2079002380371,119.60783500671387,0
1596031555.3801098,188.01163215637206,119.60783500671387,0
1596031555.3901012,189.8100854873657,119.60783500671387,0
1596031555.4000971,191.6093542098999,119.60783500671387,0
1596031555.4100976,193.4094383239746,119.60783500671387,0
1596031555.4200926,195.20853538513182,119.60783500671387,0
1596031555.4300945,197.00887699127196,119.60783500671387,0
1596031555.440092,198.8084461212158,119.60783500671387,0
1596031555.4501092,200.6115343093872,119.60783500671387,0
1596031555.4600973,202.4093868255615,119.60783500671387,0
1596031555.4701018,204.21020050048827,119.60783500671387,0
1596031555.4801033,206.01045627593993,119.60783500671387,0
1596031555.490106,207.81096954345702,119.60783500671387,0
1596031555.5001006,209.60998077392577,119.60783500671387,0
1596031555.5100942,211.40882034301757,119.60783500671387,0
1596031555.5200949,213.2089473724365,119.60783500671387,0
1596031555.5300999,215.00984687805175,119.60783500671387,0
1596031555.540101,216.81005973815917,119.60783500671387,0
1596031555.5500906,218.60816974639891,119.60783500671387,0
1596031555.560109,220.4114725112915,119.60783500671387,0
1596031555.5700889,222.2078659057617,119.60783500671387,0
1596031555.5801072,224.01116867065429,119.60783500671387,0
1596031555.590098,225.80949325561522,119.60783500671387,0
1596031555.6000967,227.60927696228026,119.60783500671387,0
1596031555.6100924,229.4085027694702,119.60783500671387,0
1596031555.6200957,231.20910186767577,119.60783500671387,0
1596031555.6300986,233.00961513519286,119.60783500671387,0
1596031555.6400907,234.80819721221923,119.60783500671387,0
1596031555.6500976,236.60944004058837,119.60783500671387,0
1596031555.6601067,238.41106910705565,119.60783500671387,0
1596031555.6700962,240.2091791152954,119.60783500671387,0
1596031555.680098,242.00952072143554,119.60783500671387,0
1596031555.6901088,243.8114501953125,119.60783500671387,0
1596031555.7000942,245.60883064270018,119.60783500671387,0
1596031555.7100923,247.4084856033325,119.60783500671387,0
1596031555.7201076,249.21123046875,119.60783500671387,0
1596031555.7301018,251.0101987838745,119.60783500671387,0
1596031555.7401083,252.81135578155516,119.60783500671387,0
1596031555.7500892,254.60792083740233,119.60783500671387,0
1596031555.7600894,256.4079620361328,119.60783500671387,0
1596031555.7701006,258.20997734069823,119.60783500671387,0
1596031555.7800949,260.00894565582274,119.60783500671387,0
1596031555.7900891,261.80791397094725,119.60783500671387,0
1596031555.8001049,263.6107446670532,119.60783500671387,0
1596031555.8101048,265.41074295043944,119.60783500671387,0
1596031555.8200896,267.2079946517944,119.60783500671387,0
1596031555.830097,269.00932331085204,119.60783500671387,0
1596031555.8400896,270.8079912185669,119.60783500671387,0
1596031555.8500915,272.608332824707,119.60783500671387,0
1596031555.8601015,274.41013355255126,119.60783500671387,0
1596031555.8700972,276.2093593597412,119.60783500671387,0
1596031555.8800983,278.0095722198486,119.60783500671387,0
1596031555.8900905,279.808154296875,119.60783500671387,0
1596031555.900088,281.60772342681884,119.60783500671387,0
1596031555.9100938,283.4087516784668,119.60783500671387,0
1596031555.9200952,285.20900745391845,119.60783500671387,0
1596031555.9300966,287.0092632293701,119.60783500671387,0
1596031555.9400992,288.80973358154296,119.60783500671387,0
1596031555.9500957,290.6090881347656,119.60783500671387,0
1596031555.9601011,292.4100734710693,119.60783500671387,0
1596031555.970107,294.2111446380615,119.60783500671387,0
1596031555.980092,296.00843925476073,119.60783500671387,0
1596031555.9900923,297.8084804534912,119.60783500671387,0
1596031556.0001023,299.61028118133544,119.60783500671387,0
1596031556.0100973,301.40937824249266,119.60783500671387,0
1596031556.02009,303.20808906555175,119.60783500671387,0
1596031556.0301008,305.0100185394287,119.60783500671387,0
1596031556.0401008,306.81001682281493,119.60783500671387,0
1596031556.0500891,308.6079122543335,119.60783500671387,0
1596031556.0600934,310.408683013916,119.60783500671387,0
1596031556.0700903,312.20812339782714,119.60783500671387,0
1596031556.0800898,314.0080358505249,119.60783500671387,0
1596031556.0900943,315.80884952545165,119.60783500671387,0
1596031556.1001086,317.6114227294922,119.60783500671387,0
1596031556.110102,319.41021938323973,119.60783500671387,0
1596031556.120099,321.2097026824951,119.60783500671387,0
1596031556.1301088,323.0114604949951,119.60783500671387,0
1596031556.1400893,324.8079397201538,119.60783500671387,0
1596031556.1500936,326.6087104797363,119.60783500671387,0
1596031556.160089,328.407893371582,119.60783500671387,0
1596031556.1701071,330.21115322113036,119.60783500671387,0
1596031556.1800952,332.0090057373047,119.60783500671387,0
1596031556.1900942,333.80883235931395,119.60783500671387,0
1596031556.2001088,335.6114484786987,119.60783500671387,0
1596031556.2101004,337.4099447250366,119.60783500671387,0
1596031556.2201078,339.2112733840942,119.60783500671387,0
1596031556.2300992,341.0097267150879,119.60783500671387,0
1596031556.2400959,342.8091241836548,119.60783500671387,0
1596031556.2501087,344.61143989562987,119.60783500671387,0
1596031556.2601,346.4098503112793,119.60783500671387,0
1596031556.2700975,348.20941944122313,119.60783500671387,0
1596031556.2801075,350.01122016906737,119.60783500671387,0
1596031556.2900908,351.8082143783569,119.60783500671387,0
1596031556.3000915,353.60834140777587,119.60783500671387,0
1596031556.3100932,355.40864009857177,119.60783500671387,0
1596031556.3201044,357.2106554031372,119.60783500671387,0
1596031556.3300874,359.0076066970825,119.60783500671387,0
1596031556.3356097,360,119.60783500671387,1
1596031556.340091,360.8082487106323,119.60783500671387,0
1596031556.350097,362.6093198776245,119.60783500671387,0
1596031556.3601067,364.4110776901245,119.60783500671387,0
1596031556.3700995,366.2097885131836,119.60783500671387,0
1596031556.380106,368.01094551086425,119.60783500671387,0
1596031556.3901026,369.81034297943114,119.60783500671387,0
1596031556.4001067,371.6110708236694,119.60783500671387,0
1596031556.4100885,373.40780754089354,119.60783500671387,0
1596031556.4201083,375.21136779785155,119.60783500671387,0
1596031556.4300885,377.007804107666,119.60783500671387,0
1596031556.4401,378.8098623275757,119.60783500671387,0
1596031556.4500923,380.6084873199463,119.60783500671387,0
1596031556.4601061,382.41097469329833,119.60783500671387,0
1596031556.4701052,384.2108013153076,119.60783500671387,0
1596031556.4800966,386.00925464630126,119.60783500671387,0
1596031556.4901059,387.8109266281128,119.60783500671387,0
1596031556.5000875,389.60762042999266,119.60783500671387,0
1596031556.5100951,391.4089920043945,119.60783500671387,0
1596031556.520094,393.20877571105956,119.60783500671387,0
1596031556.530101,395.01006145477294,119.60783500671387,0
1596031556.5400996,396.80980224609374,119.60783500671387,0
1596031556.550101,398.6100580215454,119.60783500671387,0
1596031556.5600884,400.407781791687,119.60783500671387,0
1596031556.5701056,402.2108699798584,119.60783500671387,0
1596031556.5800886,404.0078212738037,119.60783500671387,0
1596031556.5901046,405.8106948852539,119.60783500671387,0
1596031556.6000898,407.60803241729735,119.60783500671387,0
1596031556.6101,409.40987606048583,119.60783500671387,0
1596031556.6201074,411.21120471954345,119.60783500671387,0
1596031556.630107,413.0111171722412,119.60783500671387,0
1596031556.640088,414.8077251434326,119.60783500671387,0
1596031556.6501012,416.61008377075194,119.60783500671387,0
1596031556.6600947,418.40892333984374,119.60783500671387,0
1596031556.6701045,420.21068115234374,119.60783500671387,0
1596031556.6800883,422.00776119232177,119.60783500671387,0
1596031556.690101,423.8100339889526,119.60783500671387,0
1596031556.7000918,425.6084014892578,119.60783500671387,0
1596031556.7100916,427.4083568572998,119.60783500671387,0
1596031556.7201006,429.2099859237671,119.60783500671387,0
1596031556.730092,431.00843925476073,119.60783500671387,0
1596031556.7400994,432.80976791381835,119.60783500671387,0
1596031556.750088,434.60770626068114,119.60783500671387,0
1596031556.7601027,436.41036529541014,119.60783500671387,0
1596031556.7701051,438.21079273223876,119.60783500671387,0
1596031556.7801018,440.01019020080565,119.60783500671387,0
1596031556.7901082,441.8113471984863,119.60783500671387,0
1596031556.8000872,443.6075689315796,119.60783500671387,0
1596031556.8100939,445.4087688446045,119.60783500671387,0
1596031556.8200972,447.20936794281005,119.60783500671387,0
1596031556.8301086,449.0114261627197,119.60783500671387,0
1596031556.840096,450.8091499328613,119.60783500671387,0
1596031556.8500912,452.6082899093628,119.60783500671387,0
1596031556.8601031,454.4104339599609,119.60783500671387,0
1596031556.870097,456.20931644439696,119.60783500671387,0
1596031556.880087,458.0075122833252,119.60783500671387,0
1596031556.890093,459.8086263656616,119.60783500671387,0
1596031556.900108,461.61132831573485,119.60783500671387,0
1596031556.910105,463.410768699646,119.60783500671387,0
1596031556.9200943,465.2088357925415,119.60783500671387,0
1596031556.930088,467.0077182769775,119.60783500671387,0
1596031556.9400973,468.80939025878905,119.60783500671387,0
1596031556.9501019,470.6102039337158,119.60783500671387,0
1596031556.9601002,472.40990180969237,119.60783500671387,0
1596031556.9700935,474.20869846343993,119.60783500671387,0
1596031556.9800963,476.009211730957,119.60783500671387,0
1596031556.9900935,477.8086950302124,119.60783500671387,0
1596031557.0000956,479.60907955169677,119.60783500671387,0
1596031557.0000956,0,119.60783500671387,0
1596031557.010107,121.40989322662354,119.60783500671387,0
1596031557.0201013,123.20886154174805,119.60783500671387,0
1596031557.0301085,125.01014728546143,119.60783500671387,0
1596031557.0400968,126.80804271697998,119.60783500671387,0
1596031557.050118,128.6118604660034,119.60783500671387,0
1596031557.0600994,130.40851135253905,119.60783500671387,0
1596031557.0701115,132.21069831848143,119.60783500671387,0
1596031557.0801158,134.01146907806395,119.60783500671387,0
1596031557.0901113,135.81065196990966,119.60783500671387,0
1596031557.1001024,137.60906238555907,119.60783500671387,0
1596031557.1101072,139.40991897583007,119.60783500671387,0
1596031557.1201026,141.20910186767577,119.60783500671387,0
1596031557.1301014,143.0088855743408,119.60783500671387,0
1596031557.140099,144.80845470428466,119.60783500671387,0
1596031557.150098,146.60828132629393,119.60783500671387,0
1596031557.1600995,148.4085371017456,119.60783500671387,0
1596031557.1701097,150.21038074493407,119.60783500671387,0
1596031557.1801078,152.0100357055664,119.60783500671387,0
1596031557.1900988,153.80840320587157,119.60783500671387,0
1596031557.2001057,155.6096460342407,119.60783500671387,0
1596031557.210104,157.40934391021727,119.60783500671387,0
1596031557.2201042,159.20938510894774,119.60783500671387,0
1596031557.2301054,161.00959796905516,119.60783500671387,0
1596031557.2401152,162.81135578155516,119.60783500671387,0
1596031557.2500994,164.60852165222167,119.60783500671387,0
1596031557.2601178,166.41182441711425,119.60783500671387,0
1596031557.2701135,168.2110502243042,119.60783500671387,0
1596031557.280117,170.011692237854,119.60783500671387,0
1596031557.2901058,171.80967350006102,119.60783500671387,0
1596031557.3001082,173.61010093688964,119.60783500671387,0
1596031557.3101115,175.4107000350952,119.60783500671387,0
1596031557.3201175,177.2117712020874,119.60783500671387,0
1596031557.3300986,179.0083791732788,119.60783500671387,0
1596031557.3401003,180.8086778640747,119.60783500671387,0
1596031557.350108,182.61004943847655,119.60783500671387,0
1596031557.360106,184.40970439910888,119.60783500671387,0
1596031557.37011,186.21043224334716,119.60783500671387,0
1596031557.3801124,188.01085968017577,119.60783500671387,0
1596031557.3901114,189.81068630218505,119.60783500671387,0
1596031557.4001071,191.609912109375,119.60783500671387,0
1596031557.4101093,193.41029663085936,119.60783500671387,0
1596031557.4201038,195.2093078613281,119.60783500671387,0
1596031557.430097,197.00810451507567,119.60783500671387,0
1596031557.4401045,198.8094331741333,119.60783500671387,0
1596031557.4501126,200.61089057922362,119.60783500671387,0
1596031557.4601011,202.40882892608641,119.60783500671387,0
1596031557.4701087,204.21020050048827,119.60783500671387,0
1596031557.4801161,206.0115291595459,119.60783500671387,0
1596031557.490112,207.81079788208007,119.60783500671387,0
1596031557.500104,209.6093370437622,119.60783500671387,0
1596031557.5101168,211.4116527557373,119.60783500671387,0
1596031557.5201101,213.21044940948485,119.60783500671387,0
1596031557.5301046,215.0094606399536,119.60783500671387,0
1596031557.5401134,216.81104679107665,119.60783500671387,0
1596031557.5501149,218.6113025665283,119.60783500671387,0
1596031557.5601044,220.40941257476806,119.60783500671387,0
1596031557.5701087,222.21018333435057,119.60783500671387,0
1596031557.580113,224.0109540939331,119.60783500671387,0
1596031557.5900972,225.8081199645996,119.60783500671387,0
1596031557.600111,227.61060733795165,119.60783500671387,0
1596031557.6101122,229.41082019805907,119.60783500671387,0
1596031557.620107,231.20987434387206,119.60783500671387,0
1596031557.630107,233.0098726272583,119.60783500671387,0
1596031557.640112,234.81077213287352,119.60783500671387,0
1596031557.6501052,236.60956878662108,119.60783500671387,0
1596031557.6601067,238.40982456207274,119.60783500671387,0
1596031557.6700978,240.20823497772216,119.60783500671387,0
1596031557.6800969,242.00806159973143,119.60783500671387,0
1596031557.6901174,243.81175060272216,119.60783500671387,0
1596031557.7001138,245.6111051559448,119.60783500671387,0
1596031557.7100968,247.40805644989013,119.60783500671387,0
1596031557.7201042,249.20938510894774,119.60783500671387,0
1596031557.7300968,251.0080530166626,119.60783500671387,0
1596031557.740111,252.8106262207031,119.60783500671387,0
1596031557.7500951,254.60774917602538,119.60783500671387,0
1596031557.7601097,256.41036529541014,119.60783500671387,0
1596031557.7701051,258.20954818725585,119.60783500671387,0
1596031557.7800977,260.0082160949707,119.60783500671387,0
1596031557.7901056,261.8096305847168,119.60783500671387,0
1596031557.8001149,263.6113025665283,119.60783500671387,0
1596031557.810103,265.4091550827026,119.60783500671387,0
1596031557.820095,267.207737159729,119.60783500671387,0
1596031557.8300984,269.00833625793456,119.60783500671387,0
1596031557.840108,270.8100511550903,119.60783500671387,0
1596031557.8501005,272.60871906280516,119.60783500671387,0
1596031557.860107,274.40987606048583,119.60783500671387,0
1596031557.8701022,276.2090160369873,119.60783500671387,0
1596031557.880099,278.0084564208984,119.60783500671387,0
1596031557.8901045,279.80944175720214,119.60783500671387,0
1596031557.900098,281.60828132629393,119.60783500671387,0
1596031557.910099,283.4084512710571,119.60783500671387,0
1596031557.9201062,285.2097370147705,119.60783500671387,0
1596031557.930103,287.00917739868163,119.60783500671387,0
1596031557.940102,288.8090040206909,119.60783500671387,0
1596031557.950106,290.60968894958495,119.60783500671387,0
1596031557.960107,292.40990180969237,119.60783500671387,0
1596031557.9701164,294.2115737915039,119.60783500671387,0
1596031557.9801083,296.010112953186,119.60783500671387,0
1596031557.9901166,297.8116132736206,119.60783500671387,0
1596031558.0000978,299.608221244812,119.60783500671387,0
1596031558.0101123,301.41083736419677,119.60783500671387,0
1596031558.0201147,303.2112648010254,119.60783500671387,0
1596031558.0301027,305.0091173171997,119.60783500671387,0
1596031558.040095,306.8077423095703,119.60783500671387,0
1596031558.050116,308.6115171432495,119.60783500671387,0
1596031558.0601087,310.41018505096434,119.60783500671387,0
1596031558.0701082,312.2100975036621,119.60783500671387,0
1596031558.0801032,314.0091945648193,119.60783500671387,0
1596031558.0900953,315.8077766418457,119.60783500671387,0
1596031558.1000984,317.608332824707,119.60783500671387,0
1596031558.110115,319.41133518218993,119.60783500671387,0
1596031558.1200955,321.2078144073486,119.60783500671387,0
1596031558.130115,323.0113317489624,119.60783500671387,0
1596031558.1401129,324.8109437942505,119.60783500671387,0
1596031558.1500971,326.608109664917,119.60783500671387,0
1596031558.160116,328.41149826049804,119.60783500671387,0
1596031558.170112,330.2107669830322,119.60783500671387,0
1596031558.1800983,332.00831909179686,119.60783500671387,0
1596031558.1900976,333.8081886291504,119.60783500671387,0
1596031558.2001073,335.6099464416504,119.60783500671387,0
1596031558.2101016,337.4089147567749,119.60783500671387,0
1596031558.2201002,339.2086555480957,119.60783500671387,0
1596031558.230099,341.00843925476073,119.60783500671387,0
1596031558.240097,342.80809421539306,119.60783500671387,0
1596031558.250105,344.60950870513915,119.60783500671387,0
1596031558.2601118,346.4107515335083,119.60783500671387,0
1596031558.270112,348.21079273223876,119.60783500671387,0
1596031558.2801135,350.0110485076904,119.60783500671387,0
1596031558.2901063,351.8097593307495,119.60783500671387,0
1596031558.300101,353.6088134765625,119.60783500671387,0
1596031558.3100994,355.40851135253905,119.60783500671387,0
1596031558.3201122,357.21082706451415,119.60783500671387,0
1596031558.330112,359.01078243255614,119.60783500671387,0
1596031558.335619,360,119.60783500671387,1
1596031558.3401117,360.81073780059813,119.60783500671387,0
1596031558.35011,362.6104356765747,119.60783500671387,0
1596031558.3601015,364.40888900756835,119.60783500671387,0
1596031558.3701034,366.2092306137085,119.60783500671387,0
1596031558.380107,368.0098726272583,119.60783500671387,0
1596031558.3901074,369.809956741333,119.60783500671387,0
1596031558.4001153,371.6113712310791,119.60783500671387,0
1596031558.4101145,373.4112407684326,119.60783500671387,0
1596031558.4200976,375.2081920623779,119.60783500671387,0
1596031558.430115,377.01132316589354,119.60783500671387,0
1596031558.440116,378.8114931106567,119.60783500671387,0
1596031558.4500966,380.60801525115966,119.60783500671387,0
1596031558.460106,382.4096872329712,119.60783500671387,0
1596031558.4701123,384.21084423065184,119.60783500671387,0
1596031558.480101,386.0088254928589,119.60783500671387,0
1596031558.4901054,387.8095962524414,119.60783500671387,0
1596031558.5000966,389.6080066680908,119.60783500671387,0
1596031558.5101132,391.4110090255737,119.60783500671387,0
1596031558.5201042,393.2093765258789,119.60783500671387,0
1596031558.5301158,395.0114776611328,119.60783500671387,0
1596031558.540112,396.8107892990112,119.60783500671387,0
1596031558.550111,398.6106159210205,119.60783500671387,0
1596031558.5601144,400.41121501922606,119.60783500671387,0
1596031558.570109,402.2102262496948,119.60783500671387,0
1596031558.5800946,404.00764961242675,119.60783500671387,0
1596031558.590115,405.81133861541747,119.60783500671387,0
1596031558.6001098,407.61039276123046,119.60783500671387,0
1596031558.6101034,409.40923233032225,119.60783500671387,0
1596031558.620096,411.2079002380371,119.60783500671387,0
1596031558.6300943,413.00759811401366,119.60783500671387,0
1596031558.6401138,414.81111545562743,119.60783500671387,0
1596031558.650106,416.6096975326538,119.60783500671387,0
1596031558.6601095,418.4103395462036,119.60783500671387,0
1596031558.6700974,420.2081491470337,119.60783500671387,0
1596031558.6801136,422.0110656738281,119.60783500671387,0
1596031558.6901135,423.81106395721434,119.60783500671387,0
1596031558.7000968,425.6080581665039,119.60783500671387,0
1596031558.7101028,427.4091293334961,119.60783500671387,0
1596031558.7201128,429.2109300613403,119.60783500671387,0
1596031558.7301064,431.0097696304321,119.60783500671387,0
1596031558.7400973,432.8081371307373,119.60783500671387,0
1596031558.7501135,434.6110536575317,119.60783500671387,0
1596031558.760099,436.4084341049194,119.60783500671387,0
1596031558.7700968,438.2080461502075,119.60783500671387,0
1596031558.780105,440.0095464706421,119.60783500671387,0
1596031558.7900965,441.80799980163573,119.60783500671387,0
1596031558.8001041,443.6093713760376,119.60783500671387,0
1596031558.8100991,445.4084684371948,119.60783500671387,0
1596031558.8201046,447.2094537734985,119.60783500671387,0
1596031558.8301013,449.0088512420654,119.60783500671387,0
1596031558.8401086,450.81017990112304,119.60783500671387,0
1596031558.8501112,452.6106502532959,119.60783500671387,0
1596031558.8601017,454.4089319229126,119.60783500671387,0
1596031558.8700988,456.20841522216796,119.60783500671387,0
1596031558.8801017,458.00892848968505,119.60783500671387,0
1596031558.8901012,459.8088409423828,119.60783500671387,0
1596031558.9000988,461.60841007232665,119.60783500671387,0
1596031558.9100957,463.4078504562378,119.60783500671387,0
1596031558.920101,465.20879287719725,119.60783500671387,0
1596031558.9301152,467.0113660812378,119.60783500671387,0
1596031558.9400957,468.8078453063965,119.60783500671387,0
1596031558.950113,470.6109764099121,119.60783500671387,0
1596031558.9601047,472.40947265625,119.60783500671387,0
1596031558.97011,474.21041507720946,119.60783500671387,0
1596031558.9800985,476.00835342407225,119.60783500671387,0
1596031558.990105,477.8095104217529,119.60783500671387,0
1596031559.0001137,479.61109657287597,119.60783500671387,0
1596031559.0001137,0,119.60783500671387,0
1596031559.0101314,121.41100902557373,119.60783500671387,0
1596031559.0201182,123.20864696502686,119.60783500671387,0
1596031559.0301216,125.00924606323242,119.60783500671387,0
1596031559.0401206,126.8090726852417,119.60783500671387,0
1596031559.0501175,128.60851306915282,119.60783500671387,0
1596031559.0601301,130.41078586578368,119.60783500671387,0
1596031559.0701313,132.2109987258911,119.60783500671387,0
1596031559.0801349,134.0116407394409,119.60783500671387,0
1596031559.0901284,135.8104803085327,119.60783500671387,0
1596031559.1001186,137.60871906280516,119.60783500671387,0
1596031559.110131,139.41094894409179,119.60783500671387,0
1596031559.1201177,141.20854396820067,119.60783500671387,0
1596031559.1301253,143.00991554260253,119.60783500671387,0
1596031559.1401343,144.8115446090698,119.60783500671387,0
1596031559.1501217,146.60926837921141,119.60783500671387,0
1596031559.1601298,148.41072578430175,119.60783500671387,0
1596031559.170116,150.20823497772216,119.60783500671387,0
1596031559.18013,152.01076526641845,119.60783500671387,0
1596031559.1901138,153.80784530639647,119.60783500671387,0
1596031559.2001333,155.61136264801024,119.60783500671387,0
1596031559.2101228,157.40947265625,119.60783500671387,0
1596031559.2201219,159.20929927825927,119.60783500671387,0
1596031559.2301273,161.01028461456298,119.60783500671387,0
1596031559.2401156,162.80818004608153,119.60783500671387,0
1596031559.2501323,164.61118240356444,119.60783500671387,0
1596031559.260119,166.40877742767333,119.60783500671387,0
1596031559.2701237,168.20963401794432,119.60783500671387,0
1596031559.2801232,170.00954647064208,119.60783500671387,0
1596031559.2901165,171.80834312438964,119.60783500671387,0
1596031559.300121,173.6091567993164,119.60783500671387,0
1596031559.3101287,175.41052837371825,119.60783500671387,0
1596031559.3201172,177.20846672058104,119.60783500671387,0
1596031559.3301318,179.0110828399658,119.60783500671387,0
1596031559.3401217,180.80927867889403,119.60783500671387,0
1596031559.3501294,182.6106502532959,119.60783500671387,0
1596031559.3601189,184.40876026153563,119.60783500671387,0
1596031559.3701155,186.20815773010253,119.60783500671387,0
1596031559.380129,188.01060218811034,119.60783500671387,0
1596031559.3901143,189.8079397201538,119.60783500671387,0
1596031559.4001324,191.61119956970214,119.60783500671387,0
1596031559.4101338,193.4114553451538,119.60783500671387,0
1596031559.4201274,195.2102949142456,119.60783500671387,0
1596031559.4301293,197.01063652038573,119.60783500671387,0
1596031559.440119,198.80878944396972,119.60783500671387,0
1596031559.4501338,200.61144847869872,119.60783500671387,0
1596031559.4601216,202.4092580795288,119.60783500671387,0
1596031559.4701269,204.21020050048827,119.60783500671387,0
1596031559.4801207,206.0090829849243,119.60783500671387,0
1596031559.4901302,207.81079788208007,119.60783500671387,0
1596031559.5001228,209.6094657897949,119.60783500671387,0
1596031559.5101256,211.409979057312,119.60783500671387,0
1596031559.5201292,213.2106210708618,119.60783500671387,0
1596031559.5301147,215.0080015182495,119.60783500671387,0
1596031559.5401232,216.8095447540283,119.60783500671387,0
1596031559.550117,218.60842723846434,119.60783500671387,0
1596031559.560134,220.4114725112915,119.60783500671387,0
1596031559.5701308,222.21091289520263,119.60783500671387,0
1596031559.5801191,224.00880832672118,119.60783500671387,0
1596031559.590131,225.81095237731932,119.60783500671387,0
1596031559.6001315,227.61103649139403,119.60783500671387,0
1596031559.6101232,229.40953273773192,119.60783500671387,0
1596031559.6201155,231.20815773010253,119.60783500671387,0
1596031559.630131,233.01094551086425,119.60783500671387,0
1596031559.6401184,234.80866928100585,119.60783500671387,0
1596031559.6501212,236.60918254852294,119.60783500671387,0
1596031559.6601272,238.41025371551513,119.60783500671387,0
1596031559.6701243,240.2097370147705,119.60783500671387,0
1596031559.6801147,242.0080186843872,119.60783500671387,0
1596031559.690128,243.81042022705077,119.60783500671387,0
1596031559.7001238,245.6096460342407,119.60783500671387,0
1596031559.7101338,247.41144676208495,119.60783500671387,0
1596031559.7201293,249.21062965393065,119.60783500671387,0
1596031559.7301278,251.01037044525145,119.60783500671387,0
1596031559.7401252,252.80989665985106,119.60783500671387,0
1596031559.7501173,254.60847873687743,119.60783500671387,0
1596031559.7601166,256.40834827423095,119.60783500671387,0
1596031559.770116,258.2082607269287,119.60783500671387,0
1596031559.7801292,260.01061935424804,119.60783500671387,0
1596031559.7901182,261.8086435317993,119.60783500671387,0
1596031559.8001263,263.61010093688964,119.60783500671387,0
1596031559.8101134,265.407781791687,119.60783500671387,0
1596031559.8201225,267.2094108581543,119.60783500671387,0
1596031559.8301265,269.01013870239257,119.60783500671387,0
1596031559.8401341,270.8115102767944,119.60783500671387,0
1596031559.8501148,272.60803241729735,119.60783500671387,0
1596031559.8601167,274.4083740234375,119.60783500671387,0
1596031559.870124,276.2097026824951,119.60783500671387,0
1596031559.8801293,278.0106451034546,119.60783500671387,0
1596031559.890134,279.8115016937256,119.60783500671387,0
1596031559.9001296,281.6106845855713,119.60783500671387,0
1596031559.910123,283.4095241546631,119.60783500671387,0
1596031559.9201143,285.2079345703125,119.60783500671387,0
1596031559.9301288,287.01055068969725,119.60783500671387,0
1596031559.9401128,288.8076736450195,119.60783500671387,0
1596031559.9501212,290.6091739654541,119.60783500671387,0
1596031559.9601264,292.41011638641356,119.60783500671387,0
1596031559.970118,294.20861263275145,119.60783500671387,0
1596031559.9801278,296.01037044525145,119.60783500671387,0
1596031559.9901278,297.8103687286377,119.60783500671387,0
1596031560.0001314,299.6110107421875,119.60783500671387,0
1596031560.0101297,301.41070861816405,119.60783500671387,0
1596031560.02012,303.2089473724365,119.60783500671387,0
1596031560.030133,305.01130599975585,119.60783500671387,0
1596031560.0401185,306.80868644714354,119.60783500671387,0
1596031560.0501304,308.6108304977417,119.60783500671387,0
1596031560.0601127,310.4076530456543,119.60783500671387,0
1596031560.0701282,312.210440826416,119.60783500671387,0
1596031560.0801156,314.0081645965576,119.60783500671387,0
1596031560.090121,315.8091499328613,119.60783500671387,0
1596031560.1001248,317.60983486175536,119.60783500671387,0
1596031560.1101172,319.40845985412597,119.60783500671387,0
1596031560.1201277,321.2103464126587,119.60783500671387,0
1596031560.1301134,323.0077697753906,119.60783500671387,0
1596031560.1401339,324.81145877838134,119.60783500671387,0
1596031560.150118,326.60862464904784,119.60783500671387,0
1596031560.1601262,328.4100820541382,119.60783500671387,0
1596031560.1701338,330.21145362854,119.60783500671387,0
1596031560.1801329,332.0112802505493,119.60783500671387,0
1596031560.1901183,333.808660697937,119.60783500671387,0
1596031560.2001212,335.6091739654541,119.60783500671387,0
1596031560.210121,337.4091293334961,119.60783500671387,0
1596031560.2201147,339.2080118179321,119.60783500671387,0
1596031560.230122,341.00934047698973,119.60783500671387,0
1596031560.2401145,342.80796546936034,119.60783500671387,0
1596031560.250129,344.6105815887451,119.60783500671387,0
1596031560.260125,346.4098503112793,119.60783500671387,0
1596031560.2701235,348.2095911026001,119.60783500671387,0
1596031560.2801206,350.00907440185546,119.60783500671387,0
1596031560.2901251,351.8098880767822,119.60783500671387,0
1596031560.3001173,353.6084701538086,119.60783500671387,0
1596031560.3101332,355.4113437652588,119.60783500671387,0
1596031560.3201149,357.20803756713866,119.60783500671387,0
1596031560.3301196,359.00889415740966,119.60783500671387,0
1596031560.3356314,360,119.60783500671387,1
1596031560.3401253,360.8099224090576,119.60783500671387,0
1596031560.3501313,362.6109935760498,119.60783500671387,0
1596031560.3601155,364.4081594467163,119.60783500671387,0
1596031560.370124,366.2097026824951,119.60783500671387,0
1596031560.3801334,368.01137466430663,119.60783500671387,0
1596031560.3901258,369.80999965667723,119.60783500671387,0
1596031560.4001164,371.6083242416382,119.60783500671387,0
1596031560.4101224,373.40939540863036,119.60783500671387,0
1596031560.420126,375.21003742218016,119.60783500671387,0
1596031560.4301188,377.00874824523925,119.60783500671387,0
1596031560.4401305,378.81084938049315,119.60783500671387,0
1596031560.450121,380.60913105010985,119.60783500671387,0
1596031560.4601338,382.41144676208495,119.60783500671387,0
1596031560.4701145,384.2079689025879,119.60783500671387,0
1596031560.4801135,386.00779552459716,119.60783500671387,0
1596031560.490121,387.8091241836548,119.60783500671387,0
1596031560.5001125,389.60762042999266,119.60783500671387,0
1596031560.5101159,391.40821952819823,119.60783500671387,0
1596031560.5201173,393.2084753036499,119.60783500671387,0
1596031560.5301123,395.0075723648071,119.60783500671387,0
1596031560.5401342,396.81151885986327,119.60783500671387,0
1596031560.5501146,398.60799808502196,119.60783500671387,0
1596031560.5601277,400.4103567123413,119.60783500671387,0
1596031560.5701163,402.2082950592041,119.60783500671387,0
1596031560.5801296,404.01069660186766,119.60783500671387,0
1596031560.5901256,405.80996532440184,119.60783500671387,0
1596031560.6001132,407.6077320098877,119.60783500671387,0
1596031560.6101334,409.41137809753417,119.60783500671387,0
1596031560.6201322,411.2111618041992,119.60783500671387,0
1596031560.630119,413.00879974365233,119.60783500671387,0
1596031560.6401336,414.8114158630371,119.60783500671387,0
1596031560.6501238,416.60965461730956,119.60783500671387,0
1596031560.6601212,418.40918083190917,119.60783500671387,0
1596031560.6701245,420.20977993011473,119.60783500671387,0
1596031560.6801307,422.01089401245116,119.60783500671387,0
1596031560.6901333,423.811364364624,119.60783500671387,0
1596031560.7001219,425.6093027114868,119.60783500671387,0
1596031560.7101195,427.40887184143065,119.60783500671387,0
1596031560.72013,429.21075839996337,119.60783500671387,0
1596031560.730113,431.0077096939087,119.60783500671387,0
1596031560.7401247,432.8098108291626,119.60783500671387,0
1596031560.7501152,434.6080924987793,119.60783500671387,0
1596031560.7601237,436.4096357345581,119.60783500671387,0
1596031560.7701228,438.20946235656737,119.60783500671387,0
1596031560.780121,440.00916023254393,119.60783500671387,0
1596031560.790126,441.81005973815917,119.60783500671387,0
1596031560.8001187,443.608727645874,119.60783500671387,0
1596031560.8101122,445.4075672149658,119.60783500671387,0
1596031560.8201184,447.20868129730223,119.60783500671387,0
1596031560.8301237,449.0096237182617,119.60783500671387,0
1596031560.8401182,450.80863494873046,119.60783500671387,0
1596031560.8501215,452.609234046936,119.60783500671387,0
1596031560.8601177,454.40854568481444,119.60783500671387,0
1596031560.870128,456.2103893280029,119.60783500671387,0
1596031560.880125,458.0098726272583,119.60783500671387,0
1596031560.8901312,459.8109867095947,119.60783500671387,0
1596031560.9001234,461.6095687866211,119.60783500671387,0
1596031560.910117,463.4084083557129,119.60783500671387,0
1596031560.9201188,465.208749961853,119.60783500671387,0
1596031560.9301171,467.0084478378296,119.60783500671387,0
1596031560.9401307,468.8108922958374,119.60783500671387,0
1596031560.950112,470.60754318237304,119.60783500671387,0
1596031560.960118,472.4086143493652,119.60783500671387,0
1596031560.9701152,474.2080976486206,119.60783500671387,0
1596031560.9801202,476.00899715423583,119.60783500671387,0
1596031560.9901185,477.8086950302124,119.60783500671387,0
1596031561.0001135,479.6077920913696,119.60783500671387,0
1596031561.0001383,479.6122552871704,119.60783500671387,0
1596031561.0001383,0,119.60783500671387,0
1596031561.0101538,121.41062278747559,119.60783500671387,0
1596031561.0201468,123.20937652587891,119.60783500671387,0
1596031561.0301528,125.0104476928711,119.60783500671387,0
1596031561.0401456,126.80915851593018,119.60783500671387,0
1596031561.050139,128.60795516967772,119.60783500671387,0
1596031561.0601516,130.41022796630858,119.60783500671387,0
1596031561.0701423,132.20855255126952,119.60783500671387,0
1596031561.0801554,134.01091117858886,119.60783500671387,0
1596031561.090149,135.80975074768065,119.60783500671387,0
1596031561.1001408,137.60828990936278,119.60783500671387,0
1596031561.1101396,139.40807361602782,119.60783500671387,0
1596031561.1201408,141.20828647613524,119.60783500671387,0
1596031561.130141,143.0083276748657,119.60783500671387,0
1596031561.140141,144.80832595825194,119.60783500671387,0
1596031561.1501575,146.6112854003906,119.60783500671387,0
1596031561.1601503,148.4099962234497,119.60783500671387,0
1596031561.1701405,150.20823497772216,119.60783500671387,0
1596031561.180159,152.01158065795897,119.60783500671387,0
1596031561.1901438,153.80883235931395,119.60783500671387,0
1596031561.2001467,155.60934562683104,119.60783500671387,0
1596031561.2101524,157.410373878479,119.60783500671387,0
1596031561.2201388,159.20792598724364,119.60783500671387,0
1596031561.230144,161.0088684082031,119.60783500671387,0
1596031561.2401426,162.80860919952391,119.60783500671387,0
1596031561.2501516,164.6102382659912,119.60783500671387,0
1596031561.2601478,166.40954990386962,119.60783500671387,0
1596031561.2701533,168.21053524017333,119.60783500671387,0
1596031561.2801456,170.00916023254393,119.60783500671387,0
1596031561.2901533,171.8105318069458,119.60783500671387,0
1596031561.3001437,173.6088134765625,119.60783500671387,0
1596031561.3101504,175.4100133895874,119.60783500671387,0
1596031561.320153,177.21048374176024,119.60783500671387,0
1596031561.330148,179.00958080291747,119.60783500671387,0
1596031561.3401408,180.80829162597655,119.60783500671387,0
1596031561.3501425,182.60859031677245,119.60783500671387,0
1596031561.3601437,184.40880317687987,119.60783500671387,0
1596031561.3701384,186.20785732269286,119.60783500671387,0
1596031561.380152,188.01030178070067,119.60783500671387,0
1596031561.3901587,189.81150169372557,119.60783500671387,0
1596031561.4001458,191.60918254852294,119.60783500671387,0
1596031561.4101532,193.41051120758056,119.60783500671387,0
1596031561.4201558,195.2109815597534,119.60783500671387,0
1596031561.4301498,197.00990695953368,119.60783500671387,0
1596031561.4401433,198.80874652862548,119.60783500671387,0
1596031561.4501421,200.60853023529052,119.60783500671387,0
1596031561.460141,202.40831394195556,119.60783500671387,0
1596031561.4701562,204.21105880737304,119.60783500671387,0
1596031561.4801495,206.0098554611206,119.60783500671387,0
1596031561.490143,207.8086950302124,119.60783500671387,0
1596031561.5001519,209.61028118133544,119.60783500671387,0
1596031561.510157,211.4112236022949,119.60783500671387,0
1596031561.5201502,213.20997734069823,119.60783500671387,0
1596031561.5301473,215.0094606399536,119.60783500671387,0
1596031561.5401568,216.81117553710936,119.60783500671387,0
1596031561.5501475,218.6095001220703,119.60783500671387,0
1596031561.5601394,220.40803928375243,119.60783500671387,0
1596031561.5701559,222.2109987258911,119.60783500671387,0
1596031561.5801513,224.0101816177368,119.60783500671387,0
1596031561.590143,225.8086778640747,119.60783500671387,0
1596031561.6001377,227.60773200988768,119.60783500671387,0
1596031561.610156,229.41103477478026,119.60783500671387,0
1596031561.6201434,231.20875854492186,119.60783500671387,0
1596031561.6301384,233.0078556060791,119.60783500671387,0
1596031561.640152,234.8103000640869,119.60783500671387,0
1596031561.6501453,236.60909671783446,119.60783500671387,0
1596031561.6601546,238.41076869964598,119.60783500671387,0
1596031561.6701388,240.2079345703125,119.60783500671387,0
1596031561.6801424,242.0085765838623,119.60783500671387,0
1596031561.6901488,243.80973358154296,119.60783500671387,0
1596031561.7001472,245.60943145751952,119.60783500671387,0
1596031561.7101455,247.40912933349608,119.60783500671387,0
1596031561.7201483,249.20964260101317,119.60783500671387,0
1596031561.7301507,251.01007003784179,119.60783500671387,0
1596031561.7401474,252.80946750640868,119.60783500671387,0
1596031561.7501438,254.60882205963134,119.60783500671387,0
1596031561.7601402,256.408176612854,119.60783500671387,0
1596031561.770143,258.2086898803711,119.60783500671387,0
1596031561.7801583,260.01143474578856,119.60783500671387,0
1596031561.7901576,261.8113042831421,119.60783500671387,0
1596031561.8001494,263.6098434448242,119.60783500671387,0
1596031561.810157,265.41121501922606,119.60783500671387,0
1596031561.8201408,267.2082950592041,119.60783500671387,0
1596031561.8301582,269.0114261627197,119.60783500671387,0
1596031561.840157,270.81120986938475,119.60783500671387,0
1596031561.8501577,272.6113368988037,119.60783500671387,0
1596031561.8601437,274.40880317687987,119.60783500671387,0
1596031561.8701575,276.2112905502319,119.60783500671387,0
1596031561.880147,278.00940055847167,119.60783500671387,0
1596031561.8901546,279.8107721328735,119.60783500671387,0
1596031561.900143,281.6086675643921,119.60783500671387,0
1596031561.9101536,283.41059703826903,119.60783500671387,0
1596031561.9201512,285.2101661682129,119.60783500671387,0
1596031561.930143,287.008705329895,119.60783500671387,0
1596031561.9401526,288.81042022705077,119.60783500671387,0
1596031561.9501462,290.60925979614257,119.60783500671387,0
1596031561.9601533,292.41054553985595,119.60783500671387,0
1596031561.9701443,294.2089130401611,119.60783500671387,0
1596031561.980154,296.0106708526611,119.60783500671387,0
1596031561.9901407,297.80826587677,119.60783500671387,0
1596031562.0001528,299.6104528427124,119.60783500671387,0
1596031562.0101552,301.410880279541,119.60783500671387,0
1596031562.0201418,303.2084753036499,119.60783500671387,0
1596031562.0301538,305.01061935424804,119.60783500671387,0
1596031562.040142,306.8085147857666,119.60783500671387,0
1596031562.0501492,308.60980052947997,119.60783500671387,0
1596031562.060151,310.4101421356201,119.60783500671387,0
1596031562.0701478,312.209539604187,119.60783500671387,0
1596031562.0801437,314.0088083267212,119.60783500671387,0
1596031562.0901456,315.8091499328613,119.60783500671387,0
1596031562.1001477,317.6095344543457,119.60783500671387,0
1596031562.110148,319.40957565307616,119.60783500671387,0
1596031562.1201546,321.21077556610106,119.60783500671387,0
1596031562.1301506,323.01004428863524,119.60783500671387,0
1596031562.1401496,324.8098709106445,119.60783500671387,0
1596031562.1501467,326.6093542098999,119.60783500671387,0
1596031562.1601577,328.4113265991211,119.60783500671387,0
1596031562.170151,330.21012325286864,119.60783500671387,0
1596031562.1801424,332.0085765838623,119.60783500671387,0
1596031562.1901417,333.8084461212158,119.60783500671387,0
1596031562.2001436,335.60878772735595,119.60783500671387,0
1596031562.2101562,337.4110605239868,119.60783500671387,0
1596031562.2201574,339.2112733840942,119.60783500671387,0
1596031562.2301576,341.0113145828247,119.60783500671387,0
1596031562.240141,342.80830879211425,119.60783500671387,0
1596031562.250157,344.6112253189087,119.60783500671387,0
1596031562.2601557,346.4109661102295,119.60783500671387,0
1596031562.27014,348.208131980896,119.60783500671387,0
1596031562.2801492,350.0098039627075,119.60783500671387,0
1596031562.290147,351.8094160079956,119.60783500671387,0
1596031562.3001482,353.609628868103,119.60783500671387,0
1596031562.3101382,355.40782470703124,119.60783500671387,0
1596031562.320151,357.21014041900634,119.60783500671387,0
1596031562.330145,359.00902290344237,119.60783500671387,0
1596031562.3356574,360,119.60783500671387,1
1596031562.3401425,360.8085920333862,119.60783500671387,0
1596031562.3501554,362.6109077453613,119.60783500671387,0
1596031562.3601427,364.4086315155029,119.60783500671387,0
1596031562.3701575,366.2112905502319,119.60783500671387,0
1596031562.3801394,368.00802726745604,119.60783500671387,0
1596031562.3901424,369.80858345031737,119.60783500671387,0
1596031562.4001505,371.6100408554077,119.60783500671387,0
1596031562.4101398,373.4081079483032,119.60783500671387,0
1596031562.4201422,375.2085353851318,119.60783500671387,0
1596031562.4301505,377.0100357055664,119.60783500671387,0
1596031562.4401417,378.8084461212158,119.60783500671387,0
1596031562.4501379,380.6077577590942,119.60783500671387,0
1596031562.4601452,382.40908641815184,119.60783500671387,0
1596031562.4701545,384.21075839996337,119.60783500671387,0
1596031562.4801526,386.0104133605957,119.60783500671387,0
1596031562.4901373,387.8076650619507,119.60783500671387,0
1596031562.500141,389.6083070755005,119.60783500671387,0
1596031562.510146,391.4092065811157,119.60783500671387,0
1596031562.5201545,393.2107498168945,119.60783500671387,0
1596031562.5301542,395.0107051849365,119.60783500671387,0
1596031562.5401397,396.8080856323242,119.60783500671387,0
1596031562.550149,398.60975761413573,119.60783500671387,0
1596031562.5601518,400.4102708816528,119.60783500671387,0
1596031562.5701416,402.2084238052368,119.60783500671387,0
1596031562.5801494,404.0098382949829,119.60783500671387,0
1596031562.5901475,405.8094932556152,119.60783500671387,0
1596031562.6001534,407.6105644226074,119.60783500671387,0
1596031562.610159,409.4115497589111,119.60783500671387,0
1596031562.62014,411.2081577301025,119.60783500671387,0
1596031562.6301534,413.0105592727661,119.60783500671387,0
1596031562.6401432,414.8087121963501,119.60783500671387,0
1596031562.6501372,416.60763759613036,119.60783500671387,0
1596031562.6601572,418.4112407684326,119.60783500671387,0
1596031562.6701381,420.2078058242798,119.60783500671387,0
1596031562.680158,422.0113660812378,119.60783500671387,0
1596031562.6901457,423.80917568206786,119.60783500671387,0
1596031562.7001522,425.6103326797485,119.60783500671387,0
1596031562.7101367,427.40754146575927,119.60783500671387,0
1596031562.7201374,429.2076684951782,119.60783500671387,0
1596031562.7301414,431.0083963394165,119.60783500671387,0
1596031562.740138,432.8077938079834,119.60783500671387,0
1596031562.750137,434.60762042999266,119.60783500671387,0
1596031562.7601538,436.4106227874756,119.60783500671387,0
1596031562.7701578,438.21135063171386,119.60783500671387,0
1596031562.7801397,440.008087348938,119.60783500671387,0
1596031562.7901545,441.810746383667,119.60783500671387,0
1596031562.8001585,443.61147422790526,119.60783500671387,0
1596031562.810142,445.40851135253905,119.60783500671387,0
1596031562.8201575,447.21129913330077,119.60783500671387,0
1596031562.8301525,449.010396194458,119.60783500671387,0
1596031562.8401375,450.8076908111572,119.60783500671387,0
1596031562.8501506,452.61004943847655,119.60783500671387,0
1596031562.8601408,454.408288192749,119.60783500671387,0
1596031562.8701513,456.2101747512817,119.60783500671387,0
1596031562.8801563,458.01107425689696,119.60783500671387,0
1596031562.8901541,459.81068630218505,119.60783500671387,0
1596031562.9001515,461.61021251678466,119.60783500671387,0
1596031562.9101365,463.4075071334839,119.60783500671387,0
1596031562.9201493,465.209822845459,119.60783500671387,0
1596031562.930142,467.0084907531738,119.60783500671387,0
1596031562.9401515,468.8102056503296,119.60783500671387,0
1596031562.9501536,470.61059017181395,119.60783500671387,0
1596031562.9601545,472.41076011657714,119.60783500671387,0
1596031562.9701388,474.20792598724364,119.60783500671387,0
1596031562.9801402,476.0081817626953,119.60783500671387,0
1596031562.9901562,477.8110553741455,119.60783500671387,0
1596031563.0001569,479.61118240356444,119.60783500671387,0
1596031563.0001569,0,119.60783500671387,0
1596031563.0101752,121.41113777160645,119.60783500671387,0
1596031563.0201666,123.2095911026001,119.60783500671387,0
1596031563.030172,125.01057643890381,119.60783500671387,0
1596031563.040166,126.80945892333985,119.60783500671387,0
1596031563.050157,128.60786933898925,119.60783500671387,0
1596031563.0601768,130.41142959594725,119.60783500671387,0
1596031563.0701718,132.21052665710448,119.60783500671387,0
1596031563.0801713,134.01043910980223,119.60783500671387,0
1596031563.0901623,135.8088066101074,119.60783500671387,0
1596031563.1001592,137.60824699401854,119.60783500671387,0
1596031563.110162,139.40876026153563,119.60783500671387,0
1596031563.1201766,141.2113763809204,119.60783500671387,0
1596031563.130178,143.01163215637206,119.60783500671387,0
1596031563.140174,144.81090087890624,119.60783500671387,0
1596031563.150177,146.61145706176757,119.60783500671387,0
1596031563.1601725,148.41063995361327,119.60783500671387,0
1596031563.1701698,150.21016616821288,119.60783500671387,0
1596031563.180168,152.0098211288452,119.60783500671387,0
1596031563.1901753,153.81114978790282,119.60783500671387,0
1596031563.2001626,155.60887355804442,119.60783500671387,0
1596031563.2101743,157.41097469329833,119.60783500671387,0
1596031563.2201736,159.21084423065184,119.60783500671387,0
1596031563.2301638,161.0090829849243,119.60783500671387,0
1596031563.2401643,162.809167098999,119.60783500671387,0
1596031563.250168,164.60985202789306,119.60783500671387,0
1596031563.2601643,166.40916366577147,119.60783500671387,0
1596031563.2701685,168.209934425354,119.60783500671387,0
1596031563.2801723,170.01061935424804,119.60783500671387,0
1596031563.2901697,171.81014556884764,119.60783500671387,0
1596031563.3001754,173.6111738204956,119.60783500671387,0
1596031563.3101747,175.4110433578491,119.60783500671387,0
1596031563.3201623,177.20881004333495,119.60783500671387,0
1596031563.330174,179.01091117858886,119.60783500671387,0
1596031563.3401587,180.80816287994384,119.60783500671387,0
1596031563.3501625,182.60884780883788,119.60783500671387,0
1596031563.3601582,184.40807361602782,119.60783500671387,0
1596031563.3701572,186.2079002380371,119.60783500671387,0
1596031563.3801763,188.0113317489624,119.60783500671387,0
1596031563.3901584,189.80811138153075,119.60783500671387,0
1596031563.4001753,191.6111566543579,119.60783500671387,0
1596031563.4101634,193.40900917053222,119.60783500671387,0
1596031563.4201736,195.2108528137207,119.60783500671387,0
1596031563.4301724,197.01063652038573,119.60783500671387,0
1596031563.4401665,198.809561920166,119.60783500671387,0
1596031563.4501634,200.60900230407714,119.60783500671387,0
1596031563.4601767,202.4114038467407,119.60783500671387,0
1596031563.4701753,204.2111446380615,119.60783500671387,0
1596031563.48017,206.0101987838745,119.60783500671387,0
1596031563.4901676,207.80976791381835,119.60783500671387,0
1596031563.5001607,209.60852165222167,119.60783500671387,0
1596031563.5101683,211.40989322662352,119.60783500671387,0
1596031563.5201764,213.21135063171386,119.60783500671387,0
1596031563.5301762,215.01130599975585,119.60783500671387,0
1596031563.5401778,216.81160469055175,119.60783500671387,0
1596031563.5501719,218.61053009033202,119.60783500671387,0
1596031563.5601635,220.4090263366699,119.60783500671387,0
1596031563.570176,222.21125621795653,119.60783500671387,0
1596031563.5801663,224.00953788757323,119.60783500671387,0
1596031563.5901663,225.80953617095946,119.60783500671387,0
1596031563.6001594,227.60828990936278,119.60783500671387,0
1596031563.6101696,229.41013355255126,119.60783500671387,0
1596031563.6201575,231.20794315338134,119.60783500671387,0
1596031563.6301656,233.00940055847167,119.60783500671387,0
1596031563.6401691,234.81004257202147,119.60783500671387,0
1596031563.6501644,236.60918254852294,119.60783500671387,0
1596031563.6601727,238.4106828689575,119.60783500671387,0
1596031563.6701703,240.21025199890136,119.60783500671387,0
1596031563.6801565,242.00776119232177,119.60783500671387,0
1596031563.6901767,243.81140727996825,119.60783500671387,0
1596031563.700165,245.6093027114868,119.60783500671387,0
1596031563.7101722,247.41058845520018,119.60783500671387,0
1596031563.7201734,249.2108013153076,119.60783500671387,0
1596031563.7301755,251.01118583679198,119.60783500671387,0
1596031563.7401738,252.81088371276854,119.60783500671387,0
1596031563.7501633,254.6089937210083,119.60783500671387,0
1596031563.760177,256.4114381790161,119.60783500671387,0
1596031563.770167,258.20967693328856,119.60783500671387,0
1596031563.7801754,260.01117725372313,119.60783500671387,0
1596031563.7901757,261.8112184524536,119.60783500671387,0
1596031563.8001726,263.61065883636473,119.60783500671387,0
1596031563.8101578,265.4079963684082,119.60783500671387,0
1596031563.8201578,267.2079946517944,119.60783500671387,0
1596031563.8301737,269.0108682632446,119.60783500671387,0
1596031563.8401732,270.81078071594237,119.60783500671387,0
1596031563.8501706,272.610306930542,119.60783500671387,0
1596031563.8601654,274.40936107635497,119.60783500671387,0
1596031563.8701763,276.21133346557616,119.60783500671387,0
1596031563.880174,278.01090259552,119.60783500671387,0
1596031563.890162,279.8087551116943,119.60783500671387,0
1596031563.9001665,281.6095687866211,119.60783500671387,0
1596031563.91017,283.4102108001709,119.60783500671387,0
1596031563.9201622,285.20879287719725,119.60783500671387,0
1596031563.930156,287.0076753616333,119.60783500671387,0
1596031563.9401562,288.80771656036376,119.60783500671387,0
1596031563.9501572,290.60788650512694,119.60783500671387,0
1596031563.960177,292.41144676208495,119.60783500671387,0
1596031563.970177,294.2114450454712,119.60783500671387,0
1596031563.9801629,296.00891132354735,119.60783500671387,0
1596031563.9901683,297.80989665985106,119.60783500671387,0
1596031564.0001607,299.60852165222167,119.60783500671387,0
1596031564.010176,301.41126651763915,119.60783500671387,0
1596031564.0201652,303.20933361053466,119.60783500671387,0
1596031564.0301635,305.0090314865112,119.60783500671387,0
1596031564.040165,306.8092872619629,119.60783500671387,0
1596031564.050175,308.6110879898071,119.60783500671387,0
1596031564.0601678,310.4097988128662,119.60783500671387,0
1596031564.0701563,312.207737159729,119.60783500671387,0
1596031564.080167,314.00966663360595,119.60783500671387,0
1596031564.090156,315.8076908111572,119.60783500671387,0
1596031564.1001754,317.61116523742675,119.60783500671387,0
1596031564.1101563,319.4077302932739,119.60783500671387,0
1596031564.1201684,321.2099172592163,119.60783500671387,0
1596031564.1301599,323.00837059020995,119.60783500671387,0
1596031564.1401684,324.80991382598876,119.60783500671387,0
1596031564.1501722,326.6105987548828,119.60783500671387,0
1596031564.1601582,328.408065032959,119.60783500671387,0
1596031564.1701634,330.20900745391845,119.60783500671387,0
1596031564.180171,332.0103790283203,119.60783500671387,0
1596031564.1901731,333.8107635498047,119.60783500671387,0
1596031564.2001646,335.60921688079833,119.60783500671387,0
1596031564.2101738,337.41088886260985,119.60783500671387,0
1596031564.220171,339.2103721618652,119.60783500671387,0
1596031564.230166,341.00946922302245,119.60783500671387,0
1596031564.2401597,342.8083517074585,119.60783500671387,0
1596031564.250174,344.610924911499,119.60783500671387,0
1596031564.2601671,346.40967864990233,119.60783500671387,0
1596031564.2701647,348.2092477798462,119.60783500671387,0
1596031564.2801697,350.0101472854614,119.60783500671387,0
1596031564.2901576,351.8079568862915,119.60783500671387,0
1596031564.3001618,353.608727645874,119.60783500671387,0
1596031564.3101737,355.41087169647216,119.60783500671387,0
1596031564.3201714,357.210440826416,119.60783500671387,0
1596031564.3301733,359.01078243255614,119.60783500671387,0
1596031564.335679,360,119.60783500671387,1
1596031564.3401668,360.80962200164794,119.60783500671387,0
1596031564.3501616,362.6086761474609,119.60783500671387,0
1596031564.3601568,364.4078161239624,119.60783500671387,0
1596031564.3701632,366.20897312164306,119.60783500671387,0
1596031564.3801708,368.0103446960449,119.60783500671387,0
1596031564.390164,369.80909843444823,119.60783500671387,0
1596031564.4001567,371.6078092575073,119.60783500671387,0
1596031564.410159,373.4082366943359,119.60783500671387,0
1596031564.4201655,375.2093936920166,119.60783500671387,0
1596031564.4301624,377.0088340759277,119.60783500671387,0
1596031564.4401586,378.80814571380614,119.60783500671387,0
1596031564.450167,380.6096460342407,119.60783500671387,0
1596031564.4601736,382.4108459472656,119.60783500671387,0
1596031564.4701738,384.2108871459961,119.60783500671387,0
1596031564.4801564,386.0077526092529,119.60783500671387,0
1596031564.4901721,387.8105833053589,119.60783500671387,0
1596031564.5001678,389.6098091125488,119.60783500671387,0
1596031564.5101752,391.41113777160643,119.60783500671387,0
1596031564.520161,393.20856113433837,119.60783500671387,0
1596031564.530163,395.00894565582274,119.60783500671387,0
1596031564.540173,396.810746383667,119.60783500671387,0
1596031564.5501652,398.60932846069335,119.60783500671387,0
1596031564.5601678,400.4097988128662,119.60783500671387,0
1596031564.5701675,402.2097541809082,119.60783500671387,0
1596031564.5801625,404.0088512420654,119.60783500671387,0
1596031564.5901577,405.8079912185669,119.60783500671387,0
1596031564.600161,407.60859031677245,119.60783500671387,0
1596031564.610175,409.4110776901245,119.60783500671387,0
1596031564.6201603,411.2084581375122,119.60783500671387,0
1596031564.6301725,413.0106451034546,119.60783500671387,0
1596031564.6401591,414.80824012756347,119.60783500671387,0
1596031564.6501734,416.610813331604,119.60783500671387,0
1596031564.6601763,418.4113265991211,119.60783500671387,0
1596031564.6701717,420.2105094909668,119.60783500671387,0
1596031564.680175,422.01110858917235,119.60783500671387,0
1596031564.6901584,423.8081027984619,119.60783500671387,0
1596031564.7001717,425.6105043411255,119.60783500671387,0
1596031564.710156,427.407670211792,119.60783500671387,0
1596031564.720164,429.2091276168823,119.60783500671387,0
1596031564.730175,431.0111000061035,119.60783500671387,0
1596031564.74017,432.81019706726073,119.60783500671387,0
1596031564.750174,434.610924911499,119.60783500671387,0
1596031564.760169,436.41002197265624,119.60783500671387,0
1596031564.770172,438.21057815551757,119.60783500671387,0
1596031564.7801723,440.01061935424804,119.60783500671387,0
1596031564.7901754,441.81117553710936,119.60783500671387,0
1596031564.800176,443.61125965118407,119.60783500671387,0
1596031564.8101637,445.40906925201415,119.60783500671387,0
1596031564.8201728,447.21069831848143,119.60783500671387,0
1596031564.8301675,449.0097524642944,119.60783500671387,0
1596031564.8401642,450.8091499328613,119.60783500671387,0
1596031564.8501768,452.6114227294922,119.60783500671387,0
1596031564.8601558,454.40764446258544,119.60783500671387,0
1596031564.8701677,456.2097885131836,119.60783500671387,0
1596031564.8801568,458.00781269073485,119.60783500671387,0
1596031564.8901696,459.81012840270995,119.60783500671387,0
1596031564.9001632,461.60896797180175,119.60783500671387,0
1596031564.9101632,463.408966255188,119.60783500671387,0
1596031564.9201577,465.2079774856567,119.60783500671387,0
1596031564.9301646,467.00922031402587,119.60783500671387,0
1596031564.9401755,468.81119270324706,119.60783500671387,0
1596031564.9501553,470.60754318237304,119.60783500671387,0
1596031564.9601674,472.4097301483154,119.60783500671387,0
1596031564.970157,474.20784015655516,119.60783500671387,0
1596031564.9801552,476.0075380325317,119.60783500671387,0
1596031564.9901695,477.81011123657225,119.60783500671387,0
1596031565.00017,479.61019535064696,119.60783500671387,0
1596031565.00017,0,119.60783500671387,0
1596031565.0101843,121.4104082107544,119.60783500671387,0
1596031565.0201719,123.20817489624024,119.60783500671387,0
1596031565.0301714,125.00808734893799,119.60783500671387,0
1596031565.040171,126.80799980163575,119.60783500671387,0
1596031565.0501893,128.6113025665283,119.60783500671387,0
1596031565.060176,130.4088975906372,119.60783500671387,0
1596031565.070185,132.21052665710448,119.60783500671387,0
1596031565.0801775,134.00919456481932,119.60783500671387,0
1596031565.0901845,135.81043739318847,119.60783500671387,0
1596031565.1001766,137.60901947021483,119.60783500671387,0
1596031565.1101878,139.41103477478026,119.60783500671387,0
1596031565.12019,141.21141929626464,119.60783500671387,0
1596031565.1301732,143.0084135055542,119.60783500671387,0
1596031565.140184,144.81034297943114,119.60783500671387,0
1596031565.150188,146.61107082366942,119.60783500671387,0
1596031565.1601884,148.41115493774413,119.60783500671387,0
1596031565.170189,150.21123905181884,119.60783500671387,0
1596031565.1801903,152.0114948272705,119.60783500671387,0
1596031565.1901896,153.811364364624,119.60783500671387,0
1596031565.2001755,155.60883064270018,119.60783500671387,0
1596031565.2101743,157.40861434936522,119.60783500671387,0
1596031565.2201753,159.2087842941284,119.60783500671387,0
1596031565.2301743,161.00861091613768,119.60783500671387,0
1596031565.24019,162.81144161224364,119.60783500671387,0
1596031565.2501812,164.60985202789306,119.60783500671387,0
1596031565.2601852,166.41057987213134,119.60783500671387,0
1596031565.2701812,168.20984859466552,119.60783500671387,0
1596031565.2801707,170.00795860290526,119.60783500671387,0
1596031565.2901866,171.81083221435546,119.60783500671387,0
1596031565.3001812,173.6098434448242,119.60783500671387,0
1596031565.310185,175.41052837371825,119.60783500671387,0
1596031565.3201764,177.2089817047119,119.60783500671387,0
1596031565.3301873,179.0109540939331,119.60783500671387,0
1596031565.340182,180.81000823974608,119.60783500671387,0
1596031565.3501713,182.6080753326416,119.60783500671387,0
1596031565.3601904,184.41150684356688,119.60783500671387,0
1596031565.3701837,186.21030349731444,119.60783500671387,0
1596031565.3801785,188.00935764312743,119.60783500671387,0
1596031565.3901734,189.80845470428466,119.60783500671387,0
1596031565.4001734,191.6084529876709,119.60783500671387,0
1596031565.4101737,193.40849418640136,119.60783500671387,0
1596031565.4201884,195.21115322113036,119.60783500671387,0
1596031565.4301717,197.0081474304199,119.60783500671387,0
1596031565.440189,198.8112356185913,119.60783500671387,0
1596031565.4501793,200.609517288208,119.60783500671387,0
1596031565.4601824,202.41007347106932,119.60783500671387,0
1596031565.4701865,204.2108013153076,119.60783500671387,0
1596031565.4801762,206.0089542388916,119.60783500671387,0
1596031565.4901824,207.81006832122802,119.60783500671387,0
1596031565.5001764,209.6089937210083,119.60783500671387,0
1596031565.5101752,211.40877742767333,119.60783500671387,0
1596031565.5201802,213.20967693328856,119.60783500671387,0
1596031565.5301745,215.00864524841307,119.60783500671387,0
1596031565.5401795,216.8095447540283,119.60783500671387,0
1596031565.550184,218.61035842895507,119.60783500671387,0
1596031565.5601823,220.41005630493163,119.60783500671387,0
1596031565.5701895,222.211342048645,119.60783500671387,0
1596031565.5801716,224.00812168121337,119.60783500671387,0
1596031565.5901875,225.81099529266356,119.60783500671387,0
1596031565.600177,227.6091053009033,119.60783500671387,0
1596031565.6101773,229.40914649963378,119.60783500671387,0
1596031565.6201901,231.21146221160888,119.60783500671387,0
1596031565.6301875,233.01098842620848,119.60783500671387,0
1596031565.6401854,234.81060047149657,119.60783500671387,0
1596031565.650183,236.61016960144042,119.60783500671387,0
1596031565.6601698,238.40780754089354,119.60783500671387,0
1596031565.6701703,240.20789165496825,119.60783500671387,0
1596031565.6801705,242.00793285369872,119.60783500671387,0
1596031565.6901872,243.81093521118163,119.60783500671387,0
1596031565.7001905,245.6115343093872,119.60783500671387,0
1596031565.7101724,247.40827102661132,119.60783500671387,0
1596031565.7201746,249.2086555480957,119.60783500671387,0
1596031565.730179,251.00946922302245,119.60783500671387,0
1596031565.7401774,252.809167098999,119.60783500671387,0
1596031565.7501774,254.60916538238524,119.60783500671387,0
1596031565.7601874,256.4109661102295,119.60783500671387,0
1596031565.7701883,258.21113605499266,119.60783500671387,0
1596031565.780184,260.0103618621826,119.60783500671387,0
1596031565.7901864,261.8107892990112,119.60783500671387,0
1596031565.8001873,263.6109592437744,119.60783500671387,0
1596031565.8101788,265.40941257476806,119.60783500671387,0
1596031565.8201694,267.207737159729,119.60783500671387,0
1596031565.830181,269.00979537963866,119.60783500671387,0
1596031565.8401897,270.8113815307617,119.60783500671387,0
1596031565.850174,272.6085474014282,119.60783500671387,0
1596031565.8601856,274.4106485366821,119.60783500671387,0
1596031565.8701694,276.20772857666014,119.60783500671387,0
1596031565.8801844,278.0104305267334,119.60783500671387,0
1596031565.890188,279.8110725402832,119.60783500671387,0
1596031565.9001849,281.6105129241943,119.60783500671387,0
1596031565.91019,283.4114553451538,119.60783500671387,0
1596031565.9201725,285.2082778930664,119.60783500671387,0
1596031565.9301727,287.00831909179686,119.60783500671387,0
1596031565.9401786,288.80939025878905,119.60783500671387,0
1596031565.950185,290.6105472564697,119.60783500671387,0
1596031565.9601753,292.4087860107422,119.60783500671387,0
1596031565.9701762,294.20895595550536,119.60783500671387,0
1596031565.9801793,296.0095121383667,119.60783500671387,0
1596031565.9901814,297.80989665985106,119.60783500671387,0
1596031566.0001895,299.6113540649414,119.60783500671387,0
1596031566.0101862,301.4107515335083,119.60783500671387,0
1596031566.0201833,303.21023483276366,119.60783500671387,0
1596031566.030185,305.01053352355956,119.60783500671387,0
1596031566.0401754,306.80881519317626,119.60783500671387,0
1596031566.0501857,308.61065883636473,119.60783500671387,0
1596031566.0601704,310.4079105377197,119.60783500671387,0
1596031566.070185,312.2105266571045,119.60783500671387,0
1596031566.0801728,314.00833625793456,119.60783500671387,0
1596031566.0901887,315.81120986938475,119.60783500671387,0
1596031566.1001709,317.6079895019531,119.60783500671387,0
1596031566.1101868,319.4108631134033,119.60783500671387,0
1596031566.1201882,321.21111888885497,119.60783500671387,0
1596031566.1301816,323.0099155426025,119.60783500671387,0
1596031566.140176,324.8089267730713,119.60783500671387,0
1596031566.150173,326.6083671569824,119.60783500671387,0
1596031566.1601887,328.41119785308837,119.60783500671387,0
1596031566.1701696,330.20776290893554,119.60783500671387,0
1596031566.1801817,332.0099498748779,119.60783500671387,0
1596031566.1901767,333.80904693603514,119.60783500671387,0
1596031566.2001798,335.6096031188965,119.60783500671387,0
1596031566.210171,337.4080135345459,119.60783500671387,0
1596031566.2201774,339.20917053222655,119.60783500671387,0
1596031566.230169,341.00766677856444,119.60783500671387,0
1596031566.2401729,342.8083517074585,119.60783500671387,0
1596031566.2501857,344.6106674194336,119.60783500671387,0
1596031566.2601798,346.40959281921386,119.60783500671387,0
1596031566.2701836,348.2102777481079,119.60783500671387,0
1596031566.2801738,350.00851650238036,119.60783500671387,0
1596031566.2901728,351.80834312438964,119.60783500671387,0
1596031566.3001745,353.60864181518554,119.60783500671387,0
1596031566.3101857,355.41065711975097,119.60783500671387,0
1596031566.320175,357.2087242126465,119.60783500671387,0
1596031566.330182,359.01000995635985,119.60783500671387,0
1596031566.3356898,360,119.60783500671387,1
1596031566.3401835,360.8102657318115,119.60783500671387,0
1596031566.3501818,362.6099636077881,119.60783500671387,0
1596031566.360183,364.4101764678955,119.60783500671387,0
1596031566.3701847,366.2104751586914,119.60783500671387,0
1596031566.3801823,368.01004428863524,119.60783500671387,0
1596031566.390188,369.8110725402832,119.60783500671387,0
1596031566.4001808,371.6097833633423,119.60783500671387,0
1596031566.4101737,373.40849418640136,119.60783500671387,0
1596031566.4201837,375.2102949142456,119.60783500671387,0
1596031566.4301794,377.00952072143554,119.60783500671387,0
1596031566.4401708,378.8079740524292,119.60783500671387,0
1596031566.450182,380.6099893569946,119.60783500671387,0
1596031566.4601893,382.41131801605223,119.60783500671387,0
1596031566.470187,384.2108871459961,119.60783500671387,0
1596031566.480175,386.0087396621704,119.60783500671387,0
1596031566.490177,387.80908126831054,119.60783500671387,0
1596031566.5001705,389.60792083740233,119.60783500671387,0
1596031566.510182,391.409979057312,119.60783500671387,0
1596031566.5201876,393.21100730895995,119.60783500671387,0
1596031566.5301785,395.0093748092651,119.60783500671387,0
1596031566.5401828,396.81014556884764,119.60783500671387,0
1596031566.5501702,398.60786933898925,119.60783500671387,0
1596031566.560174,400.4085542678833,119.60783500671387,0
1596031566.5701835,402.21026916503905,119.60783500671387,0
1596031566.5801818,404.0099670410156,119.60783500671387,0
1596031566.5901763,405.80897827148436,119.60783500671387,0
1596031566.6001735,407.60846157073973,119.60783500671387,0
1596031566.6101856,409.4106485366821,119.60783500671387,0
1596031566.6201868,411.21086139678954,119.60783500671387,0
1596031566.6301868,413.01085968017577,119.60783500671387,0
1596031566.6401722,414.80824012756347,119.60783500671387,0
1596031566.6501791,416.6094829559326,119.60783500671387,0
1596031566.6601872,418.41094036102294,119.60783500671387,0
1596031566.6701791,420.20947952270507,119.60783500671387,0
1596031566.680171,422.0080186843872,119.60783500671387,0
1596031566.6901753,423.8087894439697,119.60783500671387,0
1596031566.7001834,425.61024684906005,119.60783500671387,0
1596031566.7101889,427.41123218536376,119.60783500671387,0
1596031566.7201817,429.20994300842284,119.60783500671387,0
1596031566.7301881,431.0111000061035,119.60783500671387,0
1596031566.7401862,432.81075496673583,119.60783500671387,0
1596031566.7501872,434.610924911499,119.60783500671387,0
1596031566.7601705,436.40791912078856,119.60783500671387,0
1596031566.7701845,438.21044940948485,119.60783500671387,0
1596031566.7801843,440.01040477752684,119.60783500671387,0
1596031566.7901697,441.80778522491454,119.60783500671387,0
1596031566.8001692,443.6076976776123,119.60783500671387,0
1596031566.8101807,445.40975589752196,119.60783500671387,0
1596031566.8201714,447.2080804824829,119.60783500671387,0
1596031566.8301742,449.00859375,119.60783500671387,0
1596031566.8401818,450.80996532440184,119.60783500671387,0
1596031566.850173,452.60837574005126,119.60783500671387,0
1596031566.8601756,454.4088460922241,119.60783500671387,0
1596031566.8701825,456.21008892059325,119.60783500671387,0
1596031566.8801796,458.0095722198486,119.60783500671387,0
1596031566.8901756,459.8088409423828,119.60783500671387,0
1596031566.9001808,461.6097833633423,119.60783500671387,0
1596031566.9101803,463.40969581604,119.60783500671387,0
1596031566.9201787,465.2093936920166,119.60783500671387,0
1596031566.9301763,467.00896282196044,119.60783500671387,0
1596031566.9401708,468.8079740524292,119.60783500671387,0
1596031566.9501858,470.61067600250243,119.60783500671387,0
1596031566.96017,472.40784187316893,119.60783500671387,0
1596031566.970176,474.2089130401611,119.60783500671387,0
1596031566.9801812,476.0098554611206,119.60783500671387,0
1596031566.9901745,477.80865211486815,119.60783500671387,0
1596031567.000175,479.60873622894286,119.60783500671387,0
1596031567.000175,0,119.60783500671387,0
1596031567.01019,121.41053695678711,119.60783500671387,0
1596031567.0201807,123.20886154174805,119.60783500671387,0
1596031567.0301807,125.00885982513428,119.60783500671387,0
1596031567.04018,126.8087293624878,119.60783500671387,0
1596031567.0501957,128.61156005859374,119.60783500671387,0
1596031567.0601916,130.41082878112792,119.60783500671387,0
1596031567.0701852,132.20966835021972,119.60783500671387,0
1596031567.0801764,134.00807876586913,119.60783500671387,0
1596031567.0901873,135.81005115509032,119.60783500671387,0
1596031567.100182,137.6091053009033,119.60783500671387,0
1596031567.1101882,139.41021938323973,119.60783500671387,0
1596031567.1201768,141.20815773010253,119.60783500671387,0
1596031567.1301801,143.0087568283081,119.60783500671387,0
1596031567.1401963,144.81167335510253,119.60783500671387,0
1596031567.1501954,146.6114999771118,119.60783500671387,0
1596031567.1601813,148.40896625518798,119.60783500671387,0
1596031567.1701803,150.20879287719725,119.60783500671387,0
1596031567.1801782,152.00840492248534,119.60783500671387,0
1596031567.1901872,153.81003398895263,119.60783500671387,0
1596031567.2001882,155.6102039337158,119.60783500671387,0
1596031567.2101824,157.40917224884032,119.60783500671387,0
1596031567.2201915,159.2108013153076,119.60783500671387,0
1596031567.2301915,161.01079959869384,119.60783500671387,0
1596031567.2401857,162.80976791381835,119.60783500671387,0
1596031567.2501767,164.60813541412352,119.60783500671387,0
1596031567.2601762,166.40804786682128,119.60783500671387,0
1596031567.2701836,168.2093765258789,119.60783500671387,0
1596031567.280196,170.01160640716552,119.60783500671387,0
1596031567.29019,171.8105318069458,119.60783500671387,0
1596031567.3001864,173.60988636016845,119.60783500671387,0
1596031567.3101883,175.41022796630858,119.60783500671387,0
1596031567.320177,177.2082092285156,119.60783500671387,0
1596031567.3301764,179.00807876586913,119.60783500671387,0
1596031567.340176,180.80803413391112,119.60783500671387,0
1596031567.3501751,182.6078607559204,119.60783500671387,0
1596031567.360175,184.4078161239624,119.60783500671387,0
1596031567.3701746,186.20777149200438,119.60783500671387,0
1596031567.3801863,188.0098726272583,119.60783500671387,0
1596031567.390178,189.80836887359618,119.60783500671387,0
1596031567.4001787,191.60849590301513,119.60783500671387,0
1596031567.4101787,193.40849418640136,119.60783500671387,0
1596031567.420196,195.21162528991698,119.60783500671387,0
1596031567.430183,197.0092632293701,119.60783500671387,0
1596031567.4401915,198.81080646514891,119.60783500671387,0
1596031567.4501753,200.60788650512694,119.60783500671387,0
1596031567.4601853,202.40968723297118,119.60783500671387,0
1596031567.4701753,204.2078830718994,119.60783500671387,0
1596031567.4801946,206.01135749816893,119.60783500671387,0
1596031567.4901953,207.81148452758788,119.60783500671387,0
1596031567.500175,209.60783500671386,119.60783500671387,0
1596031567.5101852,211.40967864990233,119.60783500671387,0
1596031567.5201762,213.2080461502075,119.60783500671387,0
1596031567.530175,215.00782985687255,119.60783500671387,0
1596031567.540194,216.81126136779784,119.60783500671387,0
1596031567.550192,218.61091632843016,119.60783500671387,0
1596031567.560184,220.4094554901123,119.60783500671387,0
1596031567.5701869,222.20996875762938,119.60783500671387,0
1596031567.5801952,224.01146907806395,119.60783500671387,0
1596031567.5901892,225.81039447784423,119.60783500671387,0
1596031567.6001897,227.61047859191893,119.60783500671387,0
1596031567.6101828,229.40923233032225,119.60783500671387,0
1596031567.6201901,231.21056098937987,119.60783500671387,0
1596031567.630191,233.01073093414306,119.60783500671387,0
1596031567.6401896,234.81047172546386,119.60783500671387,0
1596031567.6501868,236.60995502471923,119.60783500671387,0
1596031567.66019,238.4105541229248,119.60783500671387,0
1596031567.6701915,240.21080989837645,119.60783500671387,0
1596031567.6801786,242.00849075317382,119.60783500671387,0
1596031567.6901946,243.811364364624,119.60783500671387,0
1596031567.700181,245.60891647338866,119.60783500671387,0
1596031567.7101808,247.40887184143065,119.60783500671387,0
1596031567.7201798,249.20869846343993,119.60783500671387,0
1596031567.7301865,251.00989837646483,119.60783500671387,0
1596031567.740196,252.8116132736206,119.60783500671387,0
1596031567.7501762,254.60804958343505,119.60783500671387,0
1596031567.760195,256.4114381790161,119.60783500671387,0
1596031567.7701898,258.2104923248291,119.60783500671387,0
1596031567.7801955,260.01152057647704,119.60783500671387,0
1596031567.7901804,261.80881519317626,119.60783500671387,0
1596031567.800182,263.60911388397216,119.60783500671387,0
1596031567.8101938,265.41121501922606,119.60783500671387,0
1596031567.820191,267.21069831848143,119.60783500671387,0
1596031567.8301835,269.0093662261963,119.60783500671387,0
1596031567.8401804,270.8088066101074,119.60783500671387,0
1596031567.8501947,272.61137981414794,119.60783500671387,0
1596031567.860175,274.4078161239624,119.60783500671387,0
1596031567.870192,276.2109043121338,119.60783500671387,0
1596031567.8801854,278.00970096588134,119.60783500671387,0
1596031567.8901885,279.81025714874266,119.60783500671387,0
1596031567.900182,281.60909671783446,119.60783500671387,0
1596031567.9101963,283.411669921875,119.60783500671387,0
1596031567.9201946,285.21136779785155,119.60783500671387,0
1596031567.9301946,287.0113660812378,119.60783500671387,0
1596031567.9401777,288.8083173751831,119.60783500671387,0
1596031567.9501793,290.608616065979,119.60783500671387,0
1596031567.9601882,292.41020221710204,119.60783500671387,0
1596031567.9701934,294.2111446380615,119.60783500671387,0
1596031567.9801853,296.00968379974364,119.60783500671387,0
1596031567.9901924,297.810969543457,119.60783500671387,0
1596031568.0001824,299.60916538238524,119.60783500671387,0
1596031568.0101962,301.4116527557373,119.60783500671387,0
1596031568.0201783,303.20843238830565,119.60783500671387,0
1596031568.0301852,305.0096752166748,119.60783500671387,0
1596031568.0401814,306.8089868545532,119.60783500671387,0
1596031568.050193,308.6110879898071,119.60783500671387,0
1596031568.060193,310.41108627319335,119.60783500671387,0
1596031568.0701945,312.211342048645,119.60783500671387,0
1596031568.0801885,314.0102674484253,119.60783500671387,0
1596031568.0901885,315.8102657318115,119.60783500671387,0
1596031568.100184,317.6094486236572,119.60783500671387,0
1596031568.110176,319.4080307006836,119.60783500671387,0
1596031568.1201782,321.20841522216796,119.60783500671387,0
1596031568.1301742,323.00768394470214,119.60783500671387,0
1596031568.140192,324.81090087890624,119.60783500671387,0
1596031568.1501951,326.61145706176757,119.60783500671387,0
1596031568.1601768,328.40815086364745,119.60783500671387,0
1596031568.1701784,330.20844955444335,119.60783500671387,0
1596031568.1801949,332.011408996582,119.60783500671387,0
1596031568.1901855,333.80973358154296,119.60783500671387,0
1596031568.2001884,335.61024684906005,119.60783500671387,0
1596031568.2101815,337.40900058746337,119.60783500671387,0
1596031568.2201817,339.20904178619384,119.60783500671387,0
1596031568.2301764,341.0080959320068,119.60783500671387,0
1596031568.2401783,342.80843753814696,119.60783500671387,0
1596031568.2501829,344.6092512130737,119.60783500671387,0
1596031568.2601917,346.41083736419677,119.60783500671387,0
1596031568.2701874,348.2100631713867,119.60783500671387,0
1596031568.280178,350.00838775634764,119.60783500671387,0
1596031568.290174,351.8076564788818,119.60783500671387,0
1596031568.300196,353.611602973938,119.60783500671387,0
1596031568.31018,355.40872592926024,119.60783500671387,0
1596031568.320192,357.2109128952026,119.60783500671387,0
1596031568.3301897,359.0104820251465,119.60783500671387,0
1596031568.335711,360,119.60783500671387,1
1596031568.3401809,360.8088924407959,119.60783500671387,0
1596031568.350174,362.6076461791992,119.60783500671387,0
1596031568.3601782,364.4084169387817,119.60783500671387,0
1596031568.3701801,366.20875854492186,119.60783500671387,0
1596031568.3801744,368.0077268600464,119.60783500671387,0
1596031568.3901935,369.81115837097167,119.60783500671387,0
1596031568.4001877,371.6101266860962,119.60783500671387,0
1596031568.4101875,373.4100820541382,119.60783500671387,0
1596031568.420175,375.207848739624,119.60783500671387,0
1596031568.4301853,377.0096923828125,119.60783500671387,0
1596031568.4401748,378.80780239105223,119.60783500671387,0
1596031568.4501863,380.6098606109619,119.60783500671387,0
1596031568.4601939,382.41123218536376,119.60783500671387,0
1596031568.470185,384.2096426010132,119.60783500671387,0
1596031568.4801905,386.0106279373169,119.60783500671387,0
1596031568.4901955,387.8115274429321,119.60783500671387,0
1596031568.5001757,389.60796375274657,119.60783500671387,0
1596031568.510185,391.4096357345581,119.60783500671387,0
1596031568.5201852,393.20967693328856,119.60783500671387,0
1596031568.5301738,395.00761528015136,119.60783500671387,0
1596031568.5401943,396.8113042831421,119.60783500671387,0
1596031568.550189,398.61035842895507,119.60783500671387,0
1596031568.560191,400.4107000350952,119.60783500671387,0
1596031568.5701852,402.2096683502197,119.60783500671387,0
1596031568.5801752,404.00786418914794,119.60783500671387,0
1596031568.590195,405.81142444610595,119.60783500671387,0
1596031568.60019,407.6105215072632,119.60783500671387,0
1596031568.6101933,409.41112060546874,119.60783500671387,0
1596031568.6201932,411.21111888885497,119.60783500671387,0
1596031568.6301932,413.0111171722412,119.60783500671387,0
1596031568.6401954,414.8115016937256,119.60783500671387,0
1596031568.650179,416.60853881835936,119.60783500671387,0
1596031568.6601746,418.4077646255493,119.60783500671387,0
1596031568.6701915,420.21080989837645,119.60783500671387,0
1596031568.6801846,422.0095636367798,119.60783500671387,0
1596031568.690179,423.8085748672485,119.60783500671387,0
1596031568.7001884,425.61024684906005,119.60783500671387,0
1596031568.7101798,427.4087001800537,119.60783500671387,0
1596031568.7201872,429.2100288391113,119.60783500671387,0
1596031568.7301857,431.0097696304321,119.60783500671387,0
1596031568.7401922,432.8109266281128,119.60783500671387,0
1596031568.7501743,434.60770626068114,119.60783500671387,0
1596031568.7601895,436.4104511260986,119.60783500671387,0
1596031568.7701938,438.21122188568114,119.60783500671387,0
1596031568.7801778,440.0083448410034,119.60783500671387,0
1596031568.790191,441.81070346832274,119.60783500671387,0
1596031568.8001926,443.61100215911864,119.60783500671387,0
1596031568.8101888,445.41031379699706,119.60783500671387,0
1596031568.820193,447.2110845565796,119.60783500671387,0
1596031568.8301764,449.00807876586913,119.60783500671387,0
1596031568.8401802,450.8087636947632,119.60783500671387,0
1596031568.850177,452.6082040786743,119.60783500671387,0
1596031568.8601766,454.40811653137206,119.60783500671387,0
1596031568.8701825,456.20918769836425,119.60783500671387,0
1596031568.8801737,458.00759811401366,119.60783500671387,0
1596031568.8901954,459.8115016937256,119.60783500671387,0
1596031568.900186,461.6098262786865,119.60783500671387,0
1596031568.9101915,463.4108116149902,119.60783500671387,0
1596031568.920195,465.21145362854,119.60783500671387,0
1596031568.9301808,467.00887699127196,119.60783500671387,0
1596031568.9401824,468.80917568206786,119.60783500671387,0
1596031568.9501905,470.6106330871582,119.60783500671387,0
1596031568.9601893,472.41041679382323,119.60783500671387,0
1596031568.9701886,474.21028633117675,119.60783500671387,0
1596031568.9801884,476.01024169921874,119.60783500671387,0
1596031568.990173,477.8074934005737,119.60783500671387,0
1596031569.0001888,479.6103240966797,119.60783500671387,0
1596031569.0001888,0,119.60783500671387,0
1596031569.0102034,121.41045112609864,119.60783500671387,0
1596031569.0202,123.20984859466553,119.60783500671387,0
1596031569.0302062,125.01096267700196,119.60783500671387,0
1596031569.040198,126.80950183868408,119.60783500671387,0
1596031569.0501916,128.60834140777587,119.60783500671387,0
1596031569.0601914,130.40829677581786,119.60783500671387,0
1596031569.0702002,132.2098829269409,119.60783500671387,0
1596031569.0802088,134.01142616271972,119.60783500671387,0
1596031569.09019,135.80803413391112,119.60783500671387,0
1596031569.1001992,137.60970611572264,119.60783500671387,0
1596031569.1102042,139.41060562133788,119.60783500671387,0
1596031569.1201982,141.20953102111815,119.60783500671387,0
1596031569.1301928,143.0085422515869,119.60783500671387,0
1596031569.1401985,144.80957050323485,119.60783500671387,0
1596031569.150207,146.61111373901366,119.60783500671387,0
1596031569.1602006,148.40995330810546,119.60783500671387,0
1596031569.1701946,150.20887870788573,119.60783500671387,0
1596031569.1802032,152.01042194366454,119.60783500671387,0
1596031569.190191,153.80823154449462,119.60783500671387,0
1596031569.2001946,155.60887355804442,119.60783500671387,0
1596031569.2101886,157.4077989578247,119.60783500671387,0
1596031569.220193,159.20856971740722,119.60783500671387,0
1596031569.2301972,161.00934047698973,119.60783500671387,0
1596031569.2401965,162.80921001434325,119.60783500671387,0
1596031569.2501898,164.6080066680908,119.60783500671387,0
1596031569.260204,166.41057987213134,119.60783500671387,0
1596031569.2701912,168.2082607269287,119.60783500671387,0
1596031569.2801964,170.00920314788817,119.60783500671387,0
1596031569.290202,171.81018848419188,119.60783500671387,0
1596031569.3001997,173.60980052947997,119.60783500671387,0
1596031569.3102064,175.41100044250487,119.60783500671387,0
1596031569.3201885,177.20778007507323,119.60783500671387,0
1596031569.3302102,179.01168365478514,119.60783500671387,0
1596031569.3401976,180.80940742492675,119.60783500671387,0
1596031569.3502045,182.6106502532959,119.60783500671387,0
1596031569.3602097,184.41159267425536,119.60783500671387,0
1596031569.3701966,186.20923061370848,119.60783500671387,0
1596031569.3802009,188.010001373291,119.60783500671387,0
1596031569.3902001,189.80987091064452,119.60783500671387,0
1596031569.40019,191.60806674957274,119.60783500671387,0
1596031569.4101954,193.40900917053222,119.60783500671387,0
1596031569.4201992,195.20969409942626,119.60783500671387,0
1596031569.4301925,197.00849075317382,119.60783500671387,0
1596031569.4401894,198.80793113708495,119.60783500671387,0
1596031569.45019,200.6080581665039,119.60783500671387,0
1596031569.460205,202.41076011657714,119.60783500671387,0
1596031569.47019,204.20805473327636,119.60783500671387,0
1596031569.4801946,206.0088684082031,119.60783500671387,0
1596031569.4902036,207.8104974746704,119.60783500671387,0
1596031569.500198,209.6094657897949,119.60783500671387,0
1596031569.5101914,211.4083053588867,119.60783500671387,0
1596031569.5201902,213.20808906555175,119.60783500671387,0
1596031569.5301921,215.00843067169188,119.60783500671387,0
1596031569.5401907,216.80817146301268,119.60783500671387,0
1596031569.5502093,218.6115171432495,119.60783500671387,0
1596031569.5602047,220.4107000350952,119.60783500671387,0
1596031569.570193,222.20859546661376,119.60783500671387,0
1596031569.58019,224.0080358505249,119.60783500671387,0
1596031569.590206,225.8109094619751,119.60783500671387,0
1596031569.6002011,227.61004943847655,119.60783500671387,0
1596031569.610192,229.40841693878173,119.60783500671387,0
1596031569.62021,231.21163387298583,119.60783500671387,0
1596031569.63019,233.00802726745604,119.60783500671387,0
1596031569.6402075,234.8112012863159,119.60783500671387,0
1596031569.650194,236.60875339508056,119.60783500671387,0
1596031569.6602087,238.41141242980956,119.60783500671387,0
1596031569.6701903,240.20810623168944,119.60783500671387,0
1596031569.6802094,242.01153774261473,119.60783500671387,0
1596031569.6902046,243.8106777191162,119.60783500671387,0
1596031569.7002048,245.61071891784667,119.60783500671387,0
1596031569.7102017,247.4101593017578,119.60783500671387,0
1596031569.7202022,249.2102434158325,119.60783500671387,0
1596031569.7301898,251.00801010131835,119.60783500671387,0
1596031569.7402086,252.8113986968994,119.60783500671387,0
1596031569.7501981,254.60950870513915,119.60783500671387,0
1596031569.7601984,256.4095499038696,119.60783500671387,0
1596031569.7701912,258.2082607269287,119.60783500671387,0
1596031569.7801988,260.00963230133056,119.60783500671387,0
1596031569.7901967,261.80924434661864,119.60783500671387,0
1596031569.8001997,263.60980052947997,119.60783500671387,0
1596031569.810188,265.4076959609985,119.60783500671387,0
1596031569.8201885,267.20778007507323,119.60783500671387,0
1596031569.830198,269.009494972229,119.60783500671387,0
1596031569.8401978,270.809450340271,119.60783500671387,0
1596031569.850202,272.6102210998535,119.60783500671387,0
1596031569.86019,274.4080307006836,119.60783500671387,0
1596031569.8702016,276.2101318359375,119.60783500671387,0
1596031569.880194,278.0087568283081,119.60783500671387,0
1596031569.8901882,279.8077251434326,119.60783500671387,0
1596031569.9001882,281.60772342681884,119.60783500671387,0
1596031569.910191,283.4082366943359,119.60783500671387,0
1596031569.9201896,285.2079774856567,119.60783500671387,0
1596031569.9302037,287.010507774353,119.60783500671387,0
1596031569.9402,288.8098623275757,119.60783500671387,0
1596031569.9501977,290.6094314575195,119.60783500671387,0
1596031569.9601958,292.40908641815184,119.60783500671387,0
1596031569.970191,294.2082263946533,119.60783500671387,0
1596031569.9801939,296.0087396621704,119.60783500671387,0
1596031569.9902055,297.8108407974243,119.60783500671387,0
1596031570.0002007,299.60998077392577,119.60783500671387,0
1596031570.0101902,301.4080907821655,119.60783500671387,0
