Timestamp,Phase,Heading,Ping?
1596031871.0000887,70.0,70.0,0
1596031871.0100994,71.80081367492676,70.0,0
1596031871.0201113,73.6029577255249,70.0,0
1596031871.0300956,75.4001235961914,70.0,0
1596031871.0401065,77.2020959854126,70.0,0
1596031871.0500977,79.00050640106201,70.0,0
1596031871.0601099,80.8026933670044,70.0,0
1596031871.070098,82.60054588317871,70.0,0
1596031871.0801008,84.4010591506958,70.0,0
1596031871.0901072,86.20221614837646,70.0,0
1596031871.1000965,88.00028324127197,70.0,0
1596031871.1101038,89.80161190032959,70.0,0
1596031871.120111,91.60289764404297,70.0,0
1596031871.130103,93.40147972106934,70.0,0
1596031871.1401107,95.20285129547119,70.0,0
1596031871.1501117,97.00302124023438,70.0,0
1596031871.160111,98.80289077758789,70.0,0
1596031871.1701136,100.60336112976074,70.0,0
1596031871.1800954,102.40009784698486,70.0,0
1596031871.1901112,104.20292854309082,70.0,0
1596031871.2001152,106.0036563873291,70.0,0
1596031871.2101142,107.80348300933838,70.0,0
1596031871.2200968,109.60034847259521,70.0,0
1596031871.2301135,111.40335083007812,70.0,0
1596031871.2401037,113.20158958435059,70.0,0
1596031871.2501073,115.00223159790039,70.0,0
1596031871.260114,116.8034315109253,70.0,0
1596031871.2701013,118.6011552810669,70.0,0
1596031871.2801065,120.40209770202637,70.0,0
1596031871.290112,122.20308303833008,70.0,0
1596031871.300097,124.0003776550293,70.0,0
1596031871.3101008,125.80106258392334,70.0,0
1596031871.3201065,127.60209083557129,70.0,0
1596031871.330105,129.4018316268921,70.0,0
1596031871.3400965,131.20028495788574,70.0,0
1596031871.3501148,133.00358772277832,70.0,0
1596031871.3601067,134.80212688446045,70.0,0
1596031871.3701065,136.60208225250244,70.0,0
1596031871.3801014,138.40117931365967,70.0,0
1596031871.390097,140.20036220550537,70.0,0
1596031871.4001098,142.00267791748047,70.0,0
1596031871.4101045,143.80173206329346,70.0,0
1596031871.4200988,145.60070037841797,70.0,0
1596031871.430108,147.4023723602295,70.0,0
1596031871.4401026,149.20138359069824,70.0,0
1596031871.4501092,151.00258350372314,70.0,0
1596031871.4600954,152.80009269714355,70.0,0
1596031871.4701133,154.60330963134766,70.0,0
1596031871.4800966,156.4003038406372,70.0,0
1596031871.4900956,158.20013046264648,70.0,0
1596031871.500114,160.00343322753906,70.0,0
1596031871.510111,161.80291652679443,70.0,0
1596031871.520106,163.60201358795166,70.0,0
1596031871.5301075,165.40226936340332,70.0,0
1596031871.5400982,167.20059394836426,70.0,0
1596031871.5501091,169.00256633758545,70.0,0
1596031871.5601048,170.8017921447754,70.0,0
1596031871.5701041,172.6016616821289,70.0,0
1596031871.5800986,174.40067291259766,70.0,0
1596031871.5901031,176.2014865875244,70.0,0
1596031871.6000998,178.0008840560913,70.0,0
1596031871.6101136,179.80337142944336,70.0,0
1596031871.6200962,181.6002368927002,70.0,0
1596031871.6301017,183.4012222290039,70.0,0
1596031871.6400986,185.20066261291504,70.0,0
1596031871.6501088,187.00250625610352,70.0,0
1596031871.6600993,188.80078792572021,70.0,0
1596031871.6701078,190.60233116149902,70.0,0
1596031871.6801066,192.40211486816406,70.0,0
1596031871.6900964,194.20026779174805,70.0,0
1596031871.7001157,196.00374221801758,70.0,0
1596031871.710096,197.80017852783203,70.0,0
1596031871.7200944,199.59991931915283,70.0,0
1596031871.7301128,201.4032220840454,70.0,0
1596031871.7400942,203.19987297058105,70.0,0
1596031871.7500978,205.00051498413086,70.0,0
1596031871.7600946,206.799955368042,70.0,0
1596031871.7701092,208.60257148742676,70.0,0
1596031871.7800996,210.40085315704346,70.0,0
1596031871.7901144,212.20351219177246,70.0,0
1596031871.8001003,214.00097846984863,70.0,0
1596031871.8101,215.80093383789062,70.0,0
1596031871.8201091,217.6025629043579,70.0,0
1596031871.830114,219.4034194946289,70.0,0
1596031871.8401098,221.2026882171631,70.0,0
1596031871.850114,223.0034589767456,70.0,0
1596031871.8601124,224.80315685272217,70.0,0
1596031871.8701077,226.60229682922363,70.0,0
1596031871.8800986,228.4006643295288,70.0,0
1596031871.8901124,230.20315170288086,70.0,0
1596031871.9001024,232.00134754180908,70.0,0
1596031871.91011,233.80271911621094,70.0,0
1596031871.9201026,235.60138702392578,70.0,0
1596031871.9301023,237.40134239196777,70.0,0
1596031871.9400992,239.2007827758789,70.0,0
1596031871.9501066,241.00211143493652,70.0,0
1596031871.9601102,242.80275344848633,70.0,0
1596031871.9701068,244.60215091705322,70.0,0
1596031871.980094,246.3998317718506,70.0,0
1596031871.9901035,248.20154666900635,70.0,0
1596031872.000114,250.00343322753906,70.0,0
1596031872.0101058,251.8019723892212,70.0,0
1596031872.020111,253.60291481018066,70.0,0
1596031872.0300992,255.40076732635498,70.0,0
1596031872.0401,257.20093727111816,70.0,0
1596031872.0500953,259.00007724761963,70.0,0
1596031872.0601034,260.80153465270996,70.0,0
1596031872.0701044,262.60170459747314,70.0,0
1596031872.080116,264.40380573272705,70.0,0
1596031872.0901003,266.20097160339355,70.0,0
1596031872.100115,268.00363063812256,70.0,0
1596031872.1101146,269.8035430908203,70.0,0
1596031872.120105,271.601824760437,70.0,0
1596031872.1301136,273.4033679962158,70.0,0
1596031872.140105,275.2018213272095,70.0,0
1596031872.150103,277.0014762878418,70.0,0
1596031872.1601028,278.8014316558838,70.0,0
1596031872.1701014,280.6011724472046,70.0,0
1596031872.180116,282.40378856658936,70.0,0
1596031872.1900957,284.20013904571533,70.0,0
1596031872.200097,286.000394821167,70.0,0
1596031872.2101002,287.8009510040283,70.0,0
1596031872.220097,289.60039138793945,70.0,0
1596031872.2301118,291.40305042266846,70.0,0
1596031872.2401142,293.20347785949707,70.0,0
1596031872.2500944,294.9999141693115,70.0,0
1596031872.2601132,296.8033027648926,70.0,0
1596031872.2632227,297.36300468444824,70.0,0
1596031872.2632227,341.2089014053345,113.84589672088623,0
1596031872.2701154,342.4495840072632,113.84589672088623,0
1596031872.280108,344.248251914978,113.84589672088623,0
1596031872.2901046,346.0476493835449,113.84589672088623,0
1596031872.3001125,347.849063873291,113.84589672088623,0
1596031872.3101027,349.6473026275635,113.84589672088623,0
1596031872.3200982,351.4464855194092,113.84589672088623,0
1596031872.322082,351.8035840988159,113.84589672088623,0
1596031872.322082,357.5410752296448,119.58338785171509,0
1596031872.330101,358.9844899177551,119.58338785171509,0
1596031872.335747,360,119.58338785171509,1
1596031872.3400965,360.78367280960083,119.58338785171509,0
1596031872.3501017,362.5846152305603,119.58338785171509,0
1596031872.3600986,364.38405561447144,119.58338785171509,0
1596031872.370095,366.1834101676941,119.58338785171509,0
1596031872.3801036,367.9849534034729,119.58338785171509,0
1596031872.3901098,369.7860674858093,119.58338785171509,0
1596031872.40011,371.5861086845398,119.58338785171509,0
1596031872.4101148,373.3869652748108,119.58338785171509,0
1596031872.4201005,375.1843886375427,119.58338785171509,0
1596031872.4301152,376.98704767227173,119.58338785171509,0
1596031872.4401097,378.7860589027405,119.58338785171509,0
1596031872.4501104,380.5861859321594,119.58338785171509,0
1596031872.4601135,382.38674211502075,119.58338785171509,0
1596031872.470097,384.18377923965454,119.58338785171509,0
1596031872.480096,385.9836058616638,119.58338785171509,0
1596031872.490104,387.7850203514099,119.58338785171509,0
1596031872.5001113,389.58634901046753,119.58338785171509,0
1596031872.5100975,391.38385820388794,119.58338785171509,0
1596031872.5200946,393.1833415031433,119.58338785171509,0
1596031872.5300999,394.9842839241028,119.58338785171509,0
1596031872.5401,396.78432512283325,119.58338785171509,0
1596031872.5500996,398.584237575531,119.58338785171509,0
1596031872.5601125,400.3865532875061,119.58338785171509,0
1596031872.5701048,402.1851782798767,119.58338785171509,0
1596031872.5800955,403.98350286483765,119.58338785171509,0
1596031872.5901043,405.7850890159607,119.58338785171509,0
1596031872.6001089,407.58590269088745,119.58338785171509,0
1596031872.6101148,409.38697385787964,119.58338785171509,0
1596031872.6201134,411.18671464920044,119.58338785171509,0
1596031872.6301045,412.98512506484985,119.58338785171509,0
1596031872.6401057,414.7853379249573,119.58338785171509,0
1596031872.6501074,416.5856366157532,119.58338785171509,0
1596031872.6601088,418.38589239120483,119.58338785171509,0
1596031872.6701047,420.185161113739,119.58338785171509,0
1596031872.6800997,421.98425817489624,119.58338785171509,0
1596031872.6900997,423.78425645828247,119.58338785171509,0
1596031872.7001107,425.58622884750366,119.58338785171509,0
1596031872.710102,427.3846821784973,119.58338785171509,0
1596031872.7201061,429.1854100227356,119.58338785171509,0
1596031872.730111,430.9862666130066,119.58338785171509,0
1596031872.7401106,432.7862219810486,119.58338785171509,0
1596031872.7501116,434.58639192581177,119.58338785171509,0
1596031872.7600956,436.38351488113403,119.58338785171509,0
1596031872.7701101,438.1861310005188,119.58338785171509,0
1596031872.7801015,439.98458433151245,119.58338785171509,0
1596031872.7900949,441.78338098526,119.58338785171509,0
1596031872.8001149,443.58698415756226,119.58338785171509,0
1596031872.8100934,445.38312005996704,119.58338785171509,0
1596031872.82011,447.18612241744995,119.58338785171509,0
1596031872.8300955,448.98350286483765,119.58338785171509,0
1596031872.8401153,450.78706312179565,119.58338785171509,0
1596031872.8500984,452.58401441574097,119.58338785171509,0
1596031872.8601086,454.38585805892944,119.58338785171509,0
1596031872.8701127,456.1865859031677,119.58338785171509,0
1596031872.8801155,457.9870991706848,119.58338785171509,0
1596031872.8901114,459.786367893219,119.58338785171509,0
1596031872.9000943,461.58327627182007,119.58338785171509,0
1596031872.9101121,463.38649320602417,119.58338785171509,0
1596031872.9201038,465.18498945236206,119.58338785171509,0
1596031872.9300978,466.98391485214233,119.58338785171509,0
1596031872.940104,468.78502893447876,119.58338785171509,0
1596031872.9500964,470.58365392684937,119.58338785171509,0
1596031872.9601057,472.3853259086609,119.58338785171509,0
1596031872.9701114,474.18635416030884,119.58338785171509,0
1596031872.9800985,475.9840350151062,119.58338785171509,0
1596031872.9901097,477.78605031967163,119.58338785171509,0
1596031872.9959626,478.8395791053772,119.58338785171509,0
1596031872.9959626,479.3602452278137,119.58338785171509,0
1596031873.0000958,480.10422563552856,119.58338785171509,0
1596031873.0000958,0,119.58338785171509,0
1596031873.0101092,121.38578939437866,119.58338785171509,0
1596031873.0201058,123.18518686294556,119.58338785171509,0
1596031873.0301173,124.98724508285522,119.58338785171509,0
1596031873.040116,126.78702878952026,119.58338785171509,0
1596031873.0501082,128.58561086654663,119.58338785171509,0
1596031873.0601122,130.3863387107849,119.58338785171509,0
1596031873.070109,132.1857361793518,119.58338785171509,0
1596031873.0801015,133.98440408706665,119.58338785171509,0
1596031873.090108,135.78556108474731,119.58338785171509,0
1596031873.100105,137.58504438400269,119.58338785171509,0
1596031873.110109,139.38577222824097,119.58338785171509,0
1596031873.1201103,141.1859850883484,119.58338785171509,0
1596031873.1301138,142.9866271018982,119.58338785171509,0
1596031873.1401086,144.78568124771118,119.58338785171509,0
1596031873.1501129,146.5864520072937,119.58338785171509,0
1596031873.1601126,148.3864073753357,119.58338785171509,0
1596031873.1701143,150.1867060661316,119.58338785171509,0
1596031873.1801133,151.98653268814087,119.58338785171509,0
1596031873.1901069,153.78537225723267,119.58338785171509,0
1596031873.2001145,155.58674383163452,119.58338785171509,0
1596031873.2101023,157.3845534324646,119.58338785171509,0
1596031873.2201126,159.18639707565308,119.58338785171509,0
1596031873.2301164,160.98708200454712,119.58338785171509,0
1596031873.2401114,162.78617906570435,119.58338785171509,0
1596031873.2500982,164.58381700515747,119.58338785171509,0
1596031873.260112,166.38630437850952,119.58338785171509,0
1596031873.2701123,168.18634557724,119.58338785171509,0
1596031873.2801077,169.9855284690857,119.58338785171509,0
1596031873.290102,171.7844967842102,119.58338785171509,0
1596031873.3001173,173.58724164962769,119.58338785171509,0
1596031873.3101094,175.38582372665405,119.58338785171509,0
1596031873.320116,177.18702363967896,119.58338785171509,0
1596031873.330114,178.98663568496704,119.58338785171509,0
1596031873.340111,180.7861189842224,119.58338785171509,0
1596031873.3501036,182.58478689193726,119.58338785171509,0
1596031873.3601172,184.38723134994507,119.58338785171509,0
1596031873.3701012,186.18435430526733,119.58338785171509,0
1596031873.3800964,187.9834942817688,119.58338785171509,0
1596031873.3901076,189.78550958633423,119.58338785171509,0
1596031873.4001162,191.58705282211304,119.58338785171509,0
1596031873.4101021,193.3845191001892,119.58338785171509,0
1596031873.4201136,195.18657732009888,119.58338785171509,0
1596031873.4301026,196.98460149765015,119.58338785171509,0
1596031873.4401035,198.78477144241333,119.58338785171509,0
1596031873.450101,200.58429765701294,119.58338785171509,0
1596031873.4601176,202.38730001449585,119.58338785171509,0
1596031873.4701118,204.18626832962036,119.58338785171509,0
1596031873.4801004,205.98420667648315,119.58338785171509,0
1596031873.4901137,207.78660821914673,119.58338785171509,0
1596031873.5001063,209.58527612686157,119.58338785171509,0
1596031873.5101092,211.38578939437866,119.58338785171509,0
1596031873.5201132,213.18651723861694,119.58338785171509,0
1596031873.5301137,214.98660135269165,119.58338785171509,0
1596031873.5401058,216.78518342971802,119.58338785171509,0
1596031873.5501127,218.58642625808716,119.58338785171509,0
1596031873.5601165,220.3871111869812,119.58338785171509,0
1596031873.570116,222.18702363967896,119.58338785171509,0
1596031873.5801136,223.9865927696228,119.58338785171509,0
1596031873.590097,225.78358697891235,119.58338785171509,0
1596031873.6000998,227.58410024642944,119.58338785171509,0
1596031873.6101174,229.3872742652893,119.58338785171509,0
1596031873.6201148,231.18680047988892,119.58338785171509,0
1596031873.6301088,232.9857258796692,119.58338785171509,0
1596031873.6400976,234.78370714187622,119.58338785171509,0
1596031873.6501074,236.58546495437622,119.58338785171509,0
1596031873.6600957,238.38336038589478,119.58338785171509,0
1596031873.670114,240.18666315078735,119.58338785171509,0
1596031873.6800995,241.98404359817505,119.58338785171509,0
1596031873.6900997,243.78408479690552,119.58338785171509,0
1596031873.7001019,245.5844693183899,119.58338785171509,0
1596031873.7100961,247.3834376335144,119.58338785171509,0
1596031873.7200973,249.18365049362183,119.58338785171509,0
1596031873.7301037,250.9848074913025,119.58338785171509,0
1596031873.7401009,252.78429079055786,119.58338785171509,0
1596031873.7500951,254.58325910568237,119.58338785171509,0
1596031873.7600982,256.3838152885437,119.58338785171509,0
1596031873.7701147,258.1867747306824,119.58338785171509,0
1596031873.7801154,259.9869017601013,119.58338785171509,0
1596031873.7901123,261.78634214401245,119.58338785171509,0
1596031873.8001113,263.58616876602173,119.58338785171509,0
1596031873.8101153,265.38689661026,119.58338785171509,0
1596031873.8200982,267.1838049888611,119.58338785171509,0
1596031873.8300977,268.98371744155884,119.58338785171509,0
1596031873.8401043,270.78491735458374,119.58338785171509,0
1596031873.850097,272.5835852622986,119.58338785171509,0
1596031873.8601027,274.38461351394653,119.58338785171509,0
1596031873.8701167,276.1871438026428,119.58338785171509,0
1596031873.8801064,277.9852967262268,119.58338785171509,0
1596031873.8901062,279.7852520942688,119.58338785171509,0
1596031873.9001021,281.584520816803,119.58338785171509,0
1596031873.9101098,283.38589239120483,119.58338785171509,0
1596031873.9200993,285.1840023994446,119.58338785171509,0
1596031873.9300961,286.9834427833557,119.58338785171509,0
1596031873.940115,288.78683137893677,119.58338785171509,0
1596031873.9501112,290.5861430168152,119.58338785171509,0
1596031873.9601164,292.38708543777466,119.58338785171509,0
1596031873.9700992,294.18399381637573,119.58338785171509,0
1596031873.9801013,295.9843783378601,119.58338785171509,0
1596031873.990095,297.7832179069519,119.58338785171509,0
1596031874.0001092,299.58579111099243,119.58338785171509,0
1596031874.0101116,301.38621854782104,119.58338785171509,0
1596031874.0201106,303.1860451698303,119.58338785171509,0
1596031874.0300982,304.98381185531616,119.58338785171509,0
1596031874.040117,306.7872004508972,119.58338785171509,0
1596031874.0501144,308.5867266654968,119.58338785171509,0
1596031874.0601008,310.3842787742615,119.58338785171509,0
1596031874.0701025,312.1845774650574,119.58338785171509,0
1596031874.0800993,313.9840178489685,119.58338785171509,0
1596031874.090116,315.7870202064514,119.58338785171509,0
1596031874.100097,317.5835852622986,119.58338785171509,0
1596031874.110117,319.38718843460083,119.58338785171509,0
1596031874.1200979,321.183753490448,119.58338785171509,0
1596031874.130102,322.9844813346863,119.58338785171509,0
1596031874.1400976,324.7837071418762,119.58338785171509,0
1596031874.1501005,326.5842204093933,119.58338785171509,0
1596031874.1601148,328.38679361343384,119.58338785171509,0
1596031874.17011,330.1859335899353,119.58338785171509,0
1596031874.180107,331.9854168891907,119.58338785171509,0
1596031874.1900973,333.78365564346313,119.58338785171509,0
1596031874.200111,335.58610010147095,119.58338785171509,0
1596031874.210095,337.3832230567932,119.58338785171509,0
1596031874.220114,339.1866545677185,119.58338785171509,0
1596031874.2301152,340.9868674278259,119.58338785171509,0
1596031874.2401052,342.78506326675415,119.58338785171509,0
1596031874.250107,344.5854048728943,119.58338785171509,0
1596031874.2601078,346.38553190231323,119.58338785171509,0
1596031874.2701163,348.18707513809204,119.58338785171509,0
1596031874.28011,349.98591470718384,119.58338785171509,0
1596031874.2901034,351.78475427627563,119.58338785171509,0
1596031874.3001037,353.5847954750061,119.58338785171509,0
1596031874.310102,355.38449335098267,119.58338785171509,0
1596031874.3201141,357.18668031692505,119.58338785171509,0
1596031874.3301165,358.98710775375366,119.58338785171509,0
1596031874.3357596,360,119.58338785171509,1
1596031874.3401024,360.78457403182983,119.58338785171509,0
1596031874.3501136,362.58658933639526,119.58338785171509,0
1596031874.3601153,364.38688802719116,119.58338785171509,0
1596031874.3701148,366.1868004798889,119.58338785171509,0
1596031874.3801017,367.98443841934204,119.58338785171509,0
1596031874.3901136,369.7865824699402,119.58338785171509,0
1596031874.4001117,371.5862374305725,119.58338785171509,0
1596031874.4101,373.38413286209106,119.58338785171509,0
1596031874.4201005,375.18421697616577,119.58338785171509,0
1596031874.430099,376.9839577674866,119.58338785171509,0
1596031874.4400983,378.7838273048401,119.58338785171509,0
1596031874.4500973,380.58365392684937,119.58338785171509,0
1596031874.4601073,382.3854546546936,119.58338785171509,0
1596031874.470097,384.1836075782776,119.58338785171509,0
1596031874.480111,385.98609495162964,119.58338785171509,0
1596031874.4885752,387.5096755027771,119.58338785171509,0
1596031874.4885752,451.9612741470337,119.58338785171509,0
1596031874.4901135,452.2381639480591,119.58338785171509,0
1596031874.5001037,454.03640270233154,119.58338785171509,0
1596031874.5101047,455.8365726470947,119.58338785171509,0
1596031874.5201046,457.63657093048096,119.58338785171509,0
1596031874.530106,459.4368267059326,119.58338785171509,0
1596031874.540106,461.23682498931885,119.58338785171509,0
1596031874.5500944,463.0347204208374,119.58338785171509,0
1596031874.560109,464.83733654022217,119.58338785171509,0
1596031874.570108,466.63716316223145,119.58338785171509,0
1596031874.5801,468.4357452392578,119.58338785171509,0
1596031874.5901034,470.2363443374634,119.58338785171509,0
1596031874.6001096,472.0374584197998,119.58338785171509,0
1596031874.6101055,473.836727142334,119.58338785171509,0
1596031874.6201038,475.63642501831055,119.58338785171509,0
1596031874.6301072,477.4370241165161,119.58338785171509,0
1596031874.6401026,479.2362070083618,119.58338785171509,0
1596031874.6501112,481.0377502441406,119.58338785171509,0
1596031874.6601014,482.8359889984131,119.58338785171509,0
1596031874.6701045,484.6365451812744,119.58338785171509,0
1596031874.6801114,486.43778800964355,119.58338785171509,0
1596031874.6900964,488.2350826263428,119.58338785171509,0
1596031874.700107,490.0370121002197,119.58338785171509,0
1596031874.710109,491.83735370635986,119.58338785171509,0
1596031874.7201045,493.63653659820557,119.58338785171509,0
1596031874.7300987,495.4355049133301,119.58338785171509,0
1596031874.7401073,497.2370481491089,119.58338785171509,0
1596031874.750105,499.03661727905273,119.58338785171509,0
1596031874.760115,500.838418006897,119.58338785171509,0
1596031874.770105,502.6366138458252,119.58338785171509,0
1596031874.7800977,504.4353246688843,119.58338785171509,0
1596031874.7901056,506.23673915863037,119.58338785171509,0
1596031874.8001082,508.0372095108032,119.58338785171509,0
1596031874.8101125,509.83798027038574,119.58338785171509,0
1596031874.820116,511.63862228393555,119.58338785171509,0
1596031874.8301036,513.4363889694214,119.58338785171509,0
1596031874.840095,515.234842300415,119.58338785171509,0
1596031874.850111,517.0377159118652,119.58338785171509,0
1596031874.8601084,518.8372421264648,119.58338785171509,0
1596031874.8701096,520.6374549865723,119.58338785171509,0
1596031874.8801045,522.4365520477295,119.58338785171509,0
1596031874.890096,524.2350053787231,119.58338785171509,0
1596031874.9001148,526.0383939743042,119.58338785171509,0
1596031874.9100983,527.835431098938,119.58338785171509,0
1596031874.920103,529.636287689209,119.58338785171509,0
1596031874.930099,531.4355564117432,119.58338785171509,0
1596031874.9401143,533.2383012771606,119.58338785171509,0
1596031874.9501066,535.0369262695312,119.58338785171509,0
1596031874.960106,536.8367958068848,119.58338785171509,0
1596031874.9700963,538.6350774765015,119.58338785171509,0
1596031874.9801116,540.437822341919,119.58338785171509,0
1596031874.9900997,542.2356748580933,119.58338785171509,0
1596031874.9974415,543.5572099685669,119.58338785171509,0
1596031874.9974415,498.77553448677065,119.58338785171509,0
1596031875.0001154,499.256830072403,119.58338785171509,0
1596031875.0001154,0,119.58338785171509,0
1596031875.0101154,121.38338613510132,119.58338785171509,0
1596031875.0201306,123.1861310005188,119.58338785171509,0
1596031875.0301228,124.98471307754517,119.58338785171509,0
1596031875.0401301,126.78604173660278,119.58338785171509,0
1596031875.0501301,128.586040019989,119.58338785171509,0
1596031875.0601304,130.38608121871948,119.58338785171509,0
1596031875.0701263,132.18534994125366,119.58338785171509,0
1596031875.0801184,133.98393201828003,119.58338785171509,0
1596031875.0901241,135.78496026992798,119.58338785171509,0
1596031875.100126,137.58530187606812,119.58338785171509,0
1596031875.1101363,139.3871455192566,119.58338785171509,0
1596031875.1201205,141.1843113899231,119.58338785171509,0
1596031875.1301339,142.98671293258667,119.58338785171509,0
1596031875.1401231,144.78478002548218,119.58338785171509,0
1596031875.150132,146.58636617660522,119.58338785171509,0
1596031875.1601295,148.38593530654907,119.58338785171509,0
1596031875.170124,150.18494653701782,119.58338785171509,0
1596031875.180116,151.98348569869995,119.58338785171509,0
1596031875.1901288,153.78580141067505,119.58338785171509,0
1596031875.200136,155.58708715438843,119.58338785171509,0
1596031875.2101352,157.38695669174194,119.58338785171509,0
1596031875.2201285,159.1857533454895,119.58338785171509,0
1596031875.2301326,160.98648118972778,119.58338785171509,0
1596031875.2401223,162.78463411331177,119.58338785171509,0
1596031875.2501163,164.58355951309204,119.58338785171509,0
1596031875.2601314,166.38626146316528,119.58338785171509,0
1596031875.270125,168.18510103225708,119.58338785171509,0
1596031875.280132,169.98638677597046,119.58338785171509,0
1596031875.2901337,171.78668546676636,119.58338785171509,0
1596031875.300125,173.58509588241577,119.58338785171509,0
1596031875.3101196,175.38415002822876,119.58338785171509,0
1596031875.3201306,177.18612241744995,119.58338785171509,0
1596031875.3301306,178.98612070083618,119.58338785171509,0
1596031875.3401306,180.7861189842224,119.58338785171509,0
1596031875.3501163,182.58354234695435,119.58338785171509,0
1596031875.3601282,184.3856863975525,119.58338785171509,0
1596031875.3701277,186.18559885025024,119.58338785171509,0
1596031875.3801334,187.9866271018982,119.58338785171509,0
1596031875.3901355,189.78701162338257,119.58338785171509,0
1596031875.400136,191.58709573745728,119.58338785171509,0
1596031875.4101198,193.3841757774353,119.58338785171509,0
1596031875.4201157,195.18344449996948,119.58338785171509,0
1596031875.4301343,196.9867901802063,119.58338785171509,0
1596031875.4401205,198.7842993736267,119.58338785171509,0
1596031875.4501364,200.5871729850769,119.58338785171509,0
1596031875.4601197,202.38416719436646,119.58338785171509,0
1596031875.4701302,204.18605375289917,119.58338785171509,0
1596031875.480126,205.9852795600891,119.58338785171509,0
1596031875.4901178,207.78381872177124,119.58338785171509,0
1596031875.500124,209.58493280410767,119.58338785171509,0
1596031875.510121,211.38441610336304,119.58338785171509,0
1596031875.520135,213.1869034767151,119.58338785171509,0
1596031875.530115,214.9832968711853,119.58338785171509,0
1596031875.5401275,216.78556966781616,119.58338785171509,0
1596031875.5501304,218.58608293533325,119.58338785171509,0
1596031875.5601351,220.38693952560425,119.58338785171509,0
1596031875.5701294,222.18590784072876,119.58338785171509,0
1596031875.5801234,223.98483324050903,119.58338785171509,0
1596031875.5901234,225.78483152389526,119.58338785171509,0
1596031875.6001353,227.5869755744934,119.58338785171509,0
1596031875.6101196,229.3841414451599,119.58338785171509,0
1596031875.6201308,231.18615674972534,119.58338785171509,0
1596031875.6301334,232.9866271018982,119.58338785171509,0
1596031875.6401196,234.7841362953186,119.58338785171509,0
1596031875.650132,236.58636617660522,119.58338785171509,0
1596031875.660129,238.3858494758606,119.58338785171509,0
1596031875.6701329,240.18653440475464,119.58338785171509,0
1596031875.6801202,241.98425817489624,119.58338785171509,0
1596031875.690123,243.78477144241333,119.58338785171509,0
1596031875.7001352,245.5869584083557,119.58338785171509,0
1596031875.7101257,247.3852400779724,119.58338785171509,0
1596031875.7201364,249.18716955184937,119.58338785171509,0
1596031875.730122,250.9845929145813,119.58338785171509,0
1596031875.7401223,252.78463411331177,119.58338785171509,0
1596031875.7501228,254.58471822738647,119.58338785171509,0
1596031875.760117,256.383686542511,119.58338785171509,0
1596031875.770136,258.1871180534363,119.58338785171509,0
1596031875.78013,259.9860005378723,119.58338785171509,0
1596031875.7901227,261.7847113609314,119.58338785171509,0
1596031875.800116,263.58350801467896,119.58338785171509,0
1596031875.8101325,265.3864674568176,119.58338785171509,0
1596031875.8201163,267.18354749679565,119.58338785171509,0
1596031875.8301287,268.9857773780823,119.58338785171509,0
1596031875.8401308,270.78616189956665,119.58338785171509,0
1596031875.8501284,272.5857310295105,119.58338785171509,0
1596031875.860133,274.38654470443726,119.58338785171509,0
1596031875.8701186,276.1839680671692,119.58338785171509,0
1596031875.880126,277.9852967262268,119.58338785171509,0
1596031875.8901336,279.78666830062866,119.58338785171509,0
1596031875.9001195,281.58413457870483,119.58338785171509,0
1596031875.9101171,283.3837037086487,119.58338785171509,0
1596031875.920123,285.18477487564087,119.58338785171509,0
1596031875.9301257,286.9852452278137,119.58338785171509,0
1596031875.9401314,288.78627347946167,119.58338785171509,0
1596031875.9501364,290.5871729850769,119.58338785171509,0
1596031875.960121,292.38438177108765,119.58338785171509,0
1596031875.9701223,294.1846375465393,119.58338785171509,0
1596031875.980129,295.9858374595642,119.58338785171509,0
1596031875.990117,297.7836899757385,119.58338785171509,0
1596031876.000124,299.58493280410767,119.58338785171509,0
1596031876.010127,301.385488986969,119.58338785171509,0
1596031876.0201159,303.183470249176,119.58338785171509,0
1596031876.0301185,304.9839406013489,119.58338785171509,0
1596031876.0401318,306.78634214401245,119.58338785171509,0
1596031876.0501199,308.58419466018677,119.58338785171509,0
1596031876.0601346,310.38685369491577,119.58338785171509,0
1596031876.0701158,312.1834616661072,119.58338785171509,0
1596031876.080116,313.98350286483765,119.58338785171509,0
1596031876.0901194,315.7841019630432,119.58338785171509,0
1596031876.1001232,317.58478689193726,119.58338785171509,0
1596031876.1101258,319.3852572441101,119.58338785171509,0
1596031876.1201162,321.1835389137268,119.58338785171509,0
1596031876.1301243,322.98499631881714,119.58338785171509,0
1596031876.1401184,324.7839217185974,119.58338785171509,0
1596031876.1501234,326.58482122421265,119.58338785171509,0
1596031876.160117,328.38366079330444,119.58338785171509,0
1596031876.1701353,330.186963558197,119.58338785171509,0
1596031876.1801217,331.98451566696167,119.58338785171509,0
1596031876.1901178,333.7838273048401,119.58338785171509,0
1596031876.2001345,335.586829662323,119.58338785171509,0
1596031876.2101245,337.3850255012512,119.58338785171509,0
1596031876.2201302,339.18605375289917,119.58338785171509,0
1596031876.2301154,340.9833912849426,119.58338785171509,0
1596031876.2401342,342.7867798805237,119.58338785171509,0
1596031876.2501345,344.58682107925415,119.58338785171509,0
1596031876.2601242,346.38497400283813,119.58338785171509,0
1596031876.2701225,348.1846718788147,119.58338785171509,0
1596031876.2801266,349.985399723053,119.58338785171509,0
1596031876.2901185,351.7839388847351,119.58338785171509,0
1596031876.300121,353.58440923690796,119.58338785171509,0
1596031876.3101282,355.38569498062134,119.58338785171509,0
1596031876.3201332,357.1865944862366,119.58338785171509,0
1596031876.3301282,358.9856915473938,119.58338785171509,0
1596031876.3357852,360,119.58338785171509,1
1596031876.3401198,360.7841877937317,119.58338785171509,0
1596031876.3501356,362.58701848983765,119.58338785171509,0
1596031876.3601162,364.3835406303406,119.58338785171509,0
1596031876.3701146,366.18323850631714,119.58338785171509,0
1596031876.3801196,367.9841380119324,119.58338785171509,0
1596031876.3901305,369.78611040115356,119.58338785171509,0
1596031876.4001265,371.58537912368774,119.58338785171509,0
1596031876.410122,373.38456201553345,119.58338785171509,0
1596031876.420123,375.18477487564087,119.58338785171509,0
1596031876.4301283,376.98571729660034,119.58338785171509,0
1596031876.4401157,378.78344106674194,119.58338785171509,0
1596031876.4501193,380.58408308029175,119.58338785171509,0
1596031876.4601328,382.38652753829956,119.58338785171509,0
1596031876.470125,384.1851096153259,119.58338785171509,0
1596031876.4801157,385.98343420028687,119.58338785171509,0
1596031876.490133,387.7865653038025,119.58338785171509,0
1596031876.5001192,389.5840744972229,119.58338785171509,0
1596031876.501326,389.8013119697571,119.58338785171509,0
1596031876.501326,452.6487650871277,119.58338785171509,0
1596031876.5101233,454.2322554588318,119.58338785171509,0
1596031876.5201292,456.033326625824,119.58338785171509,0
1596031876.5301266,457.8328528404236,119.58338785171509,0
1596031876.5401149,459.63074827194214,119.58338785171509,0
1596031876.5501351,461.4343943595886,119.58338785171509,0
1596031876.5601292,463.2333197593689,119.58338785171509,0
1596031876.5701196,465.0316014289856,119.58338785171509,0
1596031876.5801272,466.83297300338745,119.58338785171509,0
1596031876.5901213,468.6318984031677,119.58338785171509,0
1596031876.6001203,470.431725025177,119.58338785171509,0
1596031876.6101167,472.23107957839966,119.58338785171509,0
1596031876.6201296,474.03339529037476,119.58338785171509,0
1596031876.630129,475.8333077430725,119.58338785171509,0
1596031876.6401207,477.6318039894104,119.58338785171509,0
1596031876.6501253,479.43261766433716,119.58338785171509,0
1596031876.660115,481.23077058792114,119.58338785171509,0
1596031876.6701207,483.0317988395691,119.58338785171509,0
1596031876.6801188,484.8314538002014,119.58338785171509,0
1596031876.6901336,486.6341128349304,119.58338785171509,0
1596031876.7001228,488.4321799278259,119.58338785171509,0
1596031876.7101285,490.2332081794739,119.58338785171509,0
1596031876.720118,492.0313181877136,119.58338785171509,0
1596031876.730114,493.8305869102478,119.58338785171509,0
1596031876.7401152,495.6307997703552,119.58338785171509,0
1596031876.750115,497.4307551383972,119.58338785171509,0
1596031876.760127,499.2329421043396,119.58338785171509,0
1596031876.7701232,501.032253742218,119.58338785171509,0
1596031876.7801254,502.8326382637024,119.58338785171509,0
1596031876.7901177,504.631263256073,119.58338785171509,0
1596031876.8001263,506.4328064918518,119.58338785171509,0
1596031876.8101244,508.23246145248413,119.58338785171509,0
1596031876.8201282,510.0331463813782,119.58338785171509,0
1596031876.8301349,511.8343462944031,119.58338785171509,0
1596031876.8401282,513.6331429481506,119.58338785171509,0
1596031876.8501213,515.431896686554,119.58338785171509,0
1596031876.860114,517.230607509613,119.58338785171509,0
1596031876.8701212,519.0318932533264,119.58338785171509,0
1596031876.8801222,520.8320631980896,119.58338785171509,0
1596031876.8901174,522.6312031745911,119.58338785171509,0
1596031876.9001172,524.431158542633,119.58338785171509,0
1596031876.9101222,526.2320580482483,119.58338785171509,0
1596031876.9201286,528.033215045929,119.58338785171509,0
1596031876.9301202,529.8317112922668,119.58338785171509,0
1596031876.9401197,531.6316237449646,119.58338785171509,0
1596031876.9501297,533.4334244728088,119.58338785171509,0
1596031876.9601254,535.2326502799988,119.58338785171509,0
1596031876.9701314,537.033721446991,119.58338785171509,0
1596031876.9801252,538.832603931427,119.58338785171509,0
1596031876.9901233,540.6322588920593,119.58338785171509,0
1596031876.9964557,541.7720904350281,119.58338785171509,0
1596031876.9964557,498.239998626709,119.58338785171509,0
1596031877.000129,498.9011953353882,119.58338785171509,0
1596031877.000129,0,119.58338785171509,0
1596031877.01014,121.38536024093628,119.58338785171509,0
1596031877.0201457,123.18638849258423,119.58338785171509,0
1596031877.030133,124.98411226272583,119.58338785171509,0
1596031877.0401502,126.78720045089722,119.58338785171509,0
1596031877.0501292,128.58342218399048,119.58338785171509,0
1596031877.0601492,130.38702535629272,119.58338785171509,0
1596031877.0701373,132.18487787246704,119.58338785171509,0
1596031877.0801418,133.9856915473938,119.58338785171509,0
1596031877.0901484,135.7868914604187,119.58338785171509,0
1596031877.100135,137.5844864845276,119.58338785171509,0
1596031877.1101334,139.38418436050415,119.58338785171509,0
1596031877.1201437,141.18602800369263,119.58338785171509,0
1596031877.130132,142.98392343521118,119.58338785171509,0
1596031877.1401463,144.7864966392517,119.58338785171509,0
1596031877.1501484,146.58688116073608,119.58338785171509,0
1596031877.1601343,148.38434743881226,119.58338785171509,0
1596031877.170131,150.18374490737915,119.58338785171509,0
1596031877.1801422,151.98576021194458,119.58338785171509,0
1596031877.1901298,153.78352689743042,119.58338785171509,0
1596031877.2001402,155.58541345596313,119.58338785171509,0
1596031877.2101347,157.38442468643188,119.58338785171509,0
1596031877.220147,159.18661165237427,119.58338785171509,0
1596031877.2301402,160.98540830612183,119.58338785171509,0
1596031877.2401433,162.78596448898315,119.58338785171509,0
1596031877.2501378,164.5849757194519,119.58338785171509,0
1596031877.2601504,166.38724851608276,119.58338785171509,0
1596031877.2701492,168.1870322227478,119.58338785171509,0
1596031877.28013,169.98355436325073,119.58338785171509,0
1596031877.2901433,171.7859559059143,119.58338785171509,0
1596031877.3001375,173.58492422103882,119.58338785171509,0
1596031877.3101304,175.3836350440979,119.58338785171509,0
1596031877.3201437,177.18603658676147,119.58338785171509,0
1596031877.3301325,178.9840178489685,119.58338785171509,0
1596031877.3401353,180.7845311164856,119.58338785171509,0
1596031877.350145,182.5862889289856,119.58338785171509,0
1596031877.360136,184.38465642929077,119.58338785171509,0
1596031877.3701365,186.18474054336548,119.58338785171509,0
1596031877.3801417,187.98568296432495,119.58338785171509,0
1596031877.390135,189.7844796180725,119.58338785171509,0
1596031877.4001431,191.58593702316284,119.58338785171509,0
1596031877.4101317,193.38387537002563,119.58338785171509,0
1596031877.4201393,195.1852469444275,119.58338785171509,0
1596031877.4301455,196.98636102676392,119.58338785171509,0
1596031877.44013,198.78356981277466,119.58338785171509,0
1596031877.4501324,200.58399724960327,119.58338785171509,0
1596031877.4601436,202.3860125541687,119.58338785171509,0
1596031877.4701467,204.18656873703003,119.58338785171509,0
1596031877.4801362,205.98467874526978,119.58338785171509,0
1596031877.4901302,207.78360414505005,119.58338785171509,0
1596031877.5001326,209.58403158187866,119.58338785171509,0
1596031877.510133,211.38411569595337,119.58338785171509,0
1596031877.5201414,213.18561601638794,119.58338785171509,0
1596031877.5301392,214.98522806167603,119.58338785171509,0
1596031877.5401342,216.78432512283325,119.58338785171509,0
1596031877.5501287,218.583336353302,119.58338785171509,0
1596031877.560144,220.38608121871948,119.58338785171509,0
1596031877.570143,222.18590784072876,119.58338785171509,0
1596031877.5801487,223.9869360923767,119.58338785171509,0
1596031877.5901287,225.78332948684692,119.58338785171509,0
1596031877.6001303,227.58362817764282,119.58338785171509,0
1596031877.6101363,229.384699344635,119.58338785171509,0
1596031877.6201496,231.18710088729858,119.58338785171509,0
1596031877.6301386,232.98512506484985,119.58338785171509,0
1596031877.640129,234.78340673446655,119.58338785171509,0
1596031877.6501381,236.58503580093384,119.58338785171509,0
1596031877.6601477,238.3867506980896,119.58338785171509,0
1596031877.6701438,240.18606233596802,119.58338785171509,0
1596031877.6801293,241.9834427833557,119.58338785171509,0
1596031877.6901324,243.78399896621704,119.58338785171509,0
1596031877.7001371,245.58485555648804,119.58338785171509,0
1596031877.710137,247.38481092453003,119.58338785171509,0
1596031877.7201319,249.18390798568726,119.58338785171509,0
1596031877.730136,250.98463582992554,119.58338785171509,0
1596031877.7401347,252.78441953659058,119.58338785171509,0
1596031877.750147,254.5866494178772,119.58338785171509,0
1596031877.760132,256.3839440345764,119.58338785171509,0
1596031877.7701309,258.18372774124146,119.58338785171509,0
1596031877.7801287,259.98333978652954,119.58338785171509,0
1596031877.790142,261.7857413291931,119.58338785171509,0
1596031877.800145,263.5862545967102,119.58338785171509,0
1596031877.810135,265.3844504356384,119.58338785171509,0
1596031877.8201282,267.183247089386,119.58338785171509,0
1596031877.8301396,268.98530530929565,119.58338785171509,0
1596031877.8401322,270.7839732170105,119.58338785171509,0
1596031877.8501358,272.5846152305603,119.58338785171509,0
1596031877.8601441,274.3861155509949,119.58338785171509,0
1596031877.8701434,276.1859850883484,119.58338785171509,0
1596031877.8801303,277.9836230278015,119.58338785171509,0
1596031877.8901393,279.7852520942688,119.58338785171509,0
1596031877.9001398,281.5853362083435,119.58338785171509,0
1596031877.9101343,283.38434743881226,119.58338785171509,0
1596031877.9201298,285.18353033065796,119.58338785171509,0
1596031877.930149,286.9870047569275,119.58338785171509,0
1596031877.9401362,288.78468561172485,119.58338785171509,0
1596031877.9501374,290.5848984718323,119.58338785171509,0
1596031877.9601338,292.38425302505493,119.58338785171509,0
1596031877.970138,294.18502378463745,119.58338785171509,0
1596031877.9801364,295.984721660614,119.58338785171509,0
1596031877.990129,297.78338956832886,119.58338785171509,0
1596031878.0001457,299.58639192581177,119.58338785171509,0
1596031878.0101326,301.3840298652649,119.58338785171509,0
1596031878.0201435,303.1860022544861,119.58338785171509,0
1596031878.0301383,304.9850564002991,119.58338785171509,0
1596031878.0401347,306.78441095352173,119.58338785171509,0
1596031878.0501497,308.58711290359497,119.58338785171509,0
1596031878.0601506,310.38728284835815,119.58338785171509,0
1596031878.070135,312.1844916343689,119.58338785171509,0
1596031878.0801373,313.98487615585327,119.58338785171509,0
1596031878.0901392,315.7852177619934,119.58338785171509,0
1596031878.1001482,317.5868468284607,119.58338785171509,0
1596031878.1101456,319.3863730430603,119.58338785171509,0
1596031878.1201465,321.1865429878235,119.58338785171509,0
1596031878.1301308,322.98370885849,119.58338785171509,0
1596031878.1401324,324.7840075492859,119.58338785171509,0
1596031878.1501498,326.5871386528015,119.58338785171509,0
1596031878.160149,328.38700819015503,119.58338785171509,0
1596031878.1701412,330.1855902671814,119.58338785171509,0
1596031878.1801298,331.9835286140442,119.58338785171509,0
1596031878.1901317,333.7838702201843,119.58338785171509,0
1596031878.2001474,335.5867009162903,119.58338785171509,0
1596031878.210132,337.383909702301,119.58338785171509,0
1596031878.2201483,339.1868691444397,119.58338785171509,0
1596031878.2301328,340.98407793045044,119.58338785171509,0
1596031878.2401357,342.78459119796753,119.58338785171509,0
1596031878.2501419,344.58570528030396,119.58338785171509,0
1596031878.260136,346.38463068008423,119.58338785171509,0
1596031878.270148,348.1868176460266,119.58338785171509,0
1596031878.2801461,349.98647260665894,119.58338785171509,0
1596031878.2901468,351.7865996360779,119.58338785171509,0
1596031878.3001308,353.58372259140015,119.58338785171509,0
1596031878.310141,355.3855662345886,119.58338785171509,0
1596031878.3201406,357.1854786872864,119.58338785171509,0
1596031878.330134,358.98427534103394,119.58338785171509,0
1596031878.3357878,360,119.58338785171509,1
1596031878.3401504,360.7872347831726,119.58338785171509,0
1596031878.35013,362.5835852622986,119.58338785171509,0
1596031878.3601282,364.3832402229309,119.58338785171509,0
1596031878.37014,366.18538427352905,119.58338785171509,0
1596031878.3801324,367.98400926589966,119.58338785171509,0
1596031878.3901336,369.7842221260071,119.58338785171509,0
1596031878.4001381,371.58503580093384,119.58338785171509,0
1596031878.410128,373.38323163986206,119.58338785171509,0
1596031878.4201424,375.1858048439026,119.58338785171509,0
1596031878.4301429,376.9858889579773,119.58338785171509,0
1596031878.4401495,378.7870888710022,119.58338785171509,0
1596031878.4501402,380.58541345596313,119.58338785171509,0
1596031878.4601407,382.38549757003784,119.58338785171509,0
1596031878.4701364,384.1847233772278,119.58338785171509,0
1596031878.4801426,385.9858374595642,119.58338785171509,0
1596031878.4901338,387.7842478752136,119.58338785171509,0
1596031878.5001457,389.58639192581177,119.58338785171509,0
1596031878.5028214,390.068030834198,119.58338785171509,0
1596031878.5028214,452.72878074645996,119.58338785171509,0
1596031878.5101407,454.04623889923096,119.58338785171509,0
1596031878.5201304,455.84439182281494,119.58338785171509,0
1596031878.5301323,457.6447334289551,119.58338785171509,0
1596031878.5401397,459.4460620880127,119.58338785171509,0
1596031878.55013,461.24430084228516,119.58338785171509,0
1596031878.5601418,463.0464448928833,119.58338785171509,0
1596031878.5701451,464.84704399108887,119.58338785171509,0
1596031878.5801487,466.6476860046387,119.58338785171509,0
1596031878.5901294,468.4442081451416,119.58338785171509,0
1596031878.60015,470.24794006347656,119.58338785171509,0
1596031878.6101325,472.04476261138916,119.58338785171509,0
1596031878.6201446,473.84694957733154,119.58338785171509,0
1596031878.630129,475.6441583633423,119.58338785171509,0
1596031878.6401484,477.4476327896118,119.58338785171509,0
1596031878.6501281,479.2439832687378,119.58338785171509,0
1596031878.6601405,481.0462131500244,119.58338785171509,0
1596031878.670143,482.846640586853,119.58338785171509,0
1596031878.6801398,484.64608097076416,119.58338785171509,0
1596031878.6901278,486.4439334869385,119.58338785171509,0
1596031878.7001424,488.24654960632324,119.58338785171509,0
1596031878.7101436,490.04676246643066,119.58338785171509,0
1596031878.7201295,491.84422874450684,119.58338785171509,0
1596031878.7301333,493.6449136734009,119.58338785171509,0
1596031878.740143,495.4466714859009,119.58338785171509,0
1596031878.750132,497.24469566345215,119.58338785171509,0
1596031878.76014,499.04611015319824,119.58338785171509,0
1596031878.770131,500.84452056884766,119.58338785171509,0
1596031878.7801445,502.64692211151123,119.58338785171509,0
1596031878.7901406,504.44623374938965,119.58338785171509,0
1596031878.8001373,506.24563121795654,119.58338785171509,0
1596031878.810133,508.0448570251465,119.58338785171509,0
1596031878.8201303,509.8443832397461,119.58338785171509,0
1596031878.8301494,511.6478147506714,119.58338785171509,0
1596031878.8401363,513.4454526901245,119.58338785171509,0
1596031878.850133,515.2448501586914,119.58338785171509,0
1596031878.8601284,517.0440330505371,119.58338785171509,0
1596031878.8701367,518.8455333709717,119.58338785171509,0
1596031878.8801308,520.644458770752,119.58338785171509,0
1596031878.8901427,522.4466028213501,119.58338785171509,0
1596031878.9001417,524.2464294433594,119.58338785171509,0
1596031878.9101405,526.0462131500244,119.58338785171509,0
1596031878.9201484,527.8476276397705,119.58338785171509,0
1596031878.9301486,529.647668838501,119.58338785171509,0
1596031878.940136,531.4453926086426,119.58338785171509,0
1596031878.9501388,533.2459058761597,119.58338785171509,0
1596031878.9601443,535.0468912124634,119.58338785171509,0
1596031878.97013,536.8443145751953,119.58338785171509,0
1596031878.980139,538.6459436416626,119.58338785171509,0
1596031878.9901414,540.4463710784912,119.58338785171509,0
1596031878.9966931,541.6256847381592,119.58338785171509,0
1596031878.9966931,498.1960769176483,119.58338785171509,0
1596031879.0001402,498.8165469646454,119.58338785171509,0
1596031879.0001402,0,119.58338785171509,0
1596031879.0101402,121.38338613510132,119.58338785171509,0
1596031879.0201585,123.1866888999939,119.58338785171509,0
1596031879.0301564,124.98630094528198,119.58338785171509,0
1596031879.0401547,126.78599882125854,119.58338785171509,0
1596031879.0501573,128.5864691734314,119.58338785171509,0
1596031879.0601578,130.3865532875061,119.58338785171509,0
1596031879.070155,132.18603658676147,119.58338785171509,0
1596031879.080157,133.98642110824585,119.58338785171509,0
1596031879.0901623,135.78736352920532,119.58338785171509,0
1596031879.1001534,137.58577394485474,119.58338785171509,0
1596031879.1101563,139.38628721237183,119.58338785171509,0
1596031879.1201525,141.18559885025024,119.58338785171509,0
1596031879.1301455,142.98435258865356,119.58338785171509,0
1596031879.1401477,144.78473711013794,119.58338785171509,0
1596031879.1501584,146.5866665840149,119.58338785171509,0
1596031879.1601493,148.38503408432007,119.58338785171509,0
1596031879.1701446,150.18417406082153,119.58338785171509,0
1596031879.1801548,151.98601770401,119.58338785171509,0
1596031879.1901424,153.78378438949585,119.58338785171509,0
1596031879.2001486,155.58489847183228,119.58338785171509,0
1596031879.2101552,157.38609838485718,119.58338785171509,0
1596031879.2201533,159.1857533454895,119.58338785171509,0
1596031879.2301435,160.98399209976196,119.58338785171509,0
1596031879.2401435,162.7839903831482,119.58338785171509,0
1596031879.250151,164.5853190422058,119.58338785171509,0
1596031879.2601502,166.38518857955933,119.58338785171509,0
1596031879.2701566,168.18634557724,119.58338785171509,0
1596031879.280143,169.98389768600464,119.58338785171509,0
1596031879.2901535,171.78578424453735,119.58338785171509,0
1596031879.3001592,173.5868124961853,119.58338785171509,0
1596031879.3101513,175.38539457321167,119.58338785171509,0
1596031879.3201509,177.18530702590942,119.58338785171509,0
1596031879.3301432,178.98393201828003,119.58338785171509,0
1596031879.340156,180.78624773025513,119.58338785171509,0
1596031879.3501544,182.5859456062317,119.58338785171509,0
1596031879.3601449,184.3842272758484,119.58338785171509,0
1596031879.3701453,186.1843113899231,119.58338785171509,0
1596031879.3801448,187.98422384262085,119.58338785171509,0
1596031879.3901565,189.78632497787476,119.58338785171509,0
1596031879.400156,191.5862374305725,119.58338785171509,0
1596031879.4101486,193.38490533828735,119.58338785171509,0
1596031879.4201527,195.18563318252563,119.58338785171509,0
1596031879.4301624,196.98739099502563,119.58338785171509,0
1596031879.440153,198.78567266464233,119.58338785171509,0
1596031879.450155,200.5860571861267,119.58338785171509,0
1596031879.4601498,202.3851113319397,119.58338785171509,0
1596031879.4701471,204.1846375465393,119.58338785171509,0
1596031879.4801621,205.98733949661255,119.58338785171509,0
1596031879.4901514,207.78540658950806,119.58338785171509,0
1596031879.5001543,209.58591985702515,119.58338785171509,0
1596031879.5101604,211.38703393936157,119.58338785171509,0
1596031879.5201523,213.1855731010437,119.58338785171509,0
1596031879.5301576,214.98651552200317,119.58338785171509,0
1596031879.540145,216.78423929214478,119.58338785171509,0
1596031879.550158,218.5865979194641,119.58338785171509,0
1596031879.56016,220.38693952560425,119.58338785171509,0
1596031879.5701573,222.18646574020386,119.58338785171509,0
1596031879.580161,223.9871506690979,119.58338785171509,0
1596031879.5901527,225.7856469154358,119.58338785171509,0
1596031879.6001425,227.58379983901978,119.58338785171509,0
1596031879.6101522,229.38555765151978,119.58338785171509,0
1596031879.6201532,231.18572759628296,119.58338785171509,0
1596031879.6301425,232.98379468917847,119.58338785171509,0
1596031879.6401563,234.78628206253052,119.58338785171509,0
1596031879.6501608,236.58709573745728,119.58338785171509,0
1596031879.6601503,238.38520574569702,119.58338785171509,0
1596031879.670154,240.18589067459106,119.58338785171509,0
1596031879.6801596,241.98687601089478,119.58338785171509,0
1596031879.690149,243.78498601913452,119.58338785171509,0
1596031879.7001505,245.58524179458618,119.58338785171509,0
1596031879.710147,247.38459634780884,119.58338785171509,0
1596031879.7201474,249.18468046188354,119.58338785171509,0
1596031879.7301474,250.98467874526978,119.58338785171509,0
1596031879.7401624,252.78738069534302,119.58338785171509,0
1596031879.7501504,254.58523321151733,119.58338785171509,0
1596031879.7601411,256.38355779647827,119.58338785171509,0
1596031879.7701476,258.18471479415894,119.58338785171509,0
1596031879.7801611,259.98715925216675,119.58338785171509,0
1596031879.790156,261.78621339797974,119.58338785171509,0
1596031879.8001583,263.58664083480835,119.58338785171509,0
1596031879.8101566,265.3863387107849,119.58338785171509,0
1596031879.8201475,267.1847062110901,119.58338785171509,0
1596031879.830154,268.98586320877075,119.58338785171509,0
1596031879.8401399,270.7833294868469,119.58338785171509,0
1596031879.8501575,272.5865035057068,119.58338785171509,0
1596031879.8601408,274.38349771499634,119.58338785171509,0
1596031879.8701396,276.1832814216614,119.58338785171509,0
1596031879.8801436,277.98400926589966,119.58338785171509,0
1596031879.890159,279.78675413131714,119.58338785171509,0
1596031879.900146,281.5844349861145,119.58338785171509,0
1596031879.9101598,283.38692235946655,119.58338785171509,0
1596031879.920152,285.1855044364929,119.58338785171509,0
1596031879.9301405,286.9834427833557,119.58338785171509,0
1596031879.9401493,288.78502893447876,119.58338785171509,0
1596031879.9501572,290.58644342422485,119.58338785171509,0
1596031879.9601557,292.38618421554565,119.58338785171509,0
1596031879.97015,294.18515253067017,119.58338785171509,0
1596031879.9801471,295.98463582992554,119.58338785171509,0
1596031879.9901488,297.78493452072144,119.58338785171509,0
1596031880.0001395,299.5832591056824,119.58338785171509,0
1596031880.0101414,301.3836007118225,119.58338785171509,0
1596031880.0201554,303.1861310005188,119.58338785171509,0
1596031880.0301528,304.9856572151184,119.58338785171509,0
1596031880.0401535,306.78578424453735,119.58338785171509,0
1596031880.0501587,308.5867266654968,119.58338785171509,0
1596031880.0601583,310.3866391181946,119.58338785171509,0
1596031880.0701396,312.1832900047302,119.58338785171509,0
1596031880.080161,313.9871506690979,119.58338785171509,0
1596031880.090158,315.78659105300903,119.58338785171509,0
1596031880.1001418,317.58367109298706,119.58338785171509,0
1596031880.1101425,319.383798122406,119.58338785171509,0
1596031880.12014,321.18336725234985,119.58338785171509,0
1596031880.1301615,322.98722791671753,119.58338785171509,0
1596031880.1401417,324.783664226532,119.58338785171509,0
1596031880.1501608,326.5870957374573,119.58338785171509,0
1596031880.1601412,328.38357496261597,119.58338785171509,0
1596031880.170159,330.18679189682007,119.58338785171509,0
1596031880.180159,331.9867901802063,119.58338785171509,0
1596031880.1901572,333.7864451408386,119.58338785171509,0
1596031880.2001529,335.58567094802856,119.58338785171509,0
1596031880.2101455,337.3843388557434,119.58338785171509,0
1596031880.2201471,339.1846375465393,119.58338785171509,0
1596031880.2301466,340.98454999923706,119.58338785171509,0
1596031880.2401452,342.78429079055786,119.58338785171509,0
1596031880.25015,344.58514738082886,119.58338785171509,0
1596031880.2601397,346.38330030441284,119.58338785171509,0
1596031880.2701564,348.18630266189575,119.58338785171509,0
1596031880.280156,349.9862151145935,119.58338785171509,0
1596031880.2901561,351.786256313324,119.58338785171509,0
1596031880.3001492,353.5850100517273,119.58338785171509,0
1596031880.3101563,355.3862957954407,119.58338785171509,0
1596031880.3201406,357.1834616661072,119.58338785171509,0
1596031880.3301604,358.9870219230652,119.58338785171509,0
1596031880.3357973,360,119.58338785171509,1
1596031880.3401446,360.7841877937317,119.58338785171509,0
1596031880.350158,362.58658933639526,119.58338785171509,0
1596031880.3601491,364.3849997520447,119.58338785171509,0
1596031880.3701398,366.1833243370056,119.58338785171509,0
1596031880.3801594,367.9868416786194,119.58338785171509,0
1596031880.390156,369.7862391471863,119.58338785171509,0
1596031880.400156,371.5862374305725,119.58338785171509,0
1596031880.4101543,373.3859353065491,119.58338785171509,0
1596031880.42016,375.186963558197,119.58338785171509,0
1596031880.4301615,376.9872193336487,119.58338785171509,0
1596031880.4401426,378.7838273048401,119.58338785171509,0
1596031880.4501555,380.5861430168152,119.58338785171509,0
1596031880.4601607,382.38708543777466,119.58338785171509,0
1596031880.470147,384.18459463119507,119.58338785171509,0
1596031880.48014,385.9833483695984,119.58338785171509,0
1596031880.4901416,387.7836470603943,119.58338785171509,0
1596031880.5001528,389.5856623649597,119.58338785171509,0
1596031880.503058,390.1085858345032,119.58338785171509,0
1596031880.503058,452.7409472465515,119.58338785171509,0
1596031880.51015,454.0175070762634,119.58338785171509,0
1596031880.5201561,455.81862115859985,119.58338785171509,0
1596031880.5301466,457.61690282821655,119.58338785171509,0
1596031880.5401592,459.4191756248474,119.58338785171509,0
1596031880.550151,461.21771478652954,119.58338785171509,0
1596031880.5601602,463.0193438529968,119.58338785171509,0
1596031880.5701478,464.81711053848267,119.58338785171509,0
1596031880.5801423,466.6161217689514,119.58338785171509,0
1596031880.5901568,468.4187378883362,119.58338785171509,0
1596031880.6001492,470.2173628807068,119.58338785171509,0
1596031880.610153,472.01804780960083,119.58338785171509,0
1596031880.6201558,473.8185610771179,119.58338785171509,0
1596031880.6301558,475.61855936050415,119.58338785171509,0
1596031880.6401567,477.41872930526733,119.58338785171509,0
1596031880.650159,479.2191138267517,119.58338785171509,0
1596031880.6601393,481.0155930519104,119.58338785171509,0
1596031880.6701467,482.816921710968,119.58338785171509,0
1596031880.6801581,484.6189799308777,119.58338785171509,0
1596031880.690148,486.4171757698059,119.58338785171509,0
1596031880.7001486,488.2172598838806,119.58338785171509,0
1596031880.710144,490.0164427757263,119.58338785171509,0
1596031880.7201502,491.81755685806274,119.58338785171509,0
1596031880.7301488,493.61729764938354,119.58338785171509,0
1596031880.7401435,495.41635179519653,119.58338785171509,0
1596031880.750144,497.21643590927124,119.58338785171509,0
1596031880.760153,499.0180649757385,119.58338785171509,0
1596031880.7701557,500.8185353279114,119.58338785171509,0
1596031880.7801487,502.6172890663147,119.58338785171509,0
1596031880.7901454,504.4166865348816,119.58338785171509,0
1596031880.8001406,506.21582651138306,119.58338785171509,0
1596031880.8101506,508.0176272392273,119.58338785171509,0
1596031880.8201406,509.8158230781555,119.58338785171509,0
1596031880.8301554,511.6184821128845,119.58338785171509,0
1596031880.8401413,513.4159483909607,119.58338785171509,0
1596031880.8501537,515.2181782722473,119.58338785171509,0
1596031880.860147,517.0169749259949,119.58338785171509,0
1596031880.8701513,518.8177456855774,119.58338785171509,0
1596031880.88015,520.6175293922424,119.58338785171509,0
1596031880.890156,522.4186005592346,119.58338785171509,0
1596031880.9001462,524.2168393135071,119.58338785171509,0
1596031880.9101434,526.0163226127625,119.58338785171509,0
1596031880.9201548,527.8183808326721,119.58338785171509,0
1596031880.9301448,529.6165766716003,119.58338785171509,0
1596031880.9401517,531.4178194999695,119.58338785171509,0
1596031880.9501603,533.2193627357483,119.58338785171509,0
1596031880.9601452,535.0166573524475,119.58338785171509,0
1596031880.9701514,536.8177714347839,119.58338785171509,0
1596031880.980159,538.6191430091858,119.58338785171509,0
1596031880.9901469,540.4169526100159,119.58338785171509,0
1596031880.9956636,541.4099707603455,119.58338785171509,0
1596031880.9956636,498.1313627243042,119.58338785171509,0
1596031881.0001428,498.9376132965088,119.58338785171509,0
1596031881.0001428,0,119.58338785171509,0
1596031881.0101545,121.385488986969,119.58338785171509,0
1596031881.020154,123.18540143966675,119.58338785171509,0
1596031881.030145,124.98376893997192,119.58338785171509,0
1596031881.0401511,126.78488302230835,119.58338785171509,0
1596031881.0501478,128.58428049087524,119.58338785171509,0
1596031881.060159,130.38629579544067,119.58338785171509,0
1596031881.070153,132.18522119522095,119.58338785171509,0
1596031881.0801542,133.98543405532837,119.58338785171509,0
1596031881.090153,135.7852177619934,119.58338785171509,0
1596031881.1001434,137.5834994316101,119.58338785171509,0
1596031881.1101525,139.3851284980774,119.58338785171509,0
1596031881.1201544,141.18547010421753,119.58338785171509,0
1596031881.1301634,142.98709917068481,119.58338785171509,0
1596031881.1401484,144.78439378738403,119.58338785171509,0
1596031881.150151,146.58486413955688,119.58338785171509,0
1596031881.1601472,148.3841757774353,119.58338785171509,0
1596031881.1701555,150.18567609786987,119.58338785171509,0
1596031881.1801593,151.98636102676392,119.58338785171509,0
1596031881.190146,153.7839560508728,119.58338785171509,0
1596031881.2001514,155.5849413871765,119.58338785171509,0
1596031881.2101483,157.38438177108765,119.58338785171509,0
1596031881.2201617,159.18678331375122,119.58338785171509,0
1596031881.2301614,160.9867386817932,119.58338785171509,0
1596031881.2401521,162.78506326675415,119.58338785171509,0
1596031881.250153,164.58523321151733,119.58338785171509,0
1596031881.2601426,166.38334321975708,119.58338785171509,0
1596031881.2701447,168.18372774124146,119.58338785171509,0
1596031881.2801428,169.98338270187378,119.58338785171509,0
1596031881.2901607,171.78659963607788,119.58338785171509,0
1596031881.300147,173.58415174484253,119.58338785171509,0
1596031881.3101437,175.38354921340942,119.58338785171509,0
1596031881.320147,177.184148311615,119.58338785171509,0
1596031881.3301477,178.98427534103394,119.58338785171509,0
1596031881.3401513,180.78491735458374,119.58338785171509,0
1596031881.3501456,182.58388566970825,119.58338785171509,0
1596031881.3601582,184.3861584663391,119.58338785171509,0
1596031881.37016,186.18650007247925,119.58338785171509,0
1596031881.3801534,187.9852967262268,119.58338785171509,0
1596031881.3901503,189.78473711013794,119.58338785171509,0
1596031881.400143,191.58340501785278,119.58338785171509,0
1596031881.4101603,193.3865361213684,119.58338785171509,0
1596031881.420162,195.1868348121643,119.58338785171509,0
1596031881.4301617,196.9867901802063,119.58338785171509,0
1596031881.4401646,198.7873034477234,119.58338785171509,0
1596031881.4501545,200.5854992866516,119.58338785171509,0
1596031881.4601438,202.38356637954712,119.58338785171509,0
1596031881.4701638,204.18716955184937,119.58338785171509,0
1596031881.4801593,205.98635244369507,119.58338785171509,0
1596031881.4901474,207.78420495986938,119.58338785171509,0
1596031881.5001488,209.58446073532104,119.58338785171509,0
1596031881.5101638,211.3871626853943,119.58338785171509,0
1596031881.520161,213.18664598464966,119.58338785171509,0
1596031881.5301616,214.9867730140686,119.58338785171509,0
1596031881.5401592,216.78634214401245,119.58338785171509,0
1596031881.550164,218.58719873428345,119.58338785171509,0
1596031881.5601597,220.3864245414734,119.58338785171509,0
1596031881.5701594,222.18637990951538,119.58338785171509,0
1596031881.580154,223.98539113998413,119.58338785171509,0
1596031881.5901613,225.78671979904175,119.58338785171509,0
1596031881.600154,227.5853877067566,119.58338785171509,0
1596031881.6101446,229.38371229171753,119.58338785171509,0
1596031881.6201515,231.18495512008667,119.58338785171509,0
1596031881.6301625,232.98692750930786,119.58338785171509,0
1596031881.6401536,234.78533792495728,119.58338785171509,0
1596031881.6501434,236.58349084854126,119.58338785171509,0
1596031881.6601496,238.38460493087769,119.58338785171509,0
1596031881.670156,240.18576192855835,119.58338785171509,0
1596031881.680156,241.98576021194458,119.58338785171509,0
1596031881.6901574,243.78601598739624,119.58338785171509,0
1596031881.7001567,245.58588552474976,119.58338785171509,0
1596031881.7101445,247.38369512557983,119.58338785171509,0
1596031881.7201588,249.18626832962036,119.58338785171509,0
1596031881.7301543,250.98545122146606,119.58338785171509,0
1596031881.7401597,252.78643655776978,119.58338785171509,0
1596031881.750144,254.58360242843628,119.58338785171509,0
1596031881.7601426,256.3833432197571,119.58338785171509,0
1596031881.7701592,258.18634557724,119.58338785171509,0
1596031881.780142,259.98325395584106,119.58338785171509,0
1596031881.7901597,261.7864279747009,119.58338785171509,0
1596031881.80016,263.5864691734314,119.58338785171509,0
1596031881.8101583,265.38616704940796,119.58338785171509,0
1596031881.8201482,267.1843628883362,119.58338785171509,0
1596031881.8301635,268.98710775375366,119.58338785171509,0
1596031881.8401606,270.78659105300903,119.58338785171509,0
1596031881.8501437,272.58354234695435,119.58338785171509,0
1596031881.8601568,274.3859009742737,119.58338785171509,0
1596031881.8701565,276.1858563423157,119.58338785171509,0
1596031881.8801427,277.9833655357361,119.58338785171509,0
1596031881.8901432,279.7834496498108,119.58338785171509,0
1596031881.900147,281.58413457870483,119.58338785171509,0
1596031881.9101484,283.3843903541565,119.58338785171509,0
1596031881.9201534,285.18528985977173,119.58338785171509,0
1596031881.9301527,286.98515939712524,119.58338785171509,0
1596031881.9401453,288.7838273048401,119.58338785171509,0
1596031881.9501584,290.5861859321594,119.58338785171509,0
1596031881.9601529,292.3851971626282,119.58338785171509,0
1596031881.970158,294.18613958358765,119.58338785171509,0
1596031881.980143,295.98343420028687,119.58338785171509,0
1596031881.9901478,297.78429079055786,119.58338785171509,0
1596031882.0001473,299.5842032432556,119.58338785171509,0
1596031882.0101557,301.3857035636902,119.58338785171509,0
1596031882.0201583,303.18617391586304,119.58338785171509,0
1596031882.0301614,304.98673009872437,119.58338785171509,0
1596031882.0401492,306.78453969955444,119.58338785171509,0
1596031882.0501509,308.58483839035034,119.58338785171509,0
1596031882.0601568,310.38590955734253,119.58338785171509,0
1596031882.0701594,312.1863799095154,119.58338785171509,0
1596031882.080162,313.98685026168823,119.58338785171509,0
1596031882.0901527,315.78517484664917,119.58338785171509,0
1596031882.1001513,317.58491563796997,119.58338785171509,0
1596031882.110148,319.38431310653687,119.58338785171509,0
1596031882.120147,321.18413972854614,119.58338785171509,0
1596031882.1301548,322.98555421829224,119.58338785171509,0
1596031882.1401505,324.7847800254822,119.58338785171509,0
1596031882.150143,326.5834050178528,119.58338785171509,0
1596031882.1601574,328.38602113723755,119.58338785171509,0
1596031882.170155,330.1855902671814,119.58338785171509,0
1596031882.1801622,331.9868760108948,119.58338785171509,0
1596031882.1901474,333.78421354293823,119.58338785171509,0
1596031882.2001457,335.5839114189148,119.58338785171509,0
1596031882.2101564,337.38584089279175,119.58338785171509,0
1596031882.2201579,339.1860966682434,119.58338785171509,0
1596031882.230154,340.9854083061218,119.58338785171509,0
1596031882.2401435,342.7835183143616,119.58338785171509,0
1596031882.2501583,344.5861773490906,119.58338785171509,0
1596031882.2601464,346.3840298652649,119.58338785171509,0
1596031882.2701573,348.1860022544861,119.58338785171509,0
1596031882.2801602,349.9865155220032,119.58338785171509,0
1596031882.290144,351.7835955619812,119.58338785171509,0
1596031882.3001611,353.5866837501526,119.58338785171509,0
1596031882.310162,355.38685369491577,119.58338785171509,0
1596031882.3201525,357.18513536453247,119.58338785171509,0
1596031882.3301444,358.9836745262146,119.58338785171509,0
1596031882.335791,360,119.58338785171509,1
1596031882.3401473,360.7841877937317,119.58338785171509,0
1596031882.350154,362.5853877067566,119.58338785171509,0
1596031882.3601487,364.3844418525696,119.58338785171509,0
1596031882.3701422,366.1832814216614,119.58338785171509,0
1596031882.38016,367.9864983558655,119.58338785171509,0
1596031882.390146,369.78396463394165,119.58338785171509,0
1596031882.4001493,371.5845637321472,119.58338785171509,0
1596031882.4101558,373.3857207298279,119.58338785171509,0
1596031882.4201534,375.18528985977173,119.58338785171509,0
1596031882.430158,376.9861035346985,119.58338785171509,0
1596031882.440163,378.7870030403137,119.58338785171509,0
1596031882.4501617,380.58678674697876,119.58338785171509,0
1596031882.4601536,382.3853259086609,119.58338785171509,0
1596031882.4701424,384.1833071708679,119.58338785171509,0
1596031882.480145,385.98377752304077,119.58338785171509,0
1596031882.4901485,387.7844195365906,119.58338785171509,0
1596031882.5001464,389.58403158187866,119.58338785171509,0
1596031882.5032861,390.1491837501526,119.58338785171509,0
1596031882.5032861,452.75312662124634,119.58338785171509,0
1596031882.5101438,453.987500667572,119.58338785171509,0
1596031882.5201588,455.79020261764526,119.58338785171509,0
1596031882.5301533,457.589213848114,119.58338785171509,0
1596031882.5401433,459.38740968704224,119.58338785171509,0
1596031882.5501618,461.19075536727905,119.58338785171509,0
1596031882.5601504,462.98869371414185,119.58338785171509,0
1596031882.5701497,464.78856325149536,119.58338785171509,0
1596031882.5801594,466.59032106399536,119.58338785171509,0
1596031882.5901556,468.3896327018738,119.58338785171509,0
1596031882.6001525,470.1890730857849,119.58338785171509,0
1596031882.6101425,471.98726892471313,119.58338785171509,0
1596031882.620143,473.78735303878784,119.58338785171509,0
1596031882.6301594,475.5903124809265,119.58338785171509,0
1596031882.6401498,477.3885941505432,119.58338785171509,0
1596031882.6501617,479.19073820114136,119.58338785171509,0
1596031882.6601415,480.98708868026733,119.58338785171509,0
1596031882.6701603,482.7904772758484,119.58338785171509,0
1596031882.6801565,484.5897889137268,119.58338785171509,0
1596031882.690146,486.38789892196655,119.58338785171509,0
1596031882.7001479,488.1882405281067,119.58338785171509,0
1596031882.7101605,489.99051332473755,119.58338785171509,0
1596031882.720145,491.7877221107483,119.58338785171509,0
1596031882.7301524,493.5890507698059,119.58338785171509,0
1596031882.7401524,495.38904905319214,119.58338785171509,0
1596031882.750143,497.1873736381531,119.58338785171509,0
1596031882.7601411,498.9870285987854,119.58338785171509,0
1596031882.7701578,500.7900309562683,119.58338785171509,0
1596031882.7801447,502.58766889572144,119.58338785171509,0
1596031882.7901468,504.3880534172058,119.58338785171509,0
1596031882.8001494,506.18852376937866,119.58338785171509,0
1596031882.8101447,507.9876637458801,119.58338785171509,0
1596031882.8201566,509.78980779647827,119.58338785171509,0
1596031882.8301418,511.58714532852173,119.58338785171509,0
1596031882.8401444,513.3876156806946,119.58338785171509,0
1596031882.8501437,515.1874852180481,119.58338785171509,0
1596031882.8601453,516.987783908844,119.58338785171509,0
1596031882.8701577,518.7900137901306,119.58338785171509,0
1596031882.8801572,520.5899262428284,119.58338785171509,0
1596031882.8901484,522.3883366584778,119.58338785171509,0
1596031882.9001548,524.1894936561584,119.58338785171509,0
1596031882.9101412,525.9870457649231,119.58338785171509,0
1596031882.920146,527.7879023551941,119.58338785171509,0
1596031882.930163,529.5909476280212,119.58338785171509,0
1596031882.9401448,531.3876843452454,119.58338785171509,0
1596031882.9501545,533.1894421577454,119.58338785171509,0
1596031882.9601498,534.9885821342468,119.58338785171509,0
1596031882.9701414,536.7870783805847,119.58338785171509,0
1596031882.980162,538.5907673835754,119.58338785171509,0
1596031882.9901505,540.3887057304382,119.58338785171509,0
1596031882.9971716,541.6525197029114,119.58338785171509,0
1596031882.9971716,498.204127407074,119.58338785171509,0
1596031883.000148,498.7398825645447,119.58338785171509,0
1596031883.000148,0,119.58338785171509,0
1596031883.010155,121.38463068008423,119.58338785171509,0
1596031883.02016,123.18553018569946,119.58338785171509,0
1596031883.030158,124.98518514633179,119.58338785171509,0
1596031883.0401616,126.78582715988159,119.58338785171509,0
1596031883.0501564,128.58488130569458,119.58338785171509,0
1596031883.0601609,130.38569498062134,119.58338785171509,0
1596031883.0701487,132.18350458145142,119.58338785171509,0
1596031883.0801601,133.98556280136108,119.58338785171509,0
1596031883.0901573,135.78504610061646,119.58338785171509,0
1596031883.1001632,137.58611726760864,119.58338785171509,0
1596031883.1101627,139.3860297203064,119.58338785171509,0
1596031883.120157,141.1849980354309,119.58338785171509,0
1596031883.1301646,142.98636960983276,119.58338785171509,0
1596031883.140168,144.78696870803833,119.58338785171509,0
1596031883.150152,146.5840916633606,119.58338785171509,0
1596031883.1601675,148.38687944412231,119.58338785171509,0
1596031883.1701577,150.18511819839478,119.58338785171509,0
1596031883.1801488,151.9835286140442,119.58338785171509,0
1596031883.1901667,153.7867455482483,119.58338785171509,0
1596031883.2001512,155.58395433425903,119.58338785171509,0
1596031883.210152,157.38408136367798,119.58338785171509,0
1596031883.2201638,159.18622541427612,119.58338785171509,0
1596031883.230158,160.98519372940063,119.58338785171509,0
1596031883.240152,162.78407621383667,119.58338785171509,0
1596031883.2501647,164.58639192581177,119.58338785171509,0
1596031883.2601635,166.3861756324768,119.58338785171509,0
1596031883.2701523,168.18415689468384,119.58338785171509,0
1596031883.2801566,169.98492765426636,119.58338785171509,0
1596031883.290154,171.78445386886597,119.58338785171509,0
1596031883.300162,173.5859112739563,119.58338785171509,0
1596031883.3101625,175.385995388031,119.58338785171509,0
1596031883.320162,177.18590784072876,119.58338785171509,0
1596031883.3301592,178.98539113998413,119.58338785171509,0
1596031883.3401518,180.78405904769897,119.58338785171509,0
1596031883.3501477,182.58332777023315,119.58338785171509,0
1596031883.3601549,184.38461351394653,119.58338785171509,0
1596031883.370169,186.18714380264282,119.58338785171509,0
1596031883.380169,187.98714208602905,119.58338785171509,0
1596031883.3901496,189.78366422653198,119.58338785171509,0
1596031883.400156,191.58482122421265,119.58338785171509,0
1596031883.4101646,193.38636445999146,119.58338785171509,0
1596031883.4201558,195.18477487564087,119.58338785171509,0
1596031883.4301593,196.98541688919067,119.58338785171509,0
1596031883.4401636,198.7861876487732,119.58338785171509,0
1596031883.4501524,200.58416891098022,119.58338785171509,0
1596031883.4601476,202.3833088874817,119.58338785171509,0
1596031883.470157,204.1849808692932,119.58338785171509,0
1596031883.4801502,205.98377752304077,119.58338785171509,0
1596031883.4901507,207.78386163711548,119.58338785171509,0
1596031883.500169,209.58716440200806,119.58338785171509,0
1596031883.5101514,211.38398694992065,119.58338785171509,0
1596031883.520148,213.18338441848755,119.58338785171509,0
1596031883.530169,214.98715925216675,119.58338785171509,0
1596031883.5401514,216.78398180007935,119.58338785171509,0
1596031883.5501611,218.58573961257935,119.58338785171509,0
1596031883.560151,220.38393545150757,119.58338785171509,0
1596031883.570149,222.18354749679565,119.58338785171509,0
1596031883.5801558,223.9847903251648,119.58338785171509,0
1596031883.5901496,225.78367280960083,119.58338785171509,0
1596031883.6001642,227.5862889289856,119.58338785171509,0
1596031883.6101584,229.3852572441101,119.58338785171509,0
1596031883.6201475,231.18328142166138,119.58338785171509,0
1596031883.630169,232.98714208602905,119.58338785171509,0
1596031883.6401489,234.78353548049927,119.58338785171509,0
1596031883.6501606,236.58563661575317,119.58338785171509,0
1596031883.660167,238.38679361343384,119.58338785171509,0
1596031883.6701584,240.1852469444275,119.58338785171509,0
1596031883.6801603,241.98558855056763,119.58338785171509,0
1596031883.690159,243.78537225723267,119.58338785171509,0
1596031883.7001688,245.58713006973267,119.58338785171509,0
1596031883.7101626,247.3860125541687,119.58338785171509,0
1596031883.7201648,249.18639707565308,119.58338785171509,0
1596031883.7301612,250.98575162887573,119.58338785171509,0
1596031883.7401478,252.78334665298462,119.58338785171509,0
1596031883.7501647,254.58639192581177,119.58338785171509,0
1596031883.760163,256.38608980178833,119.58338785171509,0
1596031883.7701616,258.18583059310913,119.58338785171509,0
1596031883.7801688,259.9871163368225,119.58338785171509,0
1596031883.7901473,261.7832522392273,119.58338785171509,0
1596031883.8001475,263.58329343795776,119.58338785171509,0
1596031883.810152,265.3841071128845,119.58338785171509,0
1596031883.8201547,267.1845774650574,119.58338785171509,0
1596031883.830155,268.98461866378784,119.58338785171509,0
1596031883.8401518,270.784059047699,119.58338785171509,0
1596031883.8501682,272.58701848983765,119.58338785171509,0
1596031883.860169,274.3871455192566,119.58338785171509,0
1596031883.870159,276.1853413581848,119.58338785171509,0
1596031883.88015,277.98375177383423,119.58338785171509,0
1596031883.8901484,279.7834496498108,119.58338785171509,0
1596031883.9001656,281.5865378379822,119.58338785171509,0
1596031883.9101508,283.38387537002563,119.58338785171509,0
1596031883.9201496,285.1836590766907,119.58338785171509,0
1596031883.9301622,286.98593187332153,119.58338785171509,0
1596031883.9401546,288.78455686569214,119.58338785171509,0
1596031883.9501665,290.5867009162903,119.58338785171509,0
1596031883.960166,292.38661336898804,119.58338785171509,0
1596031883.970169,294.18716955184937,119.58338785171509,0
1596031883.980165,295.98643827438354,119.58338785171509,0
1596031883.9901567,297.78493452072144,119.58338785171509,0
1596031884.000166,299.58660650253296,119.58338785171509,0
1596031884.0101514,301.38398694992065,119.58338785171509,0
1596031884.020162,303.1859164237976,119.58338785171509,0
1596031884.0301569,304.9849705696106,119.58338785171509,0
1596031884.0401528,306.7842392921448,119.58338785171509,0
1596031884.0501664,308.5866837501526,119.58338785171509,0
1596031884.0601497,310.38367795944214,119.58338785171509,0
1596031884.0701478,312.18333292007446,119.58338785171509,0
1596031884.0801558,313.9847903251648,119.58338785171509,0
1596031884.090154,315.7844452857971,119.58338785171509,0
1596031884.100148,317.5833706855774,119.58338785171509,0
1596031884.110157,319.3849997520447,119.58338785171509,0
1596031884.1201544,321.1845259666443,119.58338785171509,0
1596031884.130152,322.98409509658813,119.58338785171509,0
1596031884.1401527,324.7842221260071,119.58338785171509,0
1596031884.150148,326.58336210250854,119.58338785171509,0
1596031884.1601622,328.3859353065491,119.58338785171509,0
1596031884.170149,330.1835732460022,119.58338785171509,0
1596031884.180161,331.98571729660034,119.58338785171509,0
1596031884.1901546,333.78455686569214,119.58338785171509,0
1596031884.2001667,335.5867438316345,119.58338785171509,0
1596031884.2101583,337.3852400779724,119.58338785171509,0
1596031884.2201505,339.1838221549988,119.58338785171509,0
1596031884.2301517,340.9840350151062,119.58338785171509,0
1596031884.2401586,342.78527784347534,119.58338785171509,0
1596031884.250158,344.5851902961731,119.58338785171509,0
1596031884.260169,346.3871626853943,119.58338785171509,0
1596031884.2701566,348.1849293708801,119.58338785171509,0
1596031884.2801597,349.98548555374146,119.58338785171509,0
1596031884.2901611,351.7857413291931,119.58338785171509,0
1596031884.3001575,353.58509588241577,119.58338785171509,0
1596031884.3101618,355.3858666419983,119.58338785171509,0
1596031884.3201618,357.1858649253845,119.58338785171509,0
1596031884.3301623,358.98594903945923,119.58338785171509,0
1596031884.335797,360,119.58338785171509,1
1596031884.3401678,360.78693437576294,119.58338785171509,0
1596031884.350161,362.5857310295105,119.58338785171509,0
1596031884.3601553,364.384699344635,119.58338785171509,0
1596031884.370169,366.1871438026428,119.58338785171509,0
1596031884.3801649,367.986412525177,119.58338785171509,0
1596031884.3901606,369.78563833236694,119.58338785171509,0
1596031884.400164,371.5862374305725,119.58338785171509,0
1596031884.410167,373.38679361343384,119.58338785171509,0
1596031884.4201643,375.18631982803345,119.58338785171509,0
1596031884.430147,376.9831852912903,119.58338785171509,0
1596031884.440159,378.78537225723267,119.58338785171509,0
1596031884.4501486,380.5834822654724,119.58338785171509,0
1596031884.4601648,382.38639879226685,119.58338785171509,0
1596031884.4701593,384.1854100227356,119.58338785171509,0
1596031884.480156,385.9848074913025,119.58338785171509,0
1596031884.4901593,387.78540658950806,119.58338785171509,0
1596031884.5001485,389.58347368240356,119.58338785171509,0
1596031884.5035212,390.1905541419983,119.58338785171509,0
1596031884.5035212,452.76553773880005,119.58338785171509,0
1596031884.5101671,453.96180295944214,119.58338785171509,0
1596031884.5201643,455.7612862586975,119.58338785171509,0
1596031884.5301602,457.5605549812317,119.58338785171509,0
1596031884.5401633,459.361111164093,119.58338785171509,0
1596031884.5501678,461.1619248390198,119.58338785171509,0
1596031884.560159,462.9603352546692,119.58338785171509,0
1596031884.5701537,464.7593894004822,119.58338785171509,0
1596031884.5801473,466.558228969574,119.58338785171509,0
1596031884.590164,468.3612313270569,119.58338785171509,0
1596031884.6001468,470.15813970565796,119.58338785171509,0
1596031884.610164,471.96122789382935,119.58338785171509,0
1596031884.6201575,473.76006746292114,119.58338785171509,0
1596031884.6301494,475.55860662460327,119.58338785171509,0
1596031884.6401558,477.35976362228394,119.58338785171509,0
1596031884.6501505,479.1588177680969,119.58338785171509,0
1596031884.6601498,480.95868730545044,119.58338785171509,0
1596031884.670157,482.7599730491638,119.58338785171509,0
1596031884.6801493,484.5585980415344,119.58338785171509,0
1596031884.6901684,486.3620295524597,119.58338785171509,0
1596031884.7001681,488.1619849205017,119.58338785171509,0
1596031884.710157,489.95996618270874,119.58338785171509,0
1596031884.7201624,491.76095151901245,119.58338785171509,0
1596031884.730158,493.5601773262024,119.58338785171509,0
1596031884.7401555,495.359703540802,119.58338785171509,0
1596031884.7501607,497.1606459617615,119.58338785171509,0
1596031884.7601466,498.95811223983765,119.58338785171509,0
1596031884.7701685,500.7620587348938,119.58338785171509,0
1596031884.7801673,502.56184244155884,119.58338785171509,0
1596031884.7901635,504.36115407943726,119.58338785171509,0
1596031884.8001516,506.1590065956116,119.58338785171509,0
1596031884.810164,507.9612364768982,119.58338785171509,0
1596031884.820162,509.7608914375305,119.58338785171509,0
1596031884.8301628,511.56101846694946,119.58338785171509,0
1596031884.8401628,513.3610167503357,119.58338785171509,0
1596031884.8501623,515.1609292030334,119.58338785171509,0
1596031884.8601658,516.9615712165833,119.58338785171509,0
1596031884.870154,518.7594237327576,119.58338785171509,0
1596031884.8801558,520.5597653388977,119.58338785171509,0
1596031884.8901608,522.3606648445129,119.58338785171509,0
1596031884.900167,524.1617789268494,119.58338785171509,0
1596031884.9101615,525.9607901573181,119.58338785171509,0
1596031884.9201596,527.7604451179504,119.58338785171509,0
1596031884.930152,529.559070110321,119.58338785171509,0
1596031884.9401536,531.359368801117,119.58338785171509,0
1596031884.9501567,533.1599249839783,119.58338785171509,0
1596031884.9601486,534.9584641456604,119.58338785171509,0
1596031884.97015,536.7587199211121,119.58338785171509,0
1596031884.9801474,538.5582461357117,119.58338785171509,0
1596031884.9901648,540.3613772392273,119.58338785171509,0
1596031884.9961462,541.4380373954773,119.58338785171509,0
1596031884.9961462,498.13978271484376,119.58338785171509,0
1596031885.0001566,498.8616617202759,119.58338785171509,0
1596031885.0001566,0,119.58338785171509,0
1596031885.0101697,121.38574647903442,119.58338785171509,0
1596031885.0201724,123.18621683120728,119.58338785171509,0
1596031885.0301576,124.98355436325073,119.58338785171509,0
1596031885.0401688,126.78556966781616,119.58338785171509,0
1596031885.0501666,128.58518171310425,119.58338785171509,0
1596031885.060168,130.3854374885559,119.58338785171509,0
1596031885.0701752,132.1867232322693,119.58338785171509,0
1596031885.0801682,133.9854769706726,119.58338785171509,0
1596031885.0901685,135.78551816940308,119.58338785171509,0
1596031885.1001787,137.58736181259155,119.58338785171509,0
1596031885.1101754,139.38675928115845,119.58338785171509,0
1596031885.1201575,141.1835389137268,119.58338785171509,0
1596031885.1301746,142.9866271018982,119.58338785171509,0
1596031885.1401618,144.78430795669556,119.58338785171509,0
1596031885.150159,146.58379125595093,119.58338785171509,0
1596031885.160178,148.38722276687622,119.58338785171509,0
1596031885.170159,150.18383073806763,119.58338785171509,0
1596031885.1801646,151.98481607437134,119.58338785171509,0
1596031885.1901598,153.7839560508728,119.58338785171509,0
1596031885.2001739,155.5864863395691,119.58338785171509,0
1596031885.2101781,157.3872570991516,119.58338785171509,0
1596031885.2201655,159.1849808692932,119.58338785171509,0
1596031885.2301679,160.98540830612183,119.58338785171509,0
1596031885.2401688,162.785578250885,119.58338785171509,0
1596031885.2501614,164.58424615859985,119.58338785171509,0
1596031885.260173,166.38634729385376,119.58338785171509,0
1596031885.2701683,168.18548727035522,119.58338785171509,0
1596031885.280174,169.98651552200317,119.58338785171509,0
1596031885.2901733,171.7863850593567,119.58338785171509,0
1596031885.3001685,173.58552503585815,119.58338785171509,0
1596031885.3101726,175.38625288009644,119.58338785171509,0
1596031885.3201618,177.18431997299194,119.58338785171509,0
1596031885.3301713,178.9860348701477,119.58338785171509,0
1596031885.3401716,180.78607606887817,119.58338785171509,0
1596031885.3501692,182.58564519882202,119.58338785171509,0
1596031885.360168,184.38542890548706,119.58338785171509,0
1596031885.3701694,186.18568468093872,119.58338785171509,0
1596031885.3801637,187.98465299606323,119.58338785171509,0
1596031885.3901722,189.78619623184204,119.58338785171509,0
1596031885.4001567,191.58340501785278,119.58338785171509,0
1596031885.4101562,193.38331747055054,119.58338785171509,0
1596031885.4201581,195.18365907669067,119.58338785171509,0
1596031885.4301624,196.9844298362732,119.58338785171509,0
1596031885.4401665,198.78515768051147,119.58338785171509,0
1596031885.4501681,200.58545637130737,119.58338785171509,0
1596031885.4601665,202.38515424728394,119.58338785171509,0
1596031885.4701726,204.18626832962036,119.58338785171509,0
1596031885.4801764,205.9869532585144,119.58338785171509,0
1596031885.4901688,207.785578250885,119.58338785171509,0
1596031885.5001714,209.58604860305786,119.58338785171509,0
1596031885.5101767,211.38699102401733,119.58338785171509,0
1596031885.5201764,213.18694639205933,119.58338785171509,0
1596031885.5301695,214.98570013046265,119.58338785171509,0
1596031885.5401661,216.78509759902954,119.58338785171509,0
1596031885.5501742,218.58655500411987,119.58338785171509,0
1596031885.560161,220.384192943573,119.58338785171509,0
1596031885.5701673,222.18530702590942,119.58338785171509,0
1596031885.5801613,223.9842324256897,119.58338785171509,0
1596031885.5901737,225.78646230697632,119.58338785171509,0
1596031885.6001582,227.58367109298706,119.58338785171509,0
1596031885.6101766,229.38697385787964,119.58338785171509,0
1596031885.6201565,231.18336725234985,119.58338785171509,0
1596031885.6301775,232.98714208602905,119.58338785171509,0
1596031885.6401577,234.7835783958435,119.58338785171509,0
1596031885.650163,236.58452081680298,119.58338785171509,0
1596031885.6601624,238.38443326950073,119.58338785171509,0
1596031885.670172,240.1861481666565,119.58338785171509,0
1596031885.6801586,241.98374319076538,119.58338785171509,0
1596031885.6901705,243.78588724136353,119.58338785171509,0
1596031885.700163,245.58451223373413,119.58338785171509,0
1596031885.710178,247.38721418380737,119.58338785171509,0
1596031885.7201626,249.18446588516235,119.58338785171509,0
1596031885.7301667,250.98519372940063,119.58338785171509,0
1596031885.740167,252.7852349281311,119.58338785171509,0
1596031885.7501612,254.58420324325562,119.58338785171509,0
1596031885.7601588,256.38377237319946,119.58338785171509,0
1596031885.7701745,258.1866030693054,119.58338785171509,0
1596031885.780166,259.9850564002991,119.58338785171509,0
1596031885.7901647,261.7848401069641,119.58338785171509,0
1596031885.8001597,263.58393716812134,119.58338785171509,0
1596031885.810167,265.38526582717896,119.58338785171509,0
1596031885.8201644,267.18479204177856,119.58338785171509,0
1596031885.8301601,268.9840178489685,119.58338785171509,0
1596031885.840159,270.78380155563354,119.58338785171509,0
1596031885.850161,272.5841860771179,119.58338785171509,0
1596031885.860168,274.38542890548706,119.58338785171509,0
1596031885.870169,276.18559885025024,119.58338785171509,0
1596031885.8801663,277.98512506484985,119.58338785171509,0
1596031885.8901744,279.7865824699402,119.58338785171509,0
1596031885.90016,281.5840058326721,119.58338785171509,0
1596031885.9101694,283.38567781448364,119.58338785171509,0
1596031885.9201705,285.18589067459106,119.58338785171509,0
1596031885.9301667,286.9852023124695,119.58338785171509,0
1596031885.9401717,288.7861018180847,119.58338785171509,0
1596031885.9501565,290.5833535194397,119.58338785171509,0
1596031885.9601643,292.3847680091858,119.58338785171509,0
1596031885.9701703,294.185839176178,119.58338785171509,0
1596031885.9801598,295.9839491844177,119.58338785171509,0
1596031885.9901717,297.78609323501587,119.58338785171509,0
1596031886.0001686,299.585533618927,119.58338785171509,0
1596031886.0101666,301.3851885795593,119.58338785171509,0
1596031886.0201728,303.18630266189575,119.58338785171509,0
1596031886.0301633,304.98458433151245,119.58338785171509,0
1596031886.040164,306.7847113609314,119.58338785171509,0
1596031886.0501726,308.5862545967102,119.58338785171509,0
1596031886.0601752,310.38672494888306,119.58338785171509,0
1596031886.0701613,312.18423414230347,119.58338785171509,0
1596031886.0801597,313.98393201828003,119.58338785171509,0
1596031886.0901675,315.7853465080261,119.58338785171509,0
1596031886.100162,317.5843577384949,119.58338785171509,0
1596031886.1101673,319.38530015945435,119.58338785171509,0
1596031886.1201718,321.1861138343811,119.58338785171509,0
1596031886.1301625,322.98443841934204,119.58338785171509,0
1596031886.1401713,324.7860245704651,119.58338785171509,0
1596031886.1501586,326.5837483406067,119.58338785171509,0
1596031886.1601737,328.38645029067993,119.58338785171509,0
1596031886.1701694,330.1856760978699,119.58338785171509,0
1596031886.1801565,331.98335695266724,119.58338785171509,0
1596031886.1901681,333.78545808792114,119.58338785171509,0
1596031886.200174,335.58652925491333,119.58338785171509,0
1596031886.2101579,337.38360929489136,119.58338785171509,0
1596031886.2201774,339.1871266365051,119.58338785171509,0
1596031886.2301588,340.98377752304077,119.58338785171509,0
1596031886.240157,342.7834324836731,119.58338785171509,0
1596031886.2501698,344.5857481956482,119.58338785171509,0
1596031886.2601743,346.38656187057495,119.58338785171509,0
1596031886.2701657,348.1850152015686,119.58338785171509,0
1596031886.2801702,349.98582887649536,119.58338785171509,0
1596031886.2901573,351.7835097312927,119.58338785171509,0
1596031886.300177,353.58706998825073,119.58338785171509,0
1596031886.3101647,355.3848366737366,119.58338785171509,0
1596031886.3201716,357.1860795021057,119.58338785171509,0
1596031886.330177,358.9870648384094,119.58338785171509,0
1596031886.33581,360,119.58338785171509,1
1596031886.3401735,360.7864193916321,119.58338785171509,0
1596031886.3501682,362.58547353744507,119.58338785171509,0
1596031886.3601604,364.38405561447144,119.58338785171509,0
1596031886.3701768,366.1870150566101,119.58338785171509,0
1596031886.380158,367.9836230278015,119.58338785171509,0
1596031886.3901558,369.7832350730896,119.58338785171509,0
1596031886.4001656,371.5849928855896,119.58338785171509,0
1596031886.4101758,373.3868365287781,119.58338785171509,0
1596031886.4201753,375.18674898147583,119.58338785171509,0
1596031886.430166,376.98507356643677,119.58338785171509,0
1596031886.4401753,378.7867455482483,119.58338785171509,0
1596031886.4501739,380.5864863395691,119.58338785171509,0
1596031886.4601562,382.3833088874817,119.58338785171509,0
1596031886.4701555,384.1831784248352,119.58338785171509,0
1596031886.4801767,385.98699617385864,119.58338785171509,0
1596031886.4901624,387.7844195365906,119.58338785171509,0
1596031886.5001714,389.58604860305786,119.58338785171509,0
1596031886.5025134,390.0076060295105,119.58338785171509,0
1596031886.5025134,452.7106533050537,119.58338785171509,0
1596031886.5101695,454.0887508392334,119.58338785171509,0
1596031886.520164,455.88776206970215,119.58338785171509,0
1596031886.5301554,457.6862154006958,119.58338785171509,0
1596031886.5401733,459.4894323348999,119.58338785171509,0
1596031886.5501554,461.28621196746826,119.58338785171509,0
1596031886.5601716,463.0891284942627,119.58338785171509,0
1596031886.5701663,464.8881826400757,119.58338785171509,0
1596031886.5801659,466.68809509277344,119.58338785171509,0
1596031886.590164,468.48775005340576,119.58338785171509,0
1596031886.6001625,470.28749084472656,119.58338785171509,0
1596031886.6101682,472.0885190963745,119.58338785171509,0
1596031886.6201606,473.8871440887451,119.58338785171509,0
1596031886.6301668,475.68825817108154,119.58338785171509,0
1596031886.640173,477.48937225341797,119.58338785171509,0
1596031886.6501667,479.288254737854,119.58338785171509,0
1596031886.6601553,481.0861930847168,119.58338785171509,0
1596031886.6701558,482.8862771987915,119.58338785171509,0
1596031886.6801684,484.68854999542236,119.58338785171509,0
1596031886.6901758,486.48987865448,119.58338785171509,0
1596031886.7001638,488.2877311706543,119.58338785171509,0
1596031886.7101676,490.08841609954834,119.58338785171509,0
1596031886.7201712,491.88905811309814,119.58338785171509,0
1596031886.7301648,493.68789768218994,119.58338785171509,0
1596031886.740164,495.48776721954346,119.58338785171509,0
1596031886.750164,497.2877655029297,119.58338785171509,0
1596031886.7601705,499.08892250061035,119.58338785171509,0
1596031886.7701716,500.8891353607178,119.58338785171509,0
1596031886.7801688,502.68861865997314,119.58338785171509,0
1596031886.790157,504.4865140914917,119.58338785171509,0
1596031886.800166,506.28810024261475,119.58338785171509,0
1596031886.8101575,508.08659648895264,119.58338785171509,0
1596031886.8201735,509.88947010040283,119.58338785171509,0
1596031886.830166,511.6881380081177,119.58338785171509,0
1596031886.8401678,513.4884366989136,119.58338785171509,0
1596031886.8501713,515.2890787124634,119.58338785171509,0
1596031886.8601758,517.0898923873901,119.58338785171509,0
1596031886.8701646,518.8878736495972,119.58338785171509,0
1596031886.8801692,520.6886873245239,119.58338785171509,0
1596031886.8901684,522.4885568618774,119.58338785171509,0
1596031886.9001567,524.286452293396,119.58338785171509,0
1596031886.9101717,526.0891542434692,119.58338785171509,0
1596031886.9201593,527.8869209289551,119.58338785171509,0
1596031886.93016,529.687047958374,119.58338785171509,0
1596031886.940172,531.4891920089722,119.58338785171509,0
1596031886.9501598,533.2870016098022,119.58338785171509,0
1596031886.9601624,535.0874719619751,119.58338785171509,0
1596031886.9701552,536.8861827850342,119.58338785171509,0
1596031886.9801693,538.6887130737305,119.58338785171509,0
1596031886.9901748,540.4896984100342,119.58338785171509,0
1596031886.997651,541.8354377746582,119.58338785171509,0
1596031886.997651,498.259002828598,119.58338785171509,0
1596031887.0001695,498.71231760978696,119.58338785171509,0
1596031887.0001695,0,119.58338785171509,0
1596031887.0101895,121.38699102401733,119.58338785171509,0
1596031887.0201695,123.18338441848755,119.58338785171509,0
1596031887.030183,124.98582887649536,119.58338785171509,0
1596031887.0401733,126.78406763076782,119.58338785171509,0
1596031887.0501795,128.58518171310425,119.58338785171509,0
1596031887.0601878,130.38668203353882,119.58338785171509,0
1596031887.0701768,132.1847062110901,119.58338785171509,0
1596031887.0801826,133.98573446273804,119.58338785171509,0
1596031887.09017,135.78345823287964,119.58338785171509,0
1596031887.1001725,137.5839285850525,119.58338785171509,0
1596031887.1101835,139.38590097427368,119.58338785171509,0
1596031887.1201851,141.18619966506958,119.58338785171509,0
1596031887.1301882,142.9867558479309,119.58338785171509,0
1596031887.14018,144.78529500961304,119.58338785171509,0
1596031887.150176,146.58456373214722,119.58338785171509,0
1596031887.1601818,148.38559198379517,119.58338785171509,0
1596031887.170188,150.1867060661316,119.58338785171509,0
1596031887.180171,151.9836573600769,119.58338785171509,0
1596031887.1901705,153.78356981277466,119.58338785171509,0
1596031887.2001777,155.58485555648804,119.58338785171509,0
1596031887.2101865,157.38644170761108,119.58338785171509,0
1596031887.2201848,159.18613958358765,119.58338785171509,0
1596031887.230178,160.9849362373352,119.58338785171509,0
1596031887.2401714,162.78373289108276,119.58338785171509,0
1596031887.250185,164.58617734909058,119.58338785171509,0
1596031887.260178,166.3849310874939,119.58338785171509,0
1596031887.2701814,168.18553018569946,119.58338785171509,0
1596031887.2801914,169.9873309135437,119.58338785171509,0
1596031887.2901874,171.78659963607788,119.58338785171509,0
1596031887.30019,173.58706998825073,119.58338785171509,0
1596031887.310184,175.385995388031,119.58338785171509,0
1596031887.3201747,177.18431997299194,119.58338785171509,0
1596031887.330174,178.98418951034546,119.58338785171509,0
1596031887.3401697,180.7834153175354,119.58338785171509,0
1596031887.3501766,182.58465814590454,119.58338785171509,0
1596031887.3601904,184.3871455192566,119.58338785171509,0
1596031887.3701692,186.18332433700562,119.58338785171509,0
1596031887.3801732,187.9840521812439,119.58338785171509,0
1596031887.390179,189.78508043289185,119.58338785171509,0
1596031887.4001877,191.5866665840149,119.58338785171509,0
1596031887.4101875,193.38662195205688,119.58338785171509,0
1596031887.4201722,195.18387365341187,119.58338785171509,0
1596031887.4301803,196.9853310585022,119.58338785171509,0
1596031887.4401758,198.7845139503479,119.58338785171509,0
1596031887.4501889,200.58687257766724,119.58338785171509,0
1596031887.460187,202.38652753829956,119.58338785171509,0
1596031887.4701743,204.18425130844116,119.58338785171509,0
1596031887.4801762,205.9845929145813,119.58338785171509,0
1596031887.4901695,207.78338956832886,119.58338785171509,0
1596031887.500186,209.58634901046753,119.58338785171509,0
1596031887.5101721,211.38385820388794,119.58338785171509,0
1596031887.5201797,213.1852297782898,119.58338785171509,0
1596031887.53019,214.98707342147827,119.58338785171509,0
1596031887.54018,216.7852692604065,119.58338785171509,0
1596031887.5501723,218.5838942527771,119.58338785171509,0
1596031887.560177,220.3847508430481,119.58338785171509,0
1596031887.5701873,222.18659448623657,119.58338785171509,0
1596031887.5801804,223.9853482246399,119.58338785171509,0
1596031887.5901701,225.78350114822388,119.58338785171509,0
1596031887.6001816,227.58555936813354,119.58338785171509,0
1596031887.6101863,229.38641595840454,119.58338785171509,0
1596031887.6201801,231.18529844284058,119.58338785171509,0
1596031887.63018,232.98525381088257,119.58338785171509,0
1596031887.6401787,234.7850375175476,119.58338785171509,0
1596031887.6501794,236.58516454696655,119.58338785171509,0
1596031887.660175,238.3843903541565,119.58338785171509,0
1596031887.670171,240.18365907669067,119.58338785171509,0
1596031887.6801877,241.98666143417358,119.58338785171509,0
1596031887.6901832,243.7858443260193,119.58338785171509,0
1596031887.7001886,245.586829662323,119.58338785171509,0
1596031887.7101886,247.38682794570923,119.58338785171509,0
1596031887.7201898,249.18704080581665,119.58338785171509,0
