Timestamp,Phase,Heading,Ping?
1596031318.0000901,130.0,130.0,0
1596031318.0100977,131.80047035217285,130.0,0
1596031318.0201168,133.60390186309814,130.0,0
1596031318.030113,135.40321350097656,130.0,0
1596031318.040113,137.2032117843628,130.0,0
1596031318.050116,139.00376796722412,130.0,0
1596031318.060106,140.80196380615234,130.0,0
1596031318.0701149,142.6035499572754,130.0,0
1596031318.08011,144.40268993377686,130.0,0
1596031318.090101,146.20105743408203,130.0,0
1596031318.1001134,148.00328731536865,130.0,0
1596031318.1100986,149.8006248474121,130.0,0
1596031318.1201072,151.60216808319092,130.0,0
1596031318.1301038,153.4015655517578,130.0,0
1596031318.1401157,155.20370960235596,130.0,0
1596031318.150106,157.00194835662842,130.0,0
1596031318.1601121,158.80306243896484,130.0,0
1596031318.1701071,160.60215950012207,130.0,0
1596031318.1801162,162.40378856658936,130.0,0
1596031318.1901014,164.2011260986328,130.0,0
1596031318.2000985,166.00060939788818,130.0,0
1596031318.2101138,167.80335426330566,130.0,0
1596031318.2201018,169.60120677947998,130.0,0
1596031318.2300982,171.40056133270264,130.0,0
1596031318.240114,173.2033920288086,130.0,0
1596031318.2501009,175.00102996826172,130.0,0
1596031318.2601047,176.80171489715576,130.0,0
1596031318.270101,178.60106945037842,130.0,0
1596031318.2800982,180.4005527496338,130.0,0
1596031318.290105,182.20179557800293,130.0,0
1596031318.3001132,184.00325298309326,130.0,0
1596031318.3101156,185.80368041992188,130.0,0
1596031318.320101,187.60106086730957,130.0,0
1596031318.330114,189.40337657928467,130.0,0
1596031318.3401062,191.20200157165527,130.0,0
1596031318.3500972,193.00036907196045,130.0,0
1596031318.3601081,194.80234146118164,130.0,0
1596031318.37011,196.60268306732178,130.0,0
1596031318.380107,198.4021234512329,130.0,0
1596031318.3901036,200.2015209197998,130.0,0
1596031318.4001036,202.00151920318604,130.0,0
1596031318.4101036,203.80151748657227,130.0,0
1596031318.420116,205.6037473678589,130.0,0
1596031318.4300954,207.40005493164062,130.0,0
1596031318.4401133,209.20327186584473,130.0,0
1596031318.4500973,211.000394821167,130.0,0
1596031318.4600976,212.80043601989746,130.0,0
1596031318.470096,214.60017681121826,130.0,0
1596031318.480097,216.40034675598145,130.0,0
1596031318.490095,218.19995880126953,130.0,0
1596031318.5001118,220.00300407409668,130.0,0
1596031318.5101135,221.80330276489258,130.0,0
1596031318.520114,223.60338687896729,130.0,0
1596031318.530115,225.40355682373047,130.0,0
1596031318.540101,227.20106601715088,130.0,0
1596031318.5500948,228.9999485015869,130.0,0
1596031318.5601048,230.80174922943115,130.0,0
1596031318.5700989,232.60067462921143,130.0,0
1596031318.5801113,234.40290451049805,130.0,0
1596031318.5900981,236.20054244995117,130.0,0
1596031318.6001062,238.0019998550415,130.0,0
1596031318.6101065,239.80204105377197,130.0,0
1596031318.620099,241.60070896148682,130.0,0
1596031318.630104,243.40160846710205,130.0,0
1596031318.6401088,245.20246505737305,130.0,0
1596031318.6501012,247.00109004974365,130.0,0
1596031318.6601093,248.80254745483398,130.0,0
1596031318.670114,250.60340404510498,130.0,0
1596031318.6801155,252.40365982055664,130.0,0
1596031318.6901126,254.203143119812,130.0,0
1596031318.7001028,256.0013818740845,130.0,0
1596031318.7100964,257.80022144317627,130.0,0
1596031318.72011,259.6026659011841,130.0,0
1596031318.7301083,261.40236377716064,130.0,0
1596031318.7401123,263.2030916213989,130.0,0
1596031318.7500947,264.9999141693115,130.0,0
1596031318.7601104,266.8027448654175,130.0,0
1596031318.7700975,268.60042572021484,130.0,0
1596031318.780111,270.40287017822266,130.0,0
1596031318.7901027,272.20136642456055,130.0,0
1596031318.8000953,274.0000343322754,130.0,0
1596031318.8101077,275.802264213562,130.0,0
1596031318.8201053,277.60183334350586,130.0,0
1596031318.830102,279.40123081207275,130.0,0
1596031318.8400967,281.20028495788574,130.0,0
1596031318.8500974,283.0004119873047,130.0,0
1596031318.8601055,284.801869392395,130.0,0
1596031318.870109,286.6025114059448,130.0,0
1596031318.8801033,288.40147972106934,130.0,0
1596031318.890102,290.20122051239014,130.0,0
1596031318.9000974,292.00040340423584,130.0,0
1596031318.910096,293.80014419555664,130.0,0
1596031318.9201005,295.6009578704834,130.0,0
1596031318.9300961,297.40018367767334,130.0,0
1596031318.9401026,299.201340675354,130.0,0
1596031318.9501047,301.0017251968384,130.0,0
1596031318.960097,302.800350189209,130.0,0
1596031318.9700956,304.6000909805298,130.0,0
1596031318.9801056,306.401891708374,130.0,0
1596031318.990099,308.2006883621216,130.0,0
1596031319.0001132,310.0032615661621,130.0,0
1596031319.0101066,311.80205821990967,130.0,0
1596031319.0201077,313.6022710800171,130.0,0
1596031319.0301008,315.4010248184204,130.0,0
1596031319.040103,317.2014093399048,130.0,0
1596031319.050109,319.002480506897,130.0,0
1596031319.0601063,320.8020067214966,130.0,0
1596031319.0700958,322.6001167297363,130.0,0
1596031319.0801077,324.4022607803345,130.0,0
1596031319.0900972,326.2003707885742,130.0,0
1596031319.1000955,328.0000686645508,130.0,0
1596031319.110095,329.79998111724854,130.0,0
1596031319.1200986,331.60062313079834,130.0,0
1596031319.130107,333.4021234512329,130.0,0
1596031319.1401014,335.20113468170166,130.0,0
1596031319.150101,337.0010471343994,130.0,0
1596031319.1601064,338.8020324707031,130.0,0
1596031319.1700945,340.59988498687744,130.0,0
1596031319.180112,342.40301609039307,130.0,0
1596031319.1900997,344.20082569122314,130.0,0
1596031319.2000954,346.0000514984131,130.0,0
1596031319.2100987,347.80065059661865,130.0,0
1596031319.220106,349.60193634033203,130.0,0
1596031319.2301157,351.40369415283203,130.0,0
1596031319.240095,353.19995880126953,130.0,0
1596031319.250096,355.00017166137695,130.0,0
1596031319.2601042,356.8016290664673,130.0,0
1596031319.270108,358.6023139953613,130.0,0
1596031319.2778869,360,130.0,1
1596031319.2801082,360.4023551940918,130.0,0
1596031319.2900949,362.1999502182007,130.0,0
1596031319.300109,364.002480506897,130.0,0
1596031319.3101063,365.8020067214966,130.0,0
1596031319.3200953,367.60003089904785,130.0,0
1596031319.330108,369.4023036956787,130.0,0
1596031319.340105,371.2017869949341,130.0,0
1596031319.350115,373.0035877227783,130.0,0
1596031319.3601031,374.80144023895264,130.0,0
1596031319.3701072,376.6021680831909,130.0,0
1596031319.3801014,378.40113639831543,130.0,0
1596031319.3901124,380.2031087875366,130.0,0
1596031319.4001114,382.0029354095459,130.0,0
1596031319.410103,383.8014316558838,130.0,0
1596031319.4201071,385.60215950012207,130.0,0
1596031319.430108,387.40232944488525,130.0,0
1596031319.440097,389.2003536224365,130.0,0
1596031319.4501147,391.0035276412964,130.0,0
1596031319.4601011,392.80107975006104,130.0,0
1596031319.470094,394.5997905731201,130.0,0
1596031319.4801142,396.4034366607666,130.0,0
1596031319.4900954,398.200044631958,130.0,0
1596031319.5001142,400.00343322753906,130.0,0
1596031319.510099,401.80068492889404,130.0,0
1596031319.5201066,403.6020565032959,130.0,0
1596031319.530106,405.40196895599365,130.0,0
1596031319.5401034,407.20149517059326,130.0,0
1596031319.5501125,409.00312423706055,130.0,0
1596031319.5600963,410.8002042770386,130.0,0
1596031319.5701065,412.60204792022705,130.0,0
1596031319.580107,414.40213203430176,130.0,0
1596031319.5901108,416.2028169631958,130.0,0
1596031319.6001062,418.0019998550415,130.0,0
1596031319.6100962,419.8001956939697,130.0,0
1596031319.620101,421.6010522842407,130.0,0
1596031319.63011,423.402681350708,130.0,0
1596031319.6401136,425.2033233642578,130.0,0
1596031319.650105,427.00177669525146,130.0,0
1596031319.6601045,428.8016891479492,130.0,0
1596031319.6700978,430.6004858016968,130.0,0
1596031319.680111,432.4028444290161,130.0,0
1596031319.6901026,434.201340675354,130.0,0
1596031319.7001069,436.0021114349365,130.0,0
1596031319.7100937,437.79974937438965,130.0,0
1596031319.7201116,439.60296630859375,130.0,0
1596031319.7301111,441.4028787612915,130.0,0
1596031319.7401147,443.2035207748413,130.0,0
1596031319.7501073,445.00218868255615,130.0,0
1596031319.7601018,446.8011999130249,130.0,0
1596031319.7701147,448.603515625,130.0,0
1596031319.780113,450.40321350097656,130.0,0
1596031319.7901022,452.20128059387207,130.0,0
1596031319.8001113,454.00290966033936,130.0,0
1596031319.810101,455.80106258392334,130.0,0
1596031319.8201082,457.6023483276367,130.0,0
1596031319.830099,459.4007158279419,130.0,0
1596031319.840104,461.20161533355713,130.0,0
1596031319.850097,463.0003261566162,130.0,0
1596031319.8601093,464.80255603790283,130.0,0
1596031319.8701098,466.60264015197754,130.0,0
1596031319.8801014,468.40113639831543,130.0,0
1596031319.890101,470.2010488510132,130.0,0
1596031319.9001093,472.00254917144775,130.0,0
1596031319.910094,473.79980087280273,130.0,0
1596031319.9201005,475.6009578704834,130.0,0
1596031319.930094,477.3997974395752,130.0,0
1596031319.9401104,479.20275688171387,130.0,0
1596031319.950103,481.0014247894287,130.0,0
1596031319.9601078,482.8022813796997,130.0,0
1596031319.9701142,484.60343837738037,130.0,0
1596031319.980108,486.4023208618164,130.0,0
1596031319.9901116,488.2029628753662,130.0,0
1596031320.0001123,490.00308990478516,130.0,0
1596031320.0001123,0,130.0,0
1596031320.010131,131.80334568023682,130.0,0
1596031320.0201235,133.60201358795166,130.0,0
1596031320.0301313,135.40342807769775,130.0,0
1596031320.0401185,137.20110893249512,130.0,0
1596031320.0501316,139.00346755981445,130.0,0
1596031320.060117,140.80084800720215,130.0,0
1596031320.0701146,142.600417137146,130.0,0
1596031320.0801277,144.40277576446533,130.0,0
1596031320.0901172,146.20088577270508,130.0,0
1596031320.1001284,148.0029010772705,130.0,0
1596031320.110119,149.80122566223145,130.0,0
1596031320.120118,151.60100936889648,130.0,0
1596031320.1301167,153.40079307556152,130.0,0
1596031320.1401129,155.20010471343994,130.0,0
1596031320.1501238,157.00207710266113,130.0,0
1596031320.1601307,158.80331993103027,130.0,0
1596031320.1701312,160.60340404510498,130.0,0
1596031320.1801252,162.40232944488525,130.0,0
1596031320.1901197,164.201340675354,130.0,0
1596031320.2001152,166.0005235671997,130.0,0
1596031320.2101295,167.80309677124023,130.0,0
1596031320.2201192,169.60124969482422,130.0,0
1596031320.2301178,171.40099048614502,130.0,0
1596031320.240114,173.20030212402344,130.0,0
1596031320.250126,175.00244617462158,130.0,0
1596031320.260124,176.8021011352539,130.0,0
1596031320.2701273,178.60270023345947,130.0,0
1596031320.2801256,180.40239810943604,130.0,0
1596031320.2901158,182.2006368637085,130.0,0
1596031320.300121,184.00157928466797,130.0,0
1596031320.3101318,185.80350875854492,130.0,0
1596031320.3201241,187.60213375091553,130.0,0
1596031320.3301153,189.40054416656494,130.0,0
1596031320.3401122,191.19998455047607,130.0,0
1596031320.3501146,193.0004119873047,130.0,0
1596031320.3601134,194.80019569396973,130.0,0
1596031320.3701208,196.60152435302734,130.0,0
1596031320.3801174,198.40092182159424,130.0,0
1596031320.3901303,200.20323753356934,130.0,0
1596031320.4001286,202.0029354095459,130.0,0
1596031320.4101207,203.80151748657227,130.0,0
1596031320.4201133,205.6001853942871,130.0,0
1596031320.430129,207.40301609039307,130.0,0
1596031320.4401195,209.20129776000977,130.0,0
1596031320.450127,211.00262641906738,130.0,0
1596031320.4601278,212.80279636383057,130.0,0
1596031320.4701266,214.6025800704956,130.0,0
1596031320.480116,216.4006471633911,130.0,0
1596031320.4901192,218.20124626159668,130.0,0
1596031320.5001123,220.0,130.0,0
1596031320.5101132,221.80016994476318,130.0,0
1596031320.520132,223.60355854034424,130.0,0
1596031320.5301125,225.40003776550293,130.0,0
1596031320.540121,227.20158100128174,130.0,0
1596031320.5501158,229.00063514709473,130.0,0
1596031320.5601275,230.80273628234863,130.0,0
1596031320.5701306,232.60329246520996,130.0,0
1596031320.5801134,234.40020084381104,130.0,0
1596031320.5901303,236.20324611663818,130.0,0
1596031320.600122,238.00174236297607,130.0,0
1596031320.6101289,239.80298519134521,130.0,0
1596031320.6201296,241.60311222076416,130.0,0
1596031320.630133,243.40371131896973,130.0,0
1596031320.6401193,245.20126342773438,130.0,0
1596031320.6501174,247.0009183883667,130.0,0
1596031320.6601183,248.80108833312988,130.0,0
1596031320.6701162,250.60070037841797,130.0,0
1596031320.6801116,252.39988327026367,130.0,0
1596031320.6901245,254.20219898223877,130.0,0
1596031320.7001197,256.00133895874023,130.0,0
1596031320.710133,257.8037405014038,130.0,0
1596031320.7201252,259.6023225784302,130.0,0
1596031320.73013,261.4031791687012,130.0,0
1596031320.7401183,263.2010746002197,130.0,0
1596031320.7501302,265.00321865081787,130.0,0
1596031320.760114,266.8002986907959,130.0,0
1596031320.770129,268.60300064086914,130.0,0
1596031320.780116,270.4006814956665,130.0,0
1596031320.790126,272.20248222351074,130.0,0
1596031320.8001165,274.00076389312744,130.0,0
1596031320.8101265,275.8025646209717,130.0,0
1596031320.820132,277.6035499572754,130.0,0
1596031320.8301246,279.40221786499023,130.0,0
1596031320.8401318,281.2035036087036,130.0,0
1596031320.8501313,283.00341606140137,130.0,0
1596031320.8601127,284.800066947937,130.0,0
1596031320.8701308,286.60332679748535,130.0,0
1596031320.8801188,288.40117931365967,130.0,0
1596031320.8901289,290.2029800415039,130.0,0
1596031320.9001205,292.0014762878418,130.0,0
1596031320.9101322,293.8035774230957,130.0,0
1596031320.9201195,295.6013011932373,130.0,0
1596031320.9301314,297.40344524383545,130.0,0
1596031320.9401267,299.2025852203369,130.0,0
1596031320.950125,301.0022830963135,130.0,0
1596031320.9601326,302.80365467071533,130.0,0
1596031320.97012,304.60137844085693,130.0,0
1596031320.9801219,306.40172004699707,130.0,0
1596031320.9901288,308.2029628753662,130.0,0
1596031321.0001304,310.0032615661621,130.0,0
1596031321.0101156,311.80059909820557,130.0,0
1596031321.0201252,313.6023139953613,130.0,0
1596031321.0301242,315.4021406173706,130.0,0
1596031321.0401316,317.2034692764282,130.0,0
1596031321.0501218,319.0017080307007,130.0,0
1596031321.0601323,320.8035945892334,130.0,0
1596031321.0701249,322.60226249694824,130.0,0
1596031321.0801191,324.40123081207275,130.0,0
1596031321.0901234,326.2020015716553,130.0,0
1596031321.1001158,328.0006265640259,130.0,0
1596031321.110123,329.80191230773926,130.0,0
1596031321.1201262,331.6025114059448,130.0,0
1596031321.1301167,333.4007930755615,130.0,0
1596031321.1401303,335.20323753356934,130.0,0
1596031321.1501198,337.0013475418091,130.0,0
1596031321.160113,338.80014419555664,130.0,0
1596031321.1701252,340.602331161499,130.0,0
1596031321.1801298,342.4031448364258,130.0,0
1596031321.1901164,344.20073986053467,130.0,0
1596031321.2001228,346.00189685821533,130.0,0
1596031321.2101257,347.8024101257324,130.0,0
1596031321.2201169,349.60082054138184,130.0,0
1596031321.2301207,351.4015054702759,130.0,0
1596031321.2401278,353.20279121398926,130.0,0
1596031321.2501254,355.0023603439331,130.0,0
1596031321.260129,356.8030023574829,130.0,0
1596031321.270113,358.6001253128052,130.0,0
1596031321.2778916,360,130.0,1
1596031321.280123,360.4019260406494,130.0,0
1596031321.2901232,362.2019672393799,130.0,0
1596031321.3001246,364.00222301483154,130.0,0
1596031321.31013,365.803165435791,130.0,0
1596031321.32012,367.6014041900635,130.0,0
1596031321.330111,369.39977169036865,130.0,0
1596031321.3401165,371.20075702667236,130.0,0
1596031321.3501303,373.0032444000244,130.0,0
1596031321.3601317,374.8035001754761,130.0,0
1596031321.3701293,376.6030693054199,130.0,0
1596031321.3801196,378.4013080596924,130.0,0
1596031321.390125,380.2022933959961,130.0,0
1596031321.4001155,382.0005750656128,130.0,0
1596031321.4101202,383.8014316558838,130.0,0
1596031321.420129,385.60301780700684,130.0,0
1596031321.4301188,387.4011707305908,130.0,0
1596031321.440121,389.2015552520752,130.0,0
1596031321.4501307,391.0033130645752,130.0,0
1596031321.4601126,392.8000497817993,130.0,0
1596031321.4701276,394.60275173187256,130.0,0
1596031321.4801185,396.40111923217773,130.0,0
1596031321.4901264,398.2025337219238,130.0,0
1596031321.500118,400.0010299682617,130.0,0
1596031321.5101142,401.80034160614014,130.0,0
1596031321.5201237,403.6020565032959,130.0,0
1596031321.5301297,405.4031276702881,130.0,0
1596031321.540129,407.2029972076416,130.0,0
1596031321.550124,409.0020942687988,130.0,0
1596031321.5601115,410.79986095428467,130.0,0
1596031321.57013,412.6032066345215,130.0,0
1596031321.5801268,414.4026041030884,130.0,0
1596031321.5901217,416.2017011642456,130.0,0
1596031321.6001272,418.0026865005493,130.0,0
1596031321.6101189,419.8011827468872,130.0,0
1596031321.620121,421.6015672683716,130.0,0
1596031321.6301324,423.40362548828125,130.0,0
1596031321.6401196,425.2013063430786,130.0,0
1596031321.650131,427.0033645629883,130.0,0
1596031321.660115,428.80048751831055,130.0,0
1596031321.6701205,430.60147285461426,130.0,0
1596031321.680125,432.402286529541,130.0,0
1596031321.690132,434.20352935791016,130.0,0
1596031321.7001166,436.00078105926514,130.0,0
1596031321.7101212,437.8015947341919,130.0,0
1596031321.7201319,439.60352420806885,130.0,0
1596031321.7301273,441.40270709991455,130.0,0
1596031321.7401288,443.2029628753662,130.0,0
1596031321.7501295,445.00308990478516,130.0,0
1596031321.760124,446.8021011352539,130.0,0
1596031321.7701151,448.6005115509033,130.0,0
1596031321.7801275,450.40274143218994,130.0,0
1596031321.790127,452.2026538848877,130.0,0
1596031321.800132,454.00355339050293,130.0,0
1596031321.810123,455.8019208908081,130.0,0
1596031321.8201253,457.6023483276367,130.0,0
1596031321.8301232,459.4019603729248,130.0,0
1596031321.8401186,461.2011432647705,130.0,0
1596031321.850117,463.00084114074707,130.0,0
1596031321.8601184,464.80109691619873,130.0,0
1596031321.8701243,466.6021680831909,130.0,0
1596031321.8801157,468.40062141418457,130.0,0
1596031321.8901272,470.20267963409424,130.0,0
1596031321.9001179,472.0010042190552,130.0,0
1596031321.9101217,473.8016891479492,130.0,0
1596031321.9201155,475.60057163238525,130.0,0
1596031321.9301236,477.4020290374756,130.0,0
1596031321.940127,479.20262813568115,130.0,0
1596031321.9501107,480.9997081756592,130.0,0
1596031321.9601161,482.8006935119629,130.0,0
1596031321.9701216,484.6016788482666,130.0,0
1596031321.980112,486.3999605178833,130.0,0
1596031321.990125,488.2022762298584,130.0,0
1596031322.0001307,490.00330448150635,130.0,0
1596031322.0001307,0,130.0,0
1596031322.0101438,131.80235862731934,130.0,0
1596031322.0201428,133.6021852493286,130.0,0
1596031322.0301397,135.40162563323975,130.0,0
1596031322.040136,137.2009801864624,130.0,0
1596031322.050132,139.00024890899658,130.0,0
1596031322.0601463,140.8028221130371,130.0,0
1596031322.070148,142.603120803833,130.0,0
1596031322.0801368,144.40110206604004,130.0,0
1596031322.0901463,146.2028169631958,130.0,0
1596031322.100138,148.0013132095337,130.0,0
1596031322.110141,149.80186939239502,130.0,0
1596031322.1201348,151.60075187683105,130.0,0
1596031322.1301494,153.40336799621582,130.0,0
1596031322.1401396,155.20160675048828,130.0,0
1596031322.1501405,157.00177669525146,130.0,0
1596031322.16015,158.80349159240723,130.0,0
1596031322.1701455,160.60267448425293,130.0,0
1596031322.1801524,162.40391731262207,130.0,0
1596031322.1901414,164.20194149017334,130.0,0
1596031322.200152,166.00382804870605,130.0,0
1596031322.210142,167.80202388763428,130.0,0
1596031322.2201488,169.60326671600342,130.0,0
1596031322.2301464,171.40283584594727,130.0,0
1596031322.2401488,173.20326328277588,130.0,0
1596031322.2501364,175.00102996826172,130.0,0
1596031322.2601483,176.80317401885986,130.0,0
1596031322.2701313,178.60012531280518,130.0,0
1596031322.280139,180.40149688720703,130.0,0
1596031322.2901468,182.20291137695312,130.0,0
1596031322.300138,184.00132179260254,130.0,0
1596031322.3101506,185.8035945892334,130.0,0
1596031322.3201475,187.60303497314453,130.0,0
1596031322.330143,189.40221786499023,130.0,0
1596031322.3401363,191.2010145187378,130.0,0
1596031322.3501372,193.00118446350098,130.0,0
1596031322.3601384,194.8013973236084,130.0,0
1596031322.3701339,196.6005802154541,130.0,0
1596031322.3801367,198.4010934829712,130.0,0
1596031322.3901305,200.19997596740723,130.0,0
1596031322.4001513,202.0037078857422,130.0,0
1596031322.4101417,203.8019895553589,130.0,0
1596031322.4201345,205.60070037841797,130.0,0
1596031322.430132,207.40022659301758,130.0,0
1596031322.44014,209.2016839981079,130.0,0
1596031322.450142,211.00202560424805,130.0,0
1596031322.4601417,212.80198097229004,130.0,0
1596031322.4701507,214.60361003875732,130.0,0
1596031322.4801445,216.40249252319336,130.0,0
1596031322.4901433,218.2022762298584,130.0,0
1596031322.5001433,220.00227451324463,130.0,0
1596031322.5101461,221.80278778076172,130.0,0
1596031322.5201354,223.60085487365723,130.0,0
1596031322.530136,225.40098190307617,130.0,0
1596031322.5401468,227.20291137695312,130.0,0
1596031322.5501442,229.00243759155273,130.0,0
1596031322.5601423,230.80209255218506,130.0,0
1596031322.5701396,232.60161876678467,130.0,0
1596031322.5801342,234.40062999725342,130.0,0
1596031322.5901334,236.20049953460693,130.0,0
1596031322.6001441,238.0024290084839,130.0,0
1596031322.6101334,239.8004961013794,130.0,0
1596031322.620134,241.60062313079834,130.0,0
1596031322.6301444,243.40246677398682,130.0,0
1596031322.6401477,245.20306587219238,130.0,0
1596031322.650149,247.00332164764404,130.0,0
1596031322.6601334,248.80048751831055,130.0,0
1596031322.670148,250.6031036376953,130.0,0
1596031322.6801426,252.4021577835083,130.0,0
1596031322.690147,254.20292854309082,130.0,0
1596031322.7001457,256.00271224975586,130.0,0
1596031322.710132,257.80022144317627,130.0,0
1596031322.7201371,259.60116386413574,130.0,0
1596031322.7301414,261.40193462371826,130.0,0
1596031322.7401483,263.2031774520874,130.0,0
1596031322.7501476,265.0030469894409,130.0,0
1596031322.7601361,266.8009853363037,130.0,0
1596031322.770151,268.6036443710327,130.0,0
1596031322.7801309,270.40003776550293,130.0,0
1596031322.790137,272.20115184783936,130.0,0
1596031322.8001306,273.99999141693115,130.0,0
1596031322.810133,275.80041885375977,130.0,0
1596031322.8201299,277.5998592376709,130.0,0
1596031322.8301442,279.4024324417114,130.0,0
1596031322.8401458,281.2027311325073,130.0,0
1596031322.850135,283.00079822540283,130.0,0
1596031322.8601303,284.7999382019043,130.0,0
1596031322.87014,286.6016960144043,130.0,0
1596031322.880133,288.4004068374634,130.0,0
1596031322.8901472,290.2029800415039,130.0,0
1596031322.9001389,292.0014762878418,130.0,0
1596031322.9101477,293.80306243896484,130.0,0
1596031322.9201434,295.6022882461548,130.0,0
1596031322.9301476,297.4030590057373,130.0,0
1596031322.9401352,299.20082569122314,130.0,0
1596031322.9501407,301.00181102752686,130.0,0
1596031322.9601393,302.80155181884766,130.0,0
1596031322.9701362,304.6009922027588,130.0,0
1596031322.9801352,306.40081882476807,130.0,0
1596031322.9901502,308.2035207748413,130.0,0
1596031323.0001369,310.0011157989502,130.0,0
1596031323.0101428,311.8021869659424,130.0,0
1596031323.0201342,313.60064029693604,130.0,0
1596031323.0301476,315.4030418395996,130.0,0
1596031323.0401306,317.1999931335449,130.0,0
1596031323.050149,319.0032958984375,130.0,0
1596031323.0601358,320.8009338378906,130.0,0
1596031323.0701509,322.60363578796387,130.0,0
1596031323.0801444,324.40247535705566,130.0,0
1596031323.0901346,326.2007141113281,130.0,0
1596031323.1001313,328.000111579895,130.0,0
1596031323.1101353,329.8008394241333,130.0,0
1596031323.1201353,331.60083770751953,130.0,0
1596031323.1301348,333.4007501602173,130.0,0
1596031323.1401355,335.20087718963623,130.0,0
1596031323.1501315,337.0001459121704,130.0,0
1596031323.1601462,338.8028049468994,130.0,0
1596031323.170136,340.6009578704834,130.0,0
1596031323.1801453,342.4026298522949,130.0,0
1596031323.190142,344.2020273208618,130.0,0
1596031323.2001417,346.0019826889038,130.0,0
1596031323.2101326,347.800350189209,130.0,0
1596031323.220131,349.60004806518555,130.0,0
1596031323.2301471,351.40296459198,130.0,0
1596031323.2401485,353.20322036743164,130.0,0
1596031323.2501438,355.0023603439331,130.0,0
1596031323.260138,356.8013286590576,130.0,0
1596031323.270143,358.60222816467285,130.0,0
1596031323.277914,360,130.0,1
1596031323.2801342,360.40063858032227,130.0,0
1596031323.2901495,362.20338344573975,130.0,0
1596031323.3001463,364.0028238296509,130.0,0
1596031323.3101382,365.801362991333,130.0,0
1596031323.3201354,367.6008462905884,130.0,0
1596031323.3301382,369.40135955810547,130.0,0
1596031323.3401337,371.2005424499512,130.0,0
1596031323.3501399,373.0016565322876,130.0,0
1596031323.36014,374.80169773101807,130.0,0
1596031323.3701305,376.59997940063477,130.0,0
1596031323.3801408,378.40182304382324,130.0,0
1596031323.390136,380.2009630203247,130.0,0
1596031323.400148,382.00310707092285,130.0,0
1596031323.4101338,383.800573348999,130.0,0
1596031323.420146,385.6027603149414,130.0,0
1596031323.430134,387.4006128311157,130.0,0
1596031323.440136,389.20095443725586,130.0,0
1596031323.4501386,391.0014247894287,130.0,0
1596031323.4601316,392.80017852783203,130.0,0
1596031323.4701421,394.60206508636475,130.0,0
1596031323.4801428,396.4021921157837,130.0,0
1596031323.4901435,398.20231914520264,130.0,0
1596031323.5001397,400.00163078308105,130.0,0
1596031323.5101411,401.8018865585327,130.0,0
1596031323.5201344,403.6006832122803,130.0,0
1596031323.530137,405.4011535644531,130.0,0
1596031323.5401304,407.1999502182007,130.0,0
1596031323.5501456,409.00269508361816,130.0,0
1596031323.5601301,410.7999038696289,130.0,0
1596031323.5701325,412.6003313064575,130.0,0
1596031323.5801425,414.40213203430176,130.0,0
1596031323.5901442,416.20243072509766,130.0,0
1596031323.6001334,418.00049781799316,130.0,0
1596031323.6101332,419.80045318603516,130.0,0
1596031323.6201475,421.6030263900757,130.0,0
1596031323.6301446,423.40250968933105,130.0,0
1596031323.6401408,425.2018213272095,130.0,0
1596031323.6501434,427.0022916793823,130.0,0
1596031323.6601472,428.80297660827637,130.0,0
1596031323.6701496,430.603404045105,130.0,0
1596031323.680136,432.40095615386963,130.0,0
1596031323.6901457,434.20271396636963,130.0,0
1596031323.7001488,436.00327014923096,130.0,0
1596031323.7101352,437.8008222579956,130.0,0
1596031323.7201498,439.60343837738037,130.0,0
1596031323.7301433,441.40227794647217,130.0,0
1596031323.7401357,443.2009029388428,130.0,0
1596031323.7501307,445.0,130.0,0
1596031323.7601418,446.80201530456543,130.0,0
1596031323.77013,448.59986782073975,130.0,0
1596031323.7801485,450.40321350097656,130.0,0
1596031323.7901344,452.20067977905273,130.0,0
1596031323.8001497,454.0034246444702,130.0,0
1596031323.810129,455.7996892929077,130.0,0
1596031323.8201401,457.60170459747314,130.0,0
1596031323.8301353,459.4008445739746,130.0,0
1596031323.8401296,461.1998128890991,130.0,0
1596031323.850146,463.0027723312378,130.0,0
1596031323.8601456,464.80268478393555,130.0,0
1596031323.8701386,466.60143852233887,130.0,0
1596031323.8801336,468.4005355834961,130.0,0
1596031323.8901398,470.2016496658325,130.0,0
1596031323.900146,472.00276374816895,130.0,0
1596031323.9101424,473.8021183013916,130.0,0
1596031323.9201298,475.5998420715332,130.0,0
1596031323.9301395,477.4015998840332,130.0,0
1596031323.94014,479.2016839981079,130.0,0
1596031323.9501348,481.0007381439209,130.0,0
1596031323.9601429,482.80219554901123,130.0,0
1596031323.97015,484.6034812927246,130.0,0
1596031323.9801474,486.4030075073242,130.0,0
1596031323.9901378,488.2012891769409,130.0,0
1596031324.00013,489.9998712539673,130.0,0
1596031324.000154,490.00420570373535,130.0,0
1596031324.000154,0,130.0,0
1596031324.0101647,131.80192947387695,130.0,0
1596031324.0201628,133.60158443450928,130.0,0
1596031324.0301585,135.40081024169922,130.0,0
1596031324.0401676,137.2024393081665,130.0,0
1596031324.0501702,139.00290966033936,130.0,0
1596031324.060171,140.8030366897583,130.0,0
1596031324.0701709,142.60303497314453,130.0,0
1596031324.0801556,144.4002866744995,130.0,0
1596031324.0901554,146.2002420425415,130.0,0
1596031324.100156,148.00036907196045,130.0,0
1596031324.1101642,149.80182647705078,130.0,0
1596031324.1201673,151.6023826599121,130.0,0
1596031324.1301694,153.40276718139648,130.0,0
1596031324.140174,155.20358085632324,130.0,0
1596031324.1501627,157.00156211853027,130.0,0
1596031324.1601691,158.80271911621094,130.0,0
1596031324.1701682,160.60254573822021,130.0,0
1596031324.1801546,162.40009784698486,130.0,0
1596031324.1901617,164.20138359069824,130.0,0
1596031324.2001684,166.00258350372314,130.0,0
1596031324.2101645,167.80189514160156,130.0,0
1596031324.2201717,169.60318088531494,130.0,0
1596031324.2301629,171.40159130096436,130.0,0
1596031324.2401645,173.20188999176025,130.0,0
1596031324.250174,175.00360488891602,130.0,0
1596031324.2601728,176.80338859558105,130.0,0
1596031324.2701547,178.60012531280518,130.0,0
1596031324.280157,180.4005527496338,130.0,0
1596031324.2901564,182.2004222869873,130.0,0
1596031324.3001652,184.00200843811035,130.0,0
1596031324.31017,185.80286502838135,130.0,0
1596031324.3201692,187.60273456573486,130.0,0
1596031324.3301566,189.40045833587646,130.0,0
1596031324.3401675,191.20243072509766,130.0,0
1596031324.3501565,193.00045490264893,130.0,0
1596031324.3601658,194.80212688446045,130.0,0
1596031324.3701565,196.6004514694214,130.0,0
1596031324.3801725,198.40332508087158,130.0,0
1596031324.390171,200.20306587219238,130.0,0
1596031324.4001646,202.00190544128418,130.0,0
1596031324.410173,203.80340576171875,130.0,0
1596031324.4201546,205.60009956359863,130.0,0
1596031324.4301639,207.40177154541016,130.0,0
1596031324.4401662,209.20219898223877,130.0,0
1596031324.4501705,211.0029697418213,130.0,0
1596031324.4601607,212.80120849609375,130.0,0
1596031324.470167,214.60232257843018,130.0,0
1596031324.4801674,216.40240669250488,130.0,0
1596031324.4901729,218.2033920288086,130.0,0
1596031324.5001655,220.00205993652344,130.0,0
1596031324.5101671,221.80235862731934,130.0,0
1596031324.5201697,223.6028289794922,130.0,0
1596031324.5301685,225.40261268615723,130.0,0
1596031324.5401661,227.20218181610107,130.0,0
1596031324.5501657,229.00209426879883,130.0,0
1596031324.5601559,230.8003330230713,130.0,0
1596031324.5701644,232.6018762588501,130.0,0
1596031324.580172,234.40324783325195,130.0,0
1596031324.590161,236.20127201080322,130.0,0
1596031324.600162,238.0014419555664,130.0,0
1596031324.610164,239.80178356170654,130.0,0
1596031324.6201558,241.60032272338867,130.0,0
1596031324.630155,243.4001922607422,130.0,0
1596031324.6401567,245.2004909515381,130.0,0
1596031324.6501677,247.00246334075928,130.0,0
1596031324.6601648,248.80194664001465,130.0,0
1596031324.6701612,250.6013011932373,130.0,0
1596031324.6801717,252.40318775177002,130.0,0
1596031324.6901731,254.20344352722168,130.0,0
1596031324.7001672,256.00236892700195,130.0,0
1596031324.7101588,257.80086517333984,130.0,0
1596031324.7201636,259.60172176361084,130.0,0
1596031324.7301733,261.40347957611084,130.0,0
1596031324.7401562,263.2003879547119,130.0,0
1596031324.7501554,265.00025749206543,130.0,0
1596031324.7601633,266.8016719818115,130.0,0
1596031324.770157,268.60055446624756,130.0,0
1596031324.7801688,270.40265560150146,130.0,0
1596031324.7901545,272.2000789642334,130.0,0
1596031324.800159,274.00089263916016,130.0,0
1596031324.810168,275.80252170562744,130.0,0
1596031324.8201742,277.60363578796387,130.0,0
1596031324.830173,279.4034194946289,130.0,0
1596031324.840159,281.2008857727051,130.0,0
1596031324.8501575,283.0006265640259,130.0,0
1596031324.8601692,284.8027276992798,130.0,0
1596031324.8701625,286.60152435302734,130.0,0
1596031324.8801618,288.40139389038086,130.0,0
1596031324.8901706,290.2029800415039,130.0,0
1596031324.9001567,292.0004892349243,130.0,0
1596031324.9101572,293.800573348999,130.0,0
1596031324.9201674,295.6024169921875,130.0,0
1596031324.930159,297.4009132385254,130.0,0
1596031324.9401617,299.20138359069824,130.0,0
1596031324.9501688,301.0026693344116,130.0,0
1596031324.9601533,302.79987812042236,130.0,0
1596031324.9701614,304.6013355255127,130.0,0
1596031324.9801657,306.4021062850952,130.0,0
1596031324.990153,308.1998300552368,130.0,0
1596031325.0001578,310.0006866455078,130.0,0
1596031325.010155,311.8001699447632,130.0,0
1596031325.0201638,313.60175609588623,130.0,0
1596031325.0301712,315.40308475494385,130.0,0
1596031325.040174,317.20359802246094,130.0,0
1596031325.0501595,319.00097846984863,130.0,0
1596031325.0601542,320.8000326156616,130.0,0
1596031325.0701694,322.6027774810791,130.0,0
1596031325.0801694,324.40277576446533,130.0,0
1596031325.0901546,326.2001132965088,130.0,0
1596031325.1001723,328.00328731536865,130.0,0
1596031325.11017,329.8028564453125,130.0,0
1596031325.1201544,331.60006523132324,130.0,0
1596031325.1301663,333.4022092819214,130.0,0
1596031325.140153,335.1998043060303,130.0,0
1596031325.1501722,337.0032787322998,130.0,0
1596031325.16017,338.8028907775879,130.0,0
1596031325.1701658,340.60211658477783,130.0,0
1596031325.1801739,342.40357398986816,130.0,0
1596031325.1901622,344.2014694213867,130.0,0
1596031325.200168,346.00249767303467,130.0,0
1596031325.2101622,347.8014659881592,130.0,0
1596031325.2201664,349.6022367477417,130.0,0
1596031325.2301712,351.4030933380127,130.0,0
1596031325.240169,353.2027053833008,130.0,0
1596031325.2501726,355.0033473968506,130.0,0
1596031325.2601638,356.8017578125,130.0,0
1596031325.270165,358.6019706726074,130.0,0
1596031325.2779343,360,130.0,1
1596031325.280166,360.4021406173706,130.0,0
1596031325.2901583,362.2007656097412,130.0,0
1596031325.300163,364.0016222000122,130.0,0
1596031325.3101633,365.8016633987427,130.0,0
1596031325.3201568,367.6005029678345,130.0,0
1596031325.3301575,369.4006299972534,130.0,0
1596031325.340169,371.2026882171631,130.0,0
1596031325.3501554,373.00024032592773,130.0,0
1596031325.3601627,374.80156898498535,130.0,0
1596031325.3701556,376.60027980804443,130.0,0
1596031325.3801603,378.40113639831543,130.0,0
1596031325.390172,380.20323753356934,130.0,0
1596031325.4001646,382.0019054412842,130.0,0
1596031325.4101636,383.80173206329346,130.0,0
1596031325.4201636,385.6017303466797,130.0,0
1596031325.430174,387.4036169052124,130.0,0
1596031325.4401617,389.20138359069824,130.0,0
1596031325.4501731,391.0034418106079,130.0,0
1596031325.4601574,392.8006076812744,130.0,0
1596031325.4701602,394.6011209487915,130.0,0
1596031325.48016,396.4010763168335,130.0,0
1596031325.4901612,398.2012891769409,130.0,0
1596031325.5001733,400.0034761428833,130.0,0
1596031325.5101538,401.799955368042,130.0,0
1596031325.5201657,403.60209941864014,130.0,0
1596031325.5301614,405.4013252258301,130.0,0
1596031325.5401728,407.20338344573975,130.0,0
1596031325.5501654,409.0020513534546,130.0,0
1596031325.5601575,410.80063343048096,130.0,0
1596031325.5701635,412.60170459747314,130.0,0
1596031325.58017,414.4028615951538,130.0,0
1596031325.5901737,416.20354652404785,130.0,0
1596031325.6001604,418.00114154815674,130.0,0
1596031325.610166,419.8021697998047,130.0,0
1596031325.620171,421.6030693054199,130.0,0
1596031325.6301641,423.40182304382324,130.0,0
1596031325.640171,425.2030658721924,130.0,0
1596031325.6501591,427.0009183883667,130.0,0
1596031325.6601725,428.8033199310303,130.0,0
1596031325.6701577,430.60065746307373,130.0,0
1596031325.6801734,432.4034881591797,130.0,0
1596031325.6901581,434.20073986053467,130.0,0
1596031325.7001696,436.00279808044434,130.0,0
1596031325.710173,437.8033971786499,130.0,0
1596031325.7201545,439.6000909805298,130.0,0
1596031325.7301724,441.4033079147339,130.0,0
1596031325.7401726,443.20334911346436,130.0,0
1596031325.750167,445.00231742858887,130.0,0
1596031325.7601593,446.8009424209595,130.0,0
1596031325.7701614,448.60132694244385,130.0,0
1596031325.7801623,450.40149688720703,130.0,0
1596031325.790165,452.2019672393799,130.0,0
1596031325.800165,454.0019655227661,130.0,0
1596031325.8101606,455.80119132995605,130.0,0
1596031325.820166,457.60217666625977,130.0,0
1596031325.8301685,459.4026041030884,130.0,0
1596031325.840165,461.20195865631104,130.0,0
1596031325.8501713,463.0031156539917,130.0,0
1596031325.8601627,464.80156898498535,130.0,0
1596031325.8701572,466.6005802154541,130.0,0
1596031325.8801584,468.4007930755615,130.0,0
1596031325.8901594,470.2009630203247,130.0,0
1596031325.9001727,472.0033645629883,130.0,0
1596031325.910173,473.80340576171875,130.0,0
1596031325.9201565,475.60044288635254,130.0,0
1596031325.9301558,477.40031242370605,130.0,0
1596031325.9401722,479.2032718658447,130.0,0
1596031325.9501524,480.9997081756592,130.0,0
1596031325.960171,482.803053855896,130.0,0
1596031325.9701598,484.601035118103,130.0,0
1596031325.980157,486.4005184173584,130.0,0
1596031325.9901536,488.1999158859253,130.0,0
1596031326.000153,489.99982833862305,130.0,0
1596031326.0003283,490.0313711166382,130.0,0
1596031326.0003283,0,130.0,0
1596031326.0103338,131.8009853363037,130.0,0
1596031326.020347,133.60338687896729,130.0,0
1596031326.0303316,135.40059566497803,130.0,0
1596031326.040329,137.20012187957764,130.0,0
1596031326.050347,139.00338172912598,130.0,0
1596031326.0603395,140.80200672149658,130.0,0
1596031326.0703409,142.60226249694824,130.0,0
1596031326.080347,144.40337657928467,130.0,0
1596031326.0903478,146.2035036087036,130.0,0
1596031326.1003454,148.00307273864746,130.0,0
1596031326.1103446,149.80294227600098,130.0,0
1596031326.1203444,151.60289764404297,130.0,0
1596031326.13034,153.4021234512329,130.0,0
1596031326.1403415,155.20237922668457,130.0,0
1596031326.1503325,157.00074672698975,130.0,0
1596031326.160346,158.80319118499756,130.0,0
1596031326.1703339,160.60100078582764,130.0,0
1596031326.1803322,162.4006986618042,130.0,0
1596031326.1903393,164.20198440551758,130.0,0
1596031326.2003345,166.00112438201904,130.0,0
1596031326.2103393,167.80198097229004,130.0,0
1596031326.2203338,169.6009922027588,130.0,0
1596031326.2303467,171.4033079147339,130.0,0
1596031326.2403383,173.20180416107178,130.0,0
1596031326.250341,175.00227451324463,130.0,0
1596031326.2603457,176.80313110351562,130.0,0
1596031326.2703428,178.602614402771,130.0,0
1596031326.2803466,180.40329933166504,130.0,0
1596031326.2903314,182.20055103302002,130.0,0
1596031326.3003452,184.00303840637207,130.0,0
1596031326.3103375,185.80166339874268,130.0,0
1596031326.3203454,187.60307788848877,130.0,0
1596031326.3303463,189.40324783325195,130.0,0
1596031326.3403378,191.2017011642456,130.0,0
1596031326.350337,193.00157070159912,130.0,0
1596031326.3603318,194.8006248474121,130.0,0
1596031326.3703446,196.6029405593872,130.0,0
1596031326.3803432,198.402681350708,130.0,0
1596031326.3903344,200.20109176635742,130.0,0
1596031326.4003305,202.00040340423584,130.0,0
1596031326.4103308,203.8004446029663,130.0,0
1596031326.4203491,205.6037473678589,130.0,0
1596031326.4303346,207.40112781524658,130.0,0
1596031326.440331,209.20048236846924,130.0,0
1596031326.4503338,211.00099563598633,130.0,0
1596031326.460349,212.8037405014038,130.0,0
1596031326.470339,214.60193634033203,130.0,0
1596031326.480329,216.40013217926025,130.0,0
1596031326.490338,218.20176124572754,130.0,0
1596031326.500341,220.00227451324463,130.0,0
1596031326.5103385,221.80184364318848,130.0,0
1596031326.520349,223.6037302017212,130.0,0
1596031326.530348,225.40355682373047,130.0,0
1596031326.5403466,227.20329761505127,130.0,0
1596031326.5503309,229.00046348571777,130.0,0
1596031326.5603335,230.80093383789062,130.0,0
1596031326.5703444,232.60290622711182,130.0,0
1596031326.580345,234.40299034118652,130.0,0
1596031326.5903456,236.20311737060547,130.0,0
1596031326.6003335,238.00092697143555,130.0,0
1596031326.6103303,239.80036735534668,130.0,0
1596031326.620339,241.6019105911255,130.0,0
1596031326.630338,243.40173721313477,130.0,0
1596031326.640346,245.2031946182251,130.0,0
1596031326.6503463,247.00323581695557,130.0,0
1596031326.6603477,248.80349159240723,130.0,0
1596031326.6703439,250.60280323028564,130.0,0
1596031326.6803477,252.4034881591797,130.0,0
1596031326.6903386,254.20185565948486,130.0,0
1596031326.7003481,256.0035705566406,130.0,0
1596031326.7103465,257.8032684326172,130.0,0
1596031326.7203333,259.6009063720703,130.0,0
1596031326.7303348,261.401162147522,130.0,0
1596031326.740334,263.2010316848755,130.0,0
1596031326.750338,265.00175952911377,130.0,0
1596031326.7603307,266.8004274368286,130.0,0
1596031326.7703464,268.60325813293457,130.0,0
1596031326.7803395,270.4020118713379,130.0,0
1596031326.7903342,272.2010660171509,130.0,0
1596031326.8003466,274.0032958984375,130.0,0
1596031326.8103333,275.8008909225464,130.0,0
1596031326.8203452,277.60303497314453,130.0,0
1596031326.8303306,279.4004154205322,130.0,0
1596031326.8403342,281.20105743408203,130.0,0
1596031326.8503451,283.0030298233032,130.0,0
1596031326.8603294,284.8001956939697,130.0,0
1596031326.8703485,286.603627204895,130.0,0
1596031326.880328,288.39993476867676,130.0,0
1596031326.8903358,290.20134925842285,130.0,0
1596031326.900345,292.0030212402344,130.0,0
1596031326.9103444,293.8028907775879,130.0,0
1596031326.9203296,295.60022830963135,130.0,0
1596031326.9303296,297.4002265930176,130.0,0
1596031326.9403296,299.2002248764038,130.0,0
1596031326.9503455,301.003098487854,130.0,0
1596031326.9603436,302.8027534484863,130.0,0
1596031326.9703467,304.60330963134766,130.0,0
1596031326.980338,306.4017629623413,130.0,0
1596031326.9903364,308.20146083831787,130.0,0
1596031327.00033,310.00030040740967,130.0,0
1596031327.0103438,311.8027877807617,130.0,0
1596031327.0203466,313.6033010482788,130.0,0
1596031327.0303473,315.40342807769775,130.0,0
1596031327.040335,317.2011947631836,130.0,0
1596031327.0503385,319.0018367767334,130.0,0
1596031327.0603294,320.8002042770386,130.0,0
1596031327.0703275,322.5998592376709,130.0,0
1596031327.0803394,324.40200328826904,130.0,0
1596031327.0903392,326.20195865631104,130.0,0
1596031327.1003485,328.00363063812256,130.0,0
1596031327.1103325,329.8007535934448,130.0,0
1596031327.1203468,331.60332679748535,130.0,0
1596031327.1303296,333.4002351760864,130.0,0
1596031327.140332,335.20066261291504,130.0,0
1596031327.1503358,337.0013475418091,130.0,0
1596031327.1603422,338.80250453948975,130.0,0
1596031327.1703358,340.60134410858154,130.0,0
1596031327.1803308,342.40044116973877,130.0,0
1596031327.1903358,344.201340675354,130.0,0
1596031327.2003443,346.0028839111328,130.0,0
1596031327.2103481,347.80356884002686,130.0,0
1596031327.220346,349.60318088531494,130.0,0
1596031327.2303364,351.40146255493164,130.0,0
1596031327.2403412,353.20231914520264,130.0,0
1596031327.2503345,355.0011157989502,130.0,0
1596031327.2603366,356.80150032043457,130.0,0
1596031327.2703273,358.5998249053955,130.0,0
1596031327.2781146,360,130.0,1
1596031327.2803442,360.40287017822266,130.0,0
1596031327.2903452,362.20304012298584,130.0,0
1596031327.3003392,364.0019655227661,130.0,0
1596031327.310338,365.80174922943115,130.0,0
1596031327.3203373,367.60161876678467,130.0,0
1596031327.3303437,369.40277576446533,130.0,0
1596031327.3403451,371.203031539917,130.0,0
1596031327.3503447,373.00294399261475,130.0,0
1596031327.3603442,374.8028564453125,130.0,0
1596031327.370339,376.6019105911255,130.0,0
1596031327.3803468,378.4033250808716,130.0,0
1596031327.3903368,380.2015209197998,130.0,0
1596031327.4003353,382.0012617111206,130.0,0
1596031327.4103482,383.8035774230957,130.0,0
1596031327.4203467,385.6033182144165,130.0,0
1596031327.4303312,387.40052700042725,130.0,0
1596031327.4403377,389.2016839981079,130.0,0
1596031327.4503367,391.0015106201172,130.0,0
1596031327.4603314,392.8005647659302,130.0,0
1596031327.4703312,394.60052013397217,130.0,0
1596031327.4803433,396.40270709991455,130.0,0
1596031327.4903364,398.20146083831787,130.0,0
1596031327.5003405,400.00218868255615,130.0,0
1596031327.5103338,401.8009853363037,130.0,0
1596031327.5203445,403.60291481018066,130.0,0
1596031327.5303454,405.40308475494385,130.0,0
1596031327.5403423,407.202525138855,130.0,0
1596031327.5503314,409.00054931640625,130.0,0
1596031327.5603337,410.80097675323486,130.0,0
1596031327.5703325,412.6007604598999,130.0,0
1596031327.5803332,414.40088748931885,130.0,0
1596031327.5903282,416.1999845504761,130.0,0
1596031327.6003437,418.0027723312378,130.0,0
1596031327.6103342,419.8010540008545,130.0,0
1596031327.6203454,421.6030693054199,130.0,0
1596031327.6303465,423.40328216552734,130.0,0
1596031327.6403341,425.2010488510132,130.0,0
1596031327.6503294,427.00018882751465,130.0,0
1596031327.6603322,428.80070209503174,130.0,0
1596031327.670345,430.60301780700684,130.0,0
1596031327.6803312,432.40052700042725,130.0,0
1596031327.690332,434.2006540298462,130.0,0
1596031327.7003448,436.0029697418213,130.0,0
1596031327.7103424,437.80253887176514,130.0,0
1596031327.7203376,439.6016788482666,130.0,0
1596031327.7303298,441.40026092529297,130.0,0
1596031327.7403347,443.2011604309082,130.0,0
1596031327.7503395,445.0020170211792,130.0,0
1596031327.7603447,446.8029594421387,130.0,0
1596031327.770335,448.60119819641113,130.0,0
1596031327.7803278,450.3999090194702,130.0,0
1596031327.790331,452.20046520233154,130.0,0
1596031327.800336,454.0013647079468,130.0,0
1596031327.8103328,455.8008050918579,130.0,0
1596031327.8203435,457.60273456573486,130.0,0
1596031327.8303366,459.4014883041382,130.0,0
1596031327.8403444,461.2029027938843,130.0,0
1596031327.850345,463.002986907959,130.0,0
1596031327.8603299,464.8002815246582,130.0,0
1596031327.8703346,466.6011381149292,130.0,0
1596031327.8803358,468.4013509750366,130.0,0
1596031327.8903322,470.2007055282593,130.0,0
1596031327.9003391,472.0019483566284,130.0,0
1596031327.9103465,473.80327701568604,130.0,0
1596031327.9203353,475.60125827789307,130.0,0
1596031327.930343,477.4026298522949,130.0,0
1596031327.9403434,479.20271396636963,130.0,0
1596031327.9503431,481.0026693344116,130.0,0
1596031327.96033,482.80030727386475,130.0,0
1596031327.9703443,484.6028804779053,130.0,0
1596031327.9803286,486.4000463485718,130.0,0
1596031327.990345,488.20300579071045,130.0,0
1596031328.0003357,490.0013303756714,130.0,0
1596031328.0003357,0,130.0,0
1596031328.0103478,131.80218696594238,130.0,0
1596031328.0203469,133.60201358795166,130.0,0
1596031328.0303516,135.40287017822266,130.0,0
1596031328.0403562,137.2036838531494,130.0,0
1596031328.0503457,139.00179386138916,130.0,0
1596031328.0603526,140.8030366897583,130.0,0
1596031328.070352,142.60294914245605,130.0,0
1596031328.080346,144.40187454223633,130.0,0
1596031328.0903492,146.20243072509766,130.0,0
1596031328.1003435,148.00139904022217,130.0,0
1596031328.1103551,149.80350017547607,130.0,0
1596031328.1203413,151.60100936889648,130.0,0
1596031328.1303551,153.40349674224854,130.0,0
1596031328.140349,155.20237922668457,130.0,0
1596031328.15034,157.00078964233398,130.0,0
1596031328.1603513,158.8028049468994,130.0,0
1596031328.1703424,160.60121536254883,130.0,0
1596031328.180341,162.40095615386963,130.0,0
1596031328.190353,164.20310020446777,130.0,0
1596031328.2003422,166.00116729736328,130.0,0
1596031328.2103446,167.8015947341919,130.0,0
1596031328.2203379,169.60039138793945,130.0,0
1596031328.230347,171.40202045440674,130.0,0
1596031328.240338,173.20043087005615,130.0,0
1596031328.250356,175.00364780426025,130.0,0
1596031328.2603474,176.8021011352539,130.0,0
1596031328.2703426,178.60124111175537,130.0,0
1596031328.2803502,180.40261268615723,130.0,0
1596031328.2903442,182.2015380859375,130.0,0
1596031328.3003457,184.00179386138916,130.0,0
1596031328.310347,185.80204963684082,130.0,0
1596031328.3203516,187.60286331176758,130.0,0
1596031328.3303483,189.40226078033447,130.0,0
1596031328.3403354,191.19994163513184,130.0,0
1596031328.3503475,193.00212860107422,130.0,0
1596031328.3603423,194.8011827468872,130.0,0
1596031328.3703492,196.60242557525635,130.0,0
1596031328.3803463,198.40190887451172,130.0,0
1596031328.390344,200.20147800445557,130.0,0
1596031328.400343,202.00130462646484,130.0,0
1596031328.410351,203.80276203155518,130.0,0
1596031328.4203467,205.60198783874512,130.0,0
1596031328.4303503,207.40262985229492,130.0,0
1596031328.4403439,209.20146942138672,130.0,0
1596031328.4503431,211.00133895874023,130.0,0
1596031328.4603534,212.8031826019287,130.0,0
1596031328.4703517,214.60288047790527,130.0,0
1596031328.480348,216.40223503112793,130.0,0
1596031328.4903364,218.20013046264648,130.0,0
1596031328.5003493,220.00244617462158,130.0,0
1596031328.5103433,221.80137157440186,130.0,0
1596031328.5203393,223.60064029693604,130.0,0
1596031328.5303564,225.40372848510742,130.0,0
1596031328.5403545,227.20338344573975,130.0,0
1596031328.5503368,229.00020599365234,130.0,0
1596031328.5603368,230.80020427703857,130.0,0
1596031328.5703452,232.60170459747314,130.0,0
1596031328.5803404,234.4008445739746,130.0,0
1596031328.5903385,236.20049953460693,130.0,0
1596031328.6003444,238.00157070159912,130.0,0
1596031328.6103485,239.8022985458374,130.0,0
1596031328.620338,241.60040855407715,130.0,0
1596031328.6303537,243.4032392501831,130.0,0
1596031328.6403418,245.20109176635742,130.0,0
1596031328.6503541,247.00332164764404,130.0,0
1596031328.6603405,248.8008737564087,130.0,0
1596031328.6703491,250.6024169921875,130.0,0
1596031328.6803515,252.4028444290161,130.0,0
1596031328.6903498,254.20254230499268,130.0,0
1596031328.7003374,256.0003089904785,130.0,0
1596031328.710356,257.80365467071533,130.0,0
1596031328.720342,259.6011209487915,130.0,0
1596031328.7303398,261.4007329940796,130.0,0
1596031328.7403483,263.2022762298584,130.0,0
1596031328.7503557,265.003604888916,130.0,0
1596031328.760356,266.8036460876465,130.0,0
1596031328.7703354,268.5999536514282,130.0,0
1596031328.7803547,270.40342807769775,130.0,0
1596031328.7903378,272.20037937164307,130.0,0
1596031328.8003423,274.0011930465698,130.0,0
1596031328.8103554,275.80355167388916,130.0,0
1596031328.8203428,277.60127544403076,130.0,0
1596031328.8303359,279.4000291824341,130.0,0
1596031328.8403358,281.2000274658203,130.0,0
1596031328.8503447,283.00161361694336,130.0,0
1596031328.8603384,284.8004961013794,130.0,0
1596031328.8703532,286.6031551361084,130.0,0
1596031328.8803558,288.40362548828125,130.0,0
1596031328.8903353,290.199933052063,130.0,0
1596031328.9003532,292.0031499862671,130.0,0
1596031328.9103427,293.80125999450684,130.0,0
1596031328.920339,295.6006145477295,130.0,0
1596031328.9303389,297.4005699157715,130.0,0
1596031328.940348,299.20219898223877,130.0,0
1596031328.9503372,301.0002660751343,130.0,0
1596031328.9603398,302.80073642730713,130.0,0
1596031328.9703383,304.60047721862793,130.0,0
1596031328.9803462,306.401891708374,130.0,0
1596031328.99034,308.20077419281006,130.0,0
1596031329.00034,310.0007724761963,130.0,0
1596031329.0103557,311.80360317230225,130.0,0
1596031329.0203483,313.6022710800171,130.0,0
1596031329.0303395,315.4006814956665,130.0,0
1596031329.0403407,317.2008943557739,130.0,0
1596031329.0503397,319.0007209777832,130.0,0
1596031329.060342,320.8011484146118,130.0,0
1596031329.0703554,322.6035499572754,130.0,0
1596031329.080353,324.40311908721924,130.0,0
1596031329.090336,326.20007038116455,130.0,0
1596031329.1003537,328.0032444000244,130.0,0
1596031329.1103477,329.8021697998047,130.0,0
1596031329.120353,331.60311222076416,130.0,0
1596031329.1303544,333.4033679962158,130.0,0
1596031329.1403375,335.20031929016113,130.0,0
1596031329.1503377,337.0003604888916,130.0,0
1596031329.160338,338.80040168762207,130.0,0
1596031329.170341,340.6009578704834,130.0,0
1596031329.180353,342.40310192108154,130.0,0
1596031329.190335,344.1998815536499,130.0,0
1596031329.2003386,346.0005235671997,130.0,0
1596031329.2103462,347.80189514160156,130.0,0
1596031329.220336,349.60004806518555,130.0,0
1596031329.2303507,351.40270709991455,130.0,0
1596031329.240353,353.20313453674316,130.0,0
1596031329.2503407,355.000901222229,130.0,0
1596031329.2603476,356.80214405059814,130.0,0
1596031329.2703474,358.60209941864014,130.0,0
1596031329.278124,360,130.0,1
1596031329.2803378,360.40038108825684,130.0,0
1596031329.2903428,362.20128059387207,130.0,0
1596031329.300354,364.0032958984375,130.0,0
1596031329.3103423,365.80119132995605,130.0,0
1596031329.3203413,367.60101795196533,130.0,0
1596031329.3303385,369.4005012512207,130.0,0
1596031329.3403502,371.2026023864746,130.0,0
1596031329.3503377,373.00036907196045,130.0,0
1596031329.3603346,374.7998094558716,130.0,0
1596031329.3703408,376.600923538208,130.0,0
1596031329.380342,378.40113639831543,130.0,0
1596031329.3903525,380.20302295684814,130.0,0
1596031329.400337,382.0002317428589,130.0,0
1596031329.4103417,383.8010883331299,130.0,0
1596031329.4203346,385.59979915618896,130.0,0
1596031329.4303472,387.4020719528198,130.0,0
1596031329.4403396,389.20069694519043,130.0,0
1596031329.4503462,391.00189685821533,130.0,0
1596031329.4603481,392.80223846435547,130.0,0
1596031329.4703474,394.602108001709,130.0,0
1596031329.4803555,396.4035654067993,130.0,0
1596031329.4903486,398.20231914520264,130.0,0
1596031329.5003467,400.00197410583496,130.0,0
1596031329.5103533,401.80317401885986,130.0,0
1596031329.5203474,403.60209941864014,130.0,0
1596031329.5303483,405.4022693634033,130.0,0
1596031329.540335,407.1998643875122,130.0,0
1596031329.5503342,408.9997339248657,130.0,0
1596031329.5603404,410.80084800720215,130.0,0
1596031329.5703526,412.60303497314453,130.0,0
1596031329.5803525,414.40303325653076,130.0,0
1596031329.5903385,416.20049953460693,130.0,0
1596031329.6003437,418.0014419555664,130.0,0
1596031329.6103504,419.8026418685913,130.0,0
1596031329.6203418,421.60109519958496,130.0,0
1596031329.630345,423.4016942977905,130.0,0
1596031329.6403518,425.20289421081543,130.0,0
1596031329.650337,427.0002317428589,130.0,0
1596031329.660341,428.80095958709717,130.0,0
1596031329.6703393,430.60065746307373,130.0,0
1596031329.6803467,432.40198612213135,130.0,0
1596031329.6903386,434.2005252838135,130.0,0
1596031329.7003446,436.00159645080566,130.0,0
1596031329.7103505,437.80266761779785,130.0,0
1596031329.7203484,439.60227966308594,130.0,0
1596031329.730335,441.3998746871948,130.0,0
1596031329.740334,443.1997013092041,130.0,0
1596031329.7503412,445.0009870529175,130.0,0
1596031329.7603498,446.8025302886963,130.0,0
1596031329.7703373,448.60029697418213,130.0,0
1596031329.780347,450.40205478668213,130.0,0
1596031329.7903554,452.2035551071167,130.0,0
1596031329.8003347,453.9998197555542,130.0,0
1596031329.8103452,455.8017063140869,130.0,0
1596031329.820336,457.6000738143921,130.0,0
1596031329.8303475,459.40213203430176,130.0,0
1596031329.840354,461.2032890319824,130.0,0
1596031329.8503382,463.0004549026489,130.0,0
1596031329.8603427,464.8012685775757,130.0,0
1596031329.8703468,466.60199642181396,130.0,0
1596031329.8803508,468.40272426605225,130.0,0
1596031329.8903446,470.2016067504883,130.0,0
1596031329.9003394,472.00066089630127,130.0,0
1596031329.9103343,473.7997579574585,130.0,0
1596031329.920349,475.60237407684326,130.0,0
1596031329.9303467,477.40198612213135,130.0,0
1596031329.940341,479.20095443725586,130.0,0
1596031329.9503455,481.0017681121826,130.0,0
1596031329.9603505,482.80266761779785,130.0,0
1596031329.9703445,484.6015930175781,130.0,0
1596031329.980342,486.40111923217773,130.0,0
1596031329.9903553,488.2035207748413,130.0,0
1596031330.0003552,490.00351905822754,130.0,0
1596031330.0003552,0,130.0,0
1596031330.0103729,131.80317401885986,130.0,0
1596031330.0203552,133.59999656677246,130.0,0
1596031330.0303624,135.40128231048584,130.0,0
1596031330.0403702,137.20269680023193,130.0,0
1596031330.0503552,138.99999141693115,130.0,0
1596031330.0603635,140.80149173736572,130.0,0
1596031330.070363,142.60140419006348,130.0,0
1596031330.0803688,144.40243244171143,130.0,0
1596031330.0903733,146.20324611663818,130.0,0
1596031330.1003592,148.00071239471436,130.0,0
1596031330.1103697,149.80259895324707,130.0,0
1596031330.1203744,151.60345554351807,130.0,0
1596031330.1303668,153.40208053588867,130.0,0
1596031330.140369,155.20246505737305,130.0,0
1596031330.150376,157.00375080108643,130.0,0
1596031330.1603713,158.8028907775879,130.0,0
1596031330.1703634,160.60147285461426,130.0,0
1596031330.180356,162.4001407623291,130.0,0
1596031330.1903746,164.20348644256592,130.0,0
1596031330.200376,166.00374221801758,130.0,0
1596031330.2103713,167.80288219451904,130.0,0
1596031330.2203693,169.60253715515137,130.0,0
1596031330.230365,171.4017629623413,130.0,0
1596031330.2403758,173.20369243621826,130.0,0
1596031330.2503579,175.00047206878662,130.0,0
1596031330.2603621,176.80124282836914,130.0,0
1596031330.2703636,178.6014986038208,130.0,0
1596031330.2803583,180.4005527496338,130.0,0
1596031330.290358,182.20050811767578,130.0,0
1596031330.3003566,184.00024890899658,130.0,0
1596031330.310372,185.8030366897583,130.0,0
1596031330.3203573,187.60037422180176,130.0,0
1596031330.3303707,189.40277576446533,130.0,0
1596031330.3403723,191.20307445526123,130.0,0
1596031330.350357,193.0003261566162,130.0,0
1596031330.360358,194.8004961013794,130.0,0
1596031330.3703625,196.60130977630615,130.0,0
1596031330.3803627,198.40135097503662,130.0,0
1596031330.3903558,200.20010471343994,130.0,0
1596031330.400363,202.00139045715332,130.0,0
1596031330.4103556,203.80005836486816,130.0,0
1596031330.4203556,205.6000566482544,130.0,0
1596031330.4303625,207.40129947662354,130.0,0
1596031330.4403746,209.20348644256592,130.0,0
1596031330.4503555,211.0000514984131,130.0,0
1596031330.460372,212.80301094055176,130.0,0
1596031330.4703572,214.60034847259521,130.0,0
1596031330.480373,216.40317916870117,130.0,0
1596031330.4903638,218.20154666900635,130.0,0
1596031330.5003574,220.00038623809814,130.0,0
1596031330.5103617,221.80115699768066,130.0,0
1596031330.520363,223.60141277313232,130.0,0
1596031330.530363,225.40141105651855,130.0,0
1596031330.5403578,227.20046520233154,130.0,0
1596031330.550362,229.00123596191406,130.0,0
1596031330.5603642,230.80162048339844,130.0,0
1596031330.570362,232.60123252868652,130.0,0
1596031330.5803657,234.40187454223633,130.0,0
1596031330.590372,236.203031539917,130.0,0
1596031330.600355,237.99993991851807,130.0,0
1596031330.610376,239.80371475219727,130.0,0
1596031330.6203597,241.6007947921753,130.0,0
1596031330.630363,243.40139389038086,130.0,0
1596031330.640356,245.20014762878418,130.0,0
1596031330.6503642,247.0016050338745,130.0,0
1596031330.660366,248.80194664001465,130.0,0
1596031330.6703732,250.60323238372803,130.0,0
1596031330.680365,252.40177154541016,130.0,0
1596031330.6903687,254.20241355895996,130.0,0
1596031330.700358,256.00048065185547,130.0,0
1596031330.7103713,257.80288219451904,130.0,0
1596031330.7203708,259.6027946472168,130.0,0
1596031330.7303562,261.4001750946045,130.0,0
1596031330.7403557,263.20008754730225,130.0,0
1596031330.7503736,265.00330448150635,130.0,0
1596031330.7603636,266.80150032043457,130.0,0
1596031330.7703662,268.6019706726074,130.0,0
1596031330.7803638,270.40153980255127,130.0,0
1596031330.790365,272.2017526626587,130.0,0
1596031330.800368,274.00230884552,130.0,0
1596031330.8103747,275.8035087585449,130.0,0
1596031330.8203561,277.60015964508057,130.0,0
1596031330.8303685,279.4023895263672,130.0,0
1596031330.840373,281.20320320129395,130.0,0
1596031330.8503604,283.00092697143555,130.0,0
1596031330.8603568,284.8002815246582,130.0,0
1596031330.870355,286.5999364852905,130.0,0
1596031330.880371,288.40285301208496,130.0,0
1596031330.89037,290.20263671875,130.0,0
1596031330.9003582,292.00053215026855,130.0,0
1596031330.9103625,293.8013029098511,130.0,0
1596031330.9203627,295.60134410858154,130.0,0
1596031330.9303696,297.4025869369507,130.0,0
1596031330.940371,299.20284271240234,130.0,0
1596031330.9503565,301.00022315979004,130.0,0
1596031330.9603577,302.80043601989746,130.0,0
1596031330.9703665,304.6020221710205,130.0,0
1596031330.9803555,306.4000463485718,130.0,0
1596031330.9903588,308.20064544677734,130.0,0
1596031331.0003684,310.0023603439331,130.0,0
1596031331.0103724,311.8030881881714,130.0,0
1596031331.0203602,313.60089778900146,130.0,0
1596031331.0303612,315.40106773376465,130.0,0
1596031331.0403755,317.2036409378052,130.0,0
1596031331.050361,319.00102138519287,130.0,0
1596031331.060373,320.80320835113525,130.0,0
1596031331.070359,322.6006746292114,130.0,0
1596031331.0803595,324.40075874328613,130.0,0
1596031331.0903583,326.2005424499512,130.0,0
1596031331.100355,327.99993991851807,130.0,0
1596031331.1103632,329.80144023895264,130.0,0
1596031331.1203601,331.60088062286377,130.0,0
1596031331.1303585,333.40057849884033,130.0,0
1596031331.1403668,335.2020788192749,130.0,0
1596031331.150366,337.0019483566284,130.0,0
1596031331.1603584,338.800573348999,130.0,0
1596031331.1703634,340.60147285461426,130.0,0
1596031331.180368,342.402286529541,130.0,0
1596031331.190371,344.20284271240234,130.0,0
1596031331.2003624,346.001296043396,130.0,0
1596031331.2103646,347.80168056488037,130.0,0
1596031331.2203643,349.60163593292236,130.0,0
1596031331.2303588,351.4006471633911,130.0,0
1596031331.240372,353.20300579071045,130.0,0
1596031331.2503655,355.00184535980225,130.0,0
1596031331.2603643,356.8016290664673,130.0,0
1596031331.2703717,358.6029577255249,130.0,0
1596031331.2781518,360,130.0,1
1596031331.2803593,360.40072441101074,130.0,0
1596031331.2903717,362.20295429229736,130.0,0
1596031331.3003697,364.0026092529297,130.0,0
1596031331.3103669,365.80209255218506,130.0,0
1596031331.3203578,367.60046005249023,130.0,0
1596031331.3303585,369.4005870819092,130.0,0
1596031331.340354,371.1997699737549,130.0,0
1596031331.350365,373.0017423629761,130.0,0
1596031331.3603628,374.80135440826416,130.0,0
1596031331.3703706,376.60276889801025,130.0,0
1596031331.3803716,378.40293884277344,130.0,0
1596031331.3903565,380.20023345947266,130.0,0
1596031331.4003701,382.00267791748047,130.0,0
1596031331.4103706,383.8027620315552,130.0,0
1596031331.420358,385.6004858016968,130.0,0
1596031331.4303756,387.40365982055664,130.0,0
1596031331.4403586,389.20061111450195,130.0,0
1596031331.4503589,391.0006523132324,130.0,0
1596031331.460356,392.8001356124878,130.0,0
1596031331.470355,394.59996223449707,130.0,0
1596031331.480369,396.40249252319336,130.0,0
1596031331.4903638,398.20154666900635,130.0,0
1596031331.5003626,400.0013303756714,130.0,0
1596031331.5103571,401.80034160614014,130.0,0
1596031331.5203586,403.6005973815918,130.0,0
1596031331.53037,405.40265560150146,130.0,0
1596031331.540364,407.20158100128174,130.0,0
1596031331.5503602,409.00089263916016,130.0,0
1596031331.560374,410.8033800125122,130.0,0
1596031331.5703573,412.60037422180176,130.0,0
1596031331.5803695,414.40256118774414,130.0,0
1596031331.590366,416.2019157409668,130.0,0
1596031331.6003702,418.0026865005493,130.0,0
1596031331.6103654,419.8018264770508,130.0,0
1596031331.6203547,421.5998935699463,130.0,0
1596031331.630355,423.39993476867676,130.0,0
1596031331.6403728,425.20315170288086,130.0,0
1596031331.650355,426.99997425079346,130.0,0
1596031331.660366,428.80194664001465,130.0,0
1596031331.6703734,430.60327529907227,130.0,0
1596031331.6803577,432.40044116973877,130.0,0
1596031331.690368,434.20228481292725,130.0,0
1596031331.7003572,436.00035190582275,130.0,0
1596031331.710357,437.80030727386475,130.0,0
1596031331.7203703,439.6027088165283,130.0,0
1596031331.7303581,441.4005184173584,130.0,0
1596031331.7403693,443.2025337219238,130.0,0
1596031331.7503736,445.00330448150635,130.0,0
1596031331.7603595,446.8007707595825,130.0,0
1596031331.770372,448.60300064086914,130.0,0
1596031331.780367,450.40209770202637,130.0,0
1596031331.7903578,452.20046520233154,130.0,0
1596031331.8003743,454.0034246444702,130.0,0
1596031331.8103695,455.8025646209717,130.0,0
1596031331.8203616,457.60114669799805,130.0,0
1596031331.8303626,459.40131664276123,130.0,0
1596031331.8403535,461.1996841430664,130.0,0
1596031331.8503578,463.0004549026489,130.0,0
1596031331.8603592,464.8007106781006,130.0,0
1596031331.8703742,466.6034126281738,130.0,0
1596031331.8803737,468.4033250808716,130.0,0
1596031331.89037,470.20263671875,130.0,0
1596031331.9003553,472.0000171661377,130.0,0
1596031331.9103594,473.800745010376,130.0,0
1596031331.9203668,475.6020736694336,130.0,0
1596031331.9303653,477.4018144607544,130.0,0
1596031331.940365,479.2017698287964,130.0,0
1596031331.9503624,481.001296043396,130.0,0
1596031331.960362,482.80120849609375,130.0,0
1596031331.970375,484.6035671234131,130.0,0
1596031331.980355,486.3999605178833,130.0,0
1596031331.990354,488.1997871398926,130.0,0
1596031332.0003724,490.00308990478516,130.0,0
1596031332.0003724,0,130.0,0
1596031332.0103858,131.80240154266357,130.0,0
1596031332.020379,133.60119819641113,130.0,0
1596031332.0303907,135.40329933166504,130.0,0
1596031332.0403907,137.20329761505127,130.0,0
1596031332.0503905,139.00325298309326,130.0,0
1596031332.060374,140.80029010772705,130.0,0
1596031332.0703728,142.6000738143921,130.0,0
1596031332.0803936,144.40380573272705,130.0,0
1596031332.0903864,146.20251655578613,130.0,0
1596031332.1003897,148.0031156539917,130.0,0
1596031332.1103861,149.80247020721436,130.0,0
1596031332.1203892,151.60302639007568,130.0,0
1596031332.1303756,153.40057849884033,130.0,0
1596031332.1403902,155.2031946182251,130.0,0
1596031332.150388,157.00280666351318,130.0,0
1596031332.1603875,158.80271911621094,130.0,0
1596031332.1703877,160.6027603149414,130.0,0
1596031332.1803727,162.40005493164062,130.0,0
1596031332.1903841,164.2021131515503,130.0,0
1596031332.2003806,166.00146770477295,130.0,0
1596031332.2103856,167.80236721038818,130.0,0
1596031332.2203822,169.60176467895508,130.0,0
1596031332.2303853,171.4023208618164,130.0,0
1596031332.2403748,173.20043087005615,130.0,0
1596031332.2503765,175.00072956085205,130.0,0
1596031332.2603807,176.80150032043457,130.0,0
1596031332.27039,178.6031723022461,130.0,0
1596031332.2803853,180.40231227874756,130.0,0
1596031332.2903879,182.2027826309204,130.0,0
1596031332.3003764,184.0007209777832,130.0,0
1596031332.3103821,185.80174922943115,130.0,0
1596031332.3203728,187.6000738143921,130.0,0
1596031332.3303795,189.401273727417,130.0,0
1596031332.3403847,191.20221614837646,130.0,0
1596031332.3503933,193.00375938415527,130.0,0
1596031332.3603737,194.80023860931396,130.0,0
1596031332.3703892,196.60302639007568,130.0,0
1596031332.3803778,198.40096473693848,130.0,0
1596031332.390378,200.20100593566895,130.0,0
1596031332.400382,202.00173377990723,130.0,0
1596031332.4103773,203.8008737564087,130.0,0
1596031332.420385,205.60224533081055,130.0,0
1596031332.4303906,207.4032735824585,130.0,0
1596031332.4403887,209.20292854309082,130.0,0
1596031332.450377,211.00082397460938,130.0,0
1596031332.460374,212.80030727386475,130.0,0
1596031332.4703913,214.60339546203613,130.0,0
1596031332.4803817,216.40167713165283,130.0,0
1596031332.4903748,218.20043087005615,130.0,0
1596031332.5003817,220.0016736984253,130.0,0
1596031332.51039,221.80317401885986,130.0,0
1596031332.520393,223.60368728637695,130.0,0
1596031332.5303876,225.40274143218994,130.0,0
1596031332.5403743,227.20033645629883,130.0,0
1596031332.5503902,229.00321006774902,130.0,0
1596031332.5603888,230.80295085906982,130.0,0
1596031332.5703835,232.6020050048828,130.0,0
1596031332.5803773,234.40088748931885,130.0,0
1596031332.5903912,236.2033748626709,130.0,0
1596031332.6003845,238.00217151641846,130.0,0
1596031332.610384,239.8020839691162,130.0,0
1596031332.6203914,241.60341262817383,130.0,0
1596031332.6303928,243.4036684036255,130.0,0
1596031332.6403902,245.2031946182251,130.0,0
1596031332.6503863,247.00250625610352,130.0,0
1596031332.6603785,248.80108833312988,130.0,0
1596031332.6703808,250.6015157699585,130.0,0
1596031332.6803827,252.40185737609863,130.0,0
1596031332.6903737,254.2002248764038,130.0,0
1596031332.7003827,256.0018539428711,130.0,0
1596031332.7103856,257.8023672103882,130.0,0
1596031332.7203906,259.6032667160034,130.0,0
1596031332.730377,261.40081882476807,130.0,0
1596031332.7403867,263.20257663726807,130.0,0
1596031332.7503762,265.0006866455078,130.0,0
1596031332.760384,266.8021011352539,130.0,0
1596031332.7703803,268.6014127731323,130.0,0
1596031332.780384,270.40209770202637,130.0,0
1596031332.7903755,272.20055103302,130.0,0
1596031332.8003788,274.0011501312256,130.0,0
1596031332.8103878,275.80277919769287,130.0,0
1596031332.8203847,277.602219581604,130.0,0
1596031332.8303924,279.40359115600586,130.0,0
1596031332.8403785,281.20110034942627,130.0,0
1596031332.850387,283.0026435852051,130.0,0
1596031332.8603928,284.803671836853,130.0,0
1596031332.8703783,286.6010522842407,130.0,0
1596031332.8803802,288.40139389038086,130.0,0
1596031332.8903754,290.2005338668823,130.0,0
1596031332.9003894,292.0030641555786,130.0,0
1596031332.910377,293.80083084106445,130.0,0
1596031332.9203923,295.60357570648193,130.0,0
1596031332.9303737,297.4002265930176,130.0,0
1596031332.9403856,299.2023706436157,130.0,0
1596031332.9503741,301.0003089904785,130.0,0
1596031332.9603775,302.8009080886841,130.0,0
1596031332.9703765,304.60073471069336,130.0,0
1596031332.9803925,306.40360832214355,130.0,0
1596031332.99039,308.2031774520874,130.0,0
1596031333.0003853,310.00231742858887,130.0,0
1596031333.0103803,311.8014144897461,130.0,0
1596031333.0203862,313.6024856567383,130.0,0
1596031333.030382,315.4017114639282,130.0,0
1596031333.0403857,317.20239639282227,130.0,0
1596031333.0503879,319.00278091430664,130.0,0
1596031333.060388,320.8028221130371,130.0,0
1596031333.0703783,322.60106086730957,130.0,0
1596031333.0803847,324.40221786499023,130.0,0
1596031333.090381,326.20152950286865,130.0,0
1596031333.1003764,328.00071239471436,130.0,0
1596031333.1103795,329.8012685775757,130.0,0
1596031333.1203747,331.60040855407715,130.0,0
1596031333.1303735,333.4001922607422,130.0,0
1596031333.140377,335.200834274292,130.0,0
1596031333.1503818,337.001690864563,130.0,0
1596031333.1603756,338.800573348999,130.0,0
1596031333.1703835,340.6019878387451,130.0,0
1596031333.1803715,342.39984035491943,130.0,0
1596031333.190377,344.20082569122314,130.0,0
1596031333.200388,346.00279808044434,130.0,0
1596031333.2103724,347.8000068664551,130.0,0
1596031333.2203834,349.60197925567627,130.0,0
1596031333.2303748,351.4004325866699,130.0,0
1596031333.2403846,353.2021903991699,130.0,0
1596031333.2503765,355.00072956085205,130.0,0
1596031333.2603803,356.8014144897461,130.0,0
1596031333.2703772,358.6008548736572,130.0,0
1596031333.2781708,360,130.0,1
1596031333.2803893,360.4030418395996,130.0,0
1596031333.2903912,362.20338344573975,130.0,0
1596031333.3003857,364.0023946762085,130.0,0
1596031333.3103848,365.8022212982178,130.0,0
1596031333.3203804,367.6014471054077,130.0,0
1596031333.3303838,369.4020462036133,130.0,0
1596031333.3403919,371.2035036087036,130.0,0
1596031333.3503852,373.0023002624512,130.0,0
1596031333.3603783,374.8010540008545,130.0,0
1596031333.3703816,376.60165309906006,130.0,0
1596031333.3803833,378.40195178985596,130.0,0
1596031333.3903875,380.2027225494385,130.0,0
1596031333.4003742,382.00031757354736,130.0,0
1596031333.410386,383.8024616241455,130.0,0
1596031333.420384,385.6020736694336,130.0,0
1596031333.4303865,387.40254402160645,130.0,0
1596031333.4403834,389.2019844055176,130.0,0
1596031333.4503815,391.0016393661499,130.0,0
1596031333.4603913,392.8033971786499,130.0,0
1596031333.4703896,394.60309505462646,130.0,0
1596031333.4803746,396.4003896713257,130.0,0
1596031333.4903812,398.2015895843506,130.0,0
1596031333.5003831,400.0019311904907,130.0,0
1596031333.5103717,401.7998695373535,130.0,0
1596031333.520391,403.60334396362305,130.0,0
1596031333.5303726,405.40003776550293,130.0,0
1596031333.5403812,407.20158100128174,130.0,0
1596031333.5503824,409.00179386138916,130.0,0
1596031333.5603914,410.80342292785645,130.0,0
1596031333.5703833,412.6019620895386,130.0,0
1596031333.580371,414.3997287750244,130.0,0
1596031333.5903814,416.20161533355713,130.0,0
1596031333.600375,418.0004549026489,130.0,0
1596031333.6103733,419.8001527786255,130.0,0
1596031333.6203847,421.60221099853516,130.0,0
1596031333.6303828,423.4018659591675,130.0,0
1596031333.6403887,425.20293712615967,130.0,0
1596031333.6503775,427.0009183883667,130.0,0
1596031333.6603754,428.8005304336548,130.0,0
1596031333.670372,430.5999279022217,130.0,0
1596031333.6803737,432.4002265930176,130.0,0
1596031333.6903908,434.20331478118896,130.0,0
1596031333.7003715,435.9998369216919,130.0,0
1596031333.7103827,437.8018522262573,130.0,0
1596031333.7203777,439.60094928741455,130.0,0
1596031333.7303908,441.4033079147339,130.0,0
1596031333.740373,443.20008754730225,130.0,0
1596031333.750376,445.0006437301636,130.0,0
1596031333.7603903,446.8032169342041,130.0,0
1596031333.7703907,448.6033010482788,130.0,0
1596031333.780382,450.4017114639282,130.0,0
1596031333.7903845,452.2021818161011,130.0,0
1596031333.8003807,454.0014934539795,130.0,0
1596031333.810384,455.80209255218506,130.0,0
1596031333.8203816,457.6016616821289,130.0,0
1596031333.8303792,459.40123081207275,130.0,0
1596031333.8403864,461.20251655578613,130.0,0
1596031333.8503861,463.0024719238281,130.0,0
1596031333.8603745,464.8003673553467,130.0,0
1596031333.8703876,466.602725982666,130.0,0
1596031333.8803744,468.40036392211914,130.0,0
1596031333.8903747,470.2004051208496,130.0,0
1596031333.900386,472.0024633407593,130.0,0
1596031333.910377,473.80083084106445,130.0,0
1596031333.9203804,475.60142993927,130.0,0
1596031333.930379,477.4011707305908,130.0,0
1596031333.9403899,479.203143119812,130.0,0
1596031333.9503868,481.00258350372314,130.0,0
1596031333.9603753,482.80052185058594,130.0,0
1596031333.9703774,484.6009063720703,130.0,0
1596031333.9803767,486.4007759094238,130.0,0
1596031333.9903839,488.2020616531372,130.0,0
1596031334.0003707,489.99969959259033,130.0,0
1596031334.000395,490.00407695770264,130.0,0
1596031334.000395,0,130.0,0
1596031334.0104,131.80089950561523,130.0,0
1596031334.0204062,133.60201358795166,130.0,0
1596031334.0304039,135.4015827178955,130.0,0
1596031334.0404146,137.20351219177246,130.0,0
1596031334.0504012,139.00110721588135,130.0,0
1596031334.0603998,140.80084800720215,130.0,0
1596031334.0703986,142.6006317138672,130.0,0
1596031334.0804112,144.40290451049805,130.0,0
1596031334.0904078,146.20230197906494,130.0,0
1596031334.1004138,148.00337314605713,130.0,0
1596031334.110414,149.8034143447876,130.0,0
1596031334.1203966,151.60027980804443,130.0,0
1596031334.1303976,153.40044975280762,130.0,0
1596031334.1404066,155.2020788192749,130.0,0
1596031334.1504068,157.00212001800537,130.0,0
1596031334.160398,158.80053043365479,130.0,0
1596031334.1704051,160.60181617736816,130.0,0
1596031334.1804101,162.4027156829834,130.0,0
1596031334.1903949,164.19996738433838,130.0,0
1596031334.2003963,166.00022315979004,130.0,0
1596031334.2104125,167.80313968658447,130.0,0
1596031334.220395,169.6000051498413,130.0,0
1596031334.2304146,171.40352249145508,130.0,0
1596031334.2404017,173.20120334625244,130.0,0
1596031334.2504098,175.00266075134277,130.0,0
1596031334.2603955,176.8000841140747,130.0,0
1596031334.270398,178.60051155090332,130.0,0
1596031334.2804153,180.40364265441895,130.0,0
1596031334.2904012,182.20110893249512,130.0,0
1596031334.3004143,184.00346755981445,130.0,0
1596031334.3104012,185.80110549926758,130.0,0
1596031334.3204076,187.60226249694824,130.0,0
1596031334.3303995,189.40080165863037,130.0,0
1596031334.340416,191.20376110076904,130.0,0
1596031334.3504093,193.0025577545166,130.0,0
1596031334.360416,194.8037576675415,130.0,0
1596031334.3704057,196.6019105911255,130.0,0
1596031334.3803973,198.40040683746338,130.0,0
1596031334.390403,200.20143508911133,130.0,0
1596031334.400412,202.0030641555786,130.0,0
1596031334.4104042,203.80164623260498,130.0,0
1596031334.4204006,205.60100078582764,130.0,0
1596031334.4304147,207.40353107452393,130.0,0
1596031334.4404027,209.20138359069824,130.0,0
1596031334.4504044,211.00168228149414,130.0,0
1596031334.4604092,212.80253887176514,130.0,0
1596031334.4704118,214.603009223938,130.0,0
1596031334.480414,216.40339374542236,130.0,0
1596031334.4903948,218.19995880126953,130.0,0
1596031334.5003967,220.00030040740967,130.0,0
1596031334.5103977,221.80047035217285,130.0,0
1596031334.5203948,223.59995365142822,130.0,0
1596031334.5303967,225.40029525756836,130.0,0
1596031334.5404158,227.20372676849365,130.0,0
1596031334.5504105,229.00278091430664,130.0,0
1596031334.5604112,230.8029079437256,130.0,0
1596031334.570412,232.60303497314453,130.0,0
1596031334.5803988,234.40067291259766,130.0,0
1596031334.5904124,236.20311737060547,130.0,0
1596031334.6003997,238.00084114074707,130.0,0
1596031334.6104128,239.8031997680664,130.0,0
1596031334.620407,241.60216808319092,130.0,0
1596031334.6304116,243.40298175811768,130.0,0
1596031334.6403985,245.2006196975708,130.0,0
1596031334.6504133,247.0032787322998,130.0,0
1596031334.6603994,248.80078792572021,130.0,0
1596031334.670399,250.60070037841797,130.0,0
1596031334.680405,252.40177154541016,130.0,0
1596031334.690397,254.20035362243652,130.0,0
1596031334.7004075,256.00224018096924,130.0,0
1596031334.7103977,257.8004789352417,130.0,0
1596031334.720406,259.60197925567627,130.0,0
1596031334.7304032,261.40146255493164,130.0,0
1596031334.7403972,263.2003879547119,130.0,0
1596031334.7503963,265.0002145767212,130.0,0
1596031334.7603958,266.80012702941895,130.0,0
1596031334.770412,268.6030435562134,130.0,0
1596031334.7803988,270.4006814956665,130.0,0
1596031334.790414,272.203426361084,130.0,0
1596031334.8004014,274.0011501312256,130.0,0
1596031334.8103971,275.8003759384155,130.0,0
1596031334.8204086,277.6024341583252,130.0,0
1596031334.830415,279.40359115600586,130.0,0
1596031334.8404143,281.2034606933594,130.0,0
1596031334.850409,283.00251483917236,130.0,0
1596031334.860414,284.8034143447876,130.0,0
1596031334.8703995,286.6007947921753,130.0,0
1596031334.880397,288.40036392211914,130.0,0
1596031334.8904023,290.2013063430786,130.0,0
1596031334.9004118,292.0030212402344,130.0,0
1596031334.9104123,293.8031053543091,130.0,0
1596031334.920414,295.603404045105,130.0,0
1596031334.9304085,297.40241527557373,130.0,0
1596031334.9404023,299.20129776000977,130.0,0
1596031334.9503944,300.99987983703613,130.0,0
1596031334.9604082,302.8023672103882,130.0,0
1596031334.9704015,304.60116386413574,130.0,0
1596031334.9804094,306.40257835388184,130.0,0
1596031334.9903982,308.20055961608887,130.0,0
1596031335.0004144,310.0034761428833,130.0,0
1596031335.0104005,311.8009853363037,130.0,0
1596031335.0204153,313.6036443710327,130.0,0
1596031335.0304065,315.40205478668213,130.0,0
1596031335.0404015,317.20115184783936,130.0,0
1596031335.0503945,318.9999055862427,130.0,0
1596031335.0604088,320.8024787902832,130.0,0
1596031335.0703957,322.6001167297363,130.0,0
1596031335.080409,324.4025182723999,130.0,0
1596031335.0904047,326.20174407958984,130.0,0
1596031335.1004107,328.00281524658203,130.0,0
1596031335.110412,329.80302810668945,130.0,0
1596031335.1203947,331.5999364852905,130.0,0
1596031335.130412,333.40306758880615,130.0,0
1596031335.1404135,335.2033233642578,130.0,0
1596031335.1504014,337.0011329650879,130.0,0
1596031335.1603982,338.800573348999,130.0,0
1596031335.1703956,340.60009956359863,130.0,0
1596031335.1804008,342.4010419845581,130.0,0
1596031335.1903963,344.2002248764038,130.0,0
1596031335.2004147,346.0035276412964,130.0,0
1596031335.2104065,347.8020668029785,130.0,0
1596031335.2204072,349.60219383239746,130.0,0
1596031335.230407,351.40214920043945,130.0,0
1596031335.2404125,353.20313453674316,130.0,0
1596031335.2504144,355.0034761428833,130.0,0
1596031335.2604084,356.8024015426636,130.0,0
1596031335.2704136,358.60334396362305,130.0,0
1596031335.2781887,360,130.0,1
1596031335.2804031,360.4014539718628,130.0,0
1596031335.2903943,362.1998643875122,130.0,0
1596031335.3003993,364.00076389312744,130.0,0
1596031335.3104153,365.80363750457764,130.0,0
1596031335.3204153,367.60363578796387,130.0,0
1596031335.3304014,369.4011449813843,130.0,0
1596031335.3404086,371.20243072509766,130.0,0
1596031335.3503962,373.0001974105835,130.0,0
1596031335.3603997,374.8008394241333,130.0,0
1596031335.3704083,376.6023826599121,130.0,0
1596031335.3804138,378.4033679962158,130.0,0
1596031335.3904066,380.2020788192749,130.0,0
1596031335.4004016,382.00117588043213,130.0,0
1596031335.4103997,383.80083084106445,130.0,0
1596031335.4203982,385.60057163238525,130.0,0
1596031335.430408,387.40232944488525,130.0,0
1596031335.4403965,389.20026779174805,130.0,0
1596031335.4503987,391.0006523132324,130.0,0
1596031335.4604094,392.8025817871094,130.0,0
1596031335.4704132,394.6032667160034,130.0,0
1596031335.480397,396.40034675598145,130.0,0
1596031335.490412,398.2030487060547,130.0,0
1596031335.500415,400.003604888916,130.0,0
1596031335.5103993,401.8007707595825,130.0,0
1596031335.520412,403.6030435562134,130.0,0
1596031335.5303993,405.400767326355,130.0,0
1596031335.5404015,407.20115184783936,130.0,0
1596031335.5504107,409.0028238296509,130.0,0
1596031335.560413,410.80320835113525,130.0,0
1596031335.5703955,412.6000738143921,130.0,0
1596031335.5803943,414.39985752105713,130.0,0
1596031335.590403,416.2014436721802,130.0,0
1596031335.6003957,418.000111579895,130.0,0
1596031335.6104007,419.80101108551025,130.0,0
1596031335.6204004,421.60096645355225,130.0,0
1596031335.6304097,423.40263843536377,130.0,0
1596031335.6404114,425.20293712615967,130.0,0
1596031335.6503966,427.0002746582031,130.0,0
1596031335.6603975,428.8004446029663,130.0,0
1596031335.6703963,430.60022830963135,130.0,0
1596031335.680406,432.40198612213135,130.0,0
1596031335.6904128,434.20318603515625,130.0,0
1596031335.7004,436.00090980529785,130.0,0
1596031335.7103968,437.80030727386475,130.0,0
1596031335.7204092,439.60253715515137,130.0,0
1596031335.7304075,441.40223503112793,130.0,0
1596031335.7403953,443.200044631958,130.0,0
1596031335.7504075,445.0022315979004,130.0,0
1596031335.760403,446.8014144897461,130.0,0
1596031335.7704,448.60089778900146,130.0,0
1596031335.780401,450.40106773376465,130.0,0
1596031335.79041,452.20269680023193,130.0,0
1596031335.8004117,454.00299549102783,130.0,0
1596031335.8104057,455.8019208908081,130.0,0
1596031335.8204045,457.60170459747314,130.0,0
1596031335.8304,459.40088748931885,130.0,0
1596031335.8404143,461.2034606933594,130.0,0
1596031335.850398,463.0005407333374,130.0,0
1596031335.8604088,464.80247020721436,130.0,0
1596031335.870401,466.6010522842407,130.0,0
1596031335.8803988,468.4006643295288,130.0,0
1596031335.890413,470.20323753356934,130.0,0
1596031335.9004066,472.00207710266113,130.0,0
1596031335.910403,473.8014316558838,130.0,0
1596031335.9204006,475.60100078582764,130.0,0
1596031335.9303937,477.39975452423096,130.0,0
1596031335.9404128,479.20318603515625,130.0,0
1596031335.9504106,481.00279808044434,130.0,0
1596031335.960411,482.80288219451904,130.0,0
1596031335.970412,484.6030521392822,130.0,0
1596031335.9803948,486.3999605178833,130.0,0
1596031335.9904094,488.20257663726807,130.0,0
1596031336.0004106,490.0027894973755,130.0,0
1596031336.0004106,0,130.0,0
1596031336.010414,131.80059909820557,130.0,0
1596031336.02043,133.603515625,130.0,0
1596031336.0304189,135.40149688720703,130.0,0
1596031336.0404174,137.20123767852783,130.0,0
1596031336.0504255,139.00269508361816,130.0,0
1596031336.0604124,140.8003330230713,130.0,0
1596031336.0704181,142.60136127471924,130.0,0
1596031336.0804176,144.401273727417,130.0,0
1596031336.0904238,146.20238780975342,130.0,0
1596031336.100418,148.00135612487793,130.0,0
1596031336.1104174,149.80122566223145,130.0,0
1596031336.120423,151.6022539138794,130.0,0
1596031336.130424,153.40242385864258,130.0,0
1596031336.1404135,155.20053386688232,130.0,0
1596031336.1504266,157.00289249420166,130.0,0
1596031336.1604118,158.80023002624512,130.0,0
1596031336.170416,160.60100078582764,130.0,0
1596031336.1804209,162.40185737609863,130.0,0
1596031336.1904275,164.20305728912354,130.0,0
1596031336.200429,166.0033130645752,130.0,0
1596031336.2104259,167.80275344848633,130.0,0
1596031336.2204127,169.60039138793945,130.0,0
1596031336.2304287,171.40326499938965,130.0,0
1596031336.2404215,173.20197582244873,130.0,0
1596031336.2504249,175.0025749206543,130.0,0
1596031336.2604284,176.8032169342041,130.0,0
1596031336.2704186,178.60145568847656,130.0,0
1596031336.2804213,180.4019260406494,130.0,0
1596031336.2904315,182.2037696838379,130.0,0
1596031336.3004274,184.00303840637207,130.0,0
1596031336.3104184,185.80140590667725,130.0,0
1596031336.3204198,187.6016616821289,130.0,0
1596031336.3304255,189.40268993377686,130.0,0
1596031336.3404224,191.202130317688,130.0,0
1596031336.3504267,193.0029010772705,130.0,0
1596031336.3604283,194.8031997680664,130.0,0
1596031336.3704193,196.60156726837158,130.0,0
1596031336.380423,198.40225219726562,130.0,0
1596031336.3904119,200.20023345947266,130.0,0
1596031336.4004104,201.99997425079346,130.0,0
1596031336.410421,203.80186080932617,130.0,0
1596031336.4204106,205.60001373291016,130.0,0
1596031336.4304113,207.4001407623291,130.0,0
1596031336.4404109,209.20005321502686,130.0,0
1596031336.4504187,211.00146770477295,130.0,0
1596031336.46042,212.80168056488037,130.0,0
1596031336.4704297,214.60343837738037,130.0,0
1596031336.4804175,216.40124797821045,130.0,0
1596031336.4904163,218.2010316848755,130.0,0
1596031336.5004103,219.99995708465576,130.0,0
1596031336.5104241,221.8024444580078,130.0,0
1596031336.5204113,223.60012531280518,130.0,0
1596031336.5304236,225.4023551940918,130.0,0
1596031336.540427,227.20295429229736,130.0,0
1596031336.5504236,229.00235176086426,130.0,0
1596031336.5604236,230.8023500442505,130.0,0
1596031336.5704203,232.60174751281738,130.0,0
1596031336.580426,234.40277576446533,130.0,0
1596031336.5904226,236.20217323303223,130.0,0
1596031336.6004288,238.00328731536865,130.0,0
1596031336.6104236,239.80234146118164,130.0,0
1596031336.6204226,241.60216808319092,130.0,0
1596031336.6304138,243.40057849884033,130.0,0
1596031336.6404192,245.20156383514404,130.0,0
1596031336.6504285,247.00323581695557,130.0,0
1596031336.6604185,248.8014316558838,130.0,0
1596031336.6704266,250.60288906097412,130.0,0
1596031336.680422,252.40207195281982,130.0,0
1596031336.6904228,254.20219898223877,130.0,0
1596031336.7004125,256.00035190582275,130.0,0
1596031336.7104285,257.80322551727295,130.0,0
1596031336.7204297,259.60343837738037,130.0,0
1596031336.7304184,261.4014196395874,130.0,0
1596031336.74042,263.2017183303833,130.0,0
1596031336.7504191,265.0015449523926,130.0,0
1596031336.7604208,266.8018436431885,130.0,0
1596031336.7704306,268.6036014556885,130.0,0
1596031336.78042,270.4017114639282,130.0,0
1596031336.790411,272.2000789642334,130.0,0
1596031336.8004146,274.0007209777832,130.0,0
1596031336.8104255,275.8026933670044,130.0,0
1596031336.8204148,277.6007604598999,130.0,0
1596031336.8304245,279.4025182723999,130.0,0
1596031336.840418,281.2013578414917,130.0,0
1596031336.8504236,283.0023431777954,130.0,0
1596031336.8604305,284.80358600616455,130.0,0
1596031336.8704195,286.6016101837158,130.0,0
1596031336.8804247,288.4025526046753,130.0,0
1596031336.8904228,290.2022075653076,130.0,0
1596031336.9004185,292.00143337249756,130.0,0
1596031336.9104278,293.8031053543091,130.0,0
1596031336.920424,295.6024169921875,130.0,0
1596031336.9304125,297.4003553390503,130.0,0
1596031336.9404168,299.2011260986328,130.0,0
1596031336.9504244,301.00249767303467,130.0,0
1596031336.9604304,302.80356884002686,130.0,0
1596031336.9704208,304.60185050964355,130.0,0
1596031336.9804237,306.40236377716064,130.0,0
1596031336.9904144,308.2006883621216,130.0,0
1596031337.000426,310.0027894973755,130.0,0
1596031337.0104313,311.80373191833496,130.0,0
1596031337.0204098,313.59986782073975,130.0,0
1596031337.030424,315.4024410247803,130.0,0
1596031337.0404103,317.1999502182007,130.0,0
1596031337.050414,319.0006351470947,130.0,0
1596031337.060418,320.80132007598877,130.0,0
1596031337.0704248,322.6025629043579,130.0,0
1596031337.0804305,324.40359115600586,130.0,0
1596031337.0904164,326.20105743408203,130.0,0
1596031337.1004186,328.0014419555664,130.0,0
1596031337.1104293,329.80337142944336,130.0,0
1596031337.1204147,331.60075187683105,130.0,0
1596031337.1304224,333.4021234512329,130.0,0
1596031337.1404114,335.2001476287842,130.0,0
1596031337.1504276,337.0030641555786,130.0,0
1596031337.1604276,338.80306243896484,130.0,0
1596031337.1704233,340.6022882461548,130.0,0
1596031337.1804104,342.39996910095215,130.0,0
1596031337.1904182,344.20138359069824,130.0,0
1596031337.2004292,346.00335597991943,130.0,0
1596031337.210423,347.80223846435547,130.0,0
1596031337.2204263,349.60283756256104,130.0,0
1596031337.2304113,351.40013217926025,130.0,0
1596031337.2404249,353.20257663726807,130.0,0
1596031337.2504194,355.0015878677368,130.0,0
1596031337.2604294,356.80338859558105,130.0,0
1596031337.2704294,358.6033868789673,130.0,0
1596031337.2781904,360,130.0,1
1596031337.2804122,360.40029525756836,130.0,0
1596031337.2904146,362.200722694397,130.0,0
1596031337.30042,364.0017080307007,130.0,0
1596031337.3104267,365.8029079437256,130.0,0
1596031337.3204186,367.6014471054077,130.0,0
1596031337.3304281,369.4031620025635,130.0,0
1596031337.3404112,371.2001132965088,130.0,0
1596031337.3504097,372.9998540878296,130.0,0
1596031337.3604243,374.80247020721436,130.0,0
1596031337.3704305,376.6035842895508,130.0,0
1596031337.380426,378.4027671813965,130.0,0
1596031337.3904262,380.20280838012695,130.0,0
1596031337.4004169,382.0011329650879,130.0,0
1596031337.410427,383.80297660827637,130.0,0
1596031337.4204118,385.60022830963135,130.0,0
1596031337.4304273,387.40301609039307,130.0,0
1596031337.4404166,389.2010831832886,130.0,0
1596031337.450419,391.0015106201172,130.0,0
1596031337.4604285,392.80322551727295,130.0,0
1596031337.4704208,394.60185050964355,130.0,0
1596031337.4804165,396.4010763168335,130.0,0
1596031337.4904175,398.2012462615967,130.0,0
1596031337.500427,400.00296115875244,130.0,0
1596031337.510423,401.8022298812866,130.0,0
1596031337.5204256,403.6027002334595,130.0,0
1596031337.5304282,405.4031705856323,130.0,0
1596031337.5404162,407.20102310180664,130.0,0
1596031337.5504155,409.00089263916016,130.0,0
1596031337.56041,410.7999038696289,130.0,0
1596031337.5704126,412.60037422180176,130.0,0
1596031337.5804248,414.40256118774414,130.0,0
1596031337.5904162,416.2010145187378,130.0,0
1596031337.6004097,417.9998540878296,130.0,0
1596031337.6104214,419.8019552230835,130.0,0
1596031337.6204095,421.5998077392578,130.0,0
1596031337.6304226,423.40216636657715,130.0,0
1596031337.640423,425.20225048065186,130.0,0
1596031337.6504104,426.99997425079346,130.0,0
1596031337.6604211,428.8019037246704,130.0,0
1596031337.6704233,430.6022882461548,130.0,0
1596031337.680421,432.40190029144287,130.0,0
1596031337.6904233,434.20228481292725,130.0,0
1596031337.7004182,436.0013818740845,130.0,0
1596031337.71042,437.80168056488037,130.0,0
1596031337.7204282,439.60318088531494,130.0,0
1596031337.7304106,441.40000343322754,130.0,0
1596031337.7404118,443.20021629333496,130.0,0
1596031337.7504103,444.99995708465576,130.0,0
1596031337.7604263,446.80283069610596,130.0,0
1596031337.7704132,448.6004686355591,130.0,0
1596031337.7804174,450.4012393951416,130.0,0
1596031337.7904177,452.20128059387207,130.0,0
1596031337.8004239,454.0023946762085,130.0,0
1596031337.8104293,455.8033800125122,130.0,0
1596031337.8204203,457.6017475128174,130.0,0
1596031337.8304272,459.4029903411865,130.0,0
1596031337.8404145,461.2007141113281,130.0,0
1596031337.8504276,463.00307273864746,130.0,0
1596031337.860415,464.80079650878906,130.0,0
1596031337.8704126,466.6003656387329,130.0,0
1596031337.8804274,468.4030246734619,130.0,0
1596031337.8904169,470.20113468170166,130.0,0
1596031337.9004166,472.00109004974365,130.0,0
1596031337.9104211,473.8019037246704,130.0,0
1596031337.9204137,475.60057163238525,130.0,0
1596031337.9304192,477.40155696868896,130.0,0
1596031337.94043,479.2034864425659,130.0,0
1596031337.9504178,481.001296043396,130.0,0
1596031337.9604132,482.8004789352417,130.0,0
1596031337.9704168,484.6011209487915,130.0,0
1596031337.9804158,486.4009475708008,130.0,0
1596031337.9904265,488.20287704467773,130.0,0
