Timestamp,Phase,Heading,Ping?
1595991763.0001175,70.0,70.0,0
1595991763.0001352,70.00180244445801,70.0,0
1595991763.0001352,157.0012617111206,156.9994592666626,0
1595991763.0101364,158.80147457122803,156.9994592666626,0
1595991763.0201387,160.60190200805664,156.9994592666626,0
1595991763.0301273,162.39984035491943,156.9994592666626,0
1595991763.0401258,164.19958114624023,156.9994592666626,0
1595991763.0501454,166.003098487854,156.9994592666626,0
1595991763.0601265,167.7997064590454,156.9994592666626,0
1595991763.0701375,169.6016788482666,156.9994592666626,0
1595991763.0801413,171.40236377716064,156.9994592666626,0
1595991763.090142,173.2024908065796,156.9994592666626,0
1595991763.100125,174.9994421005249,156.9994592666626,0
1595991763.1101375,176.80167198181152,156.9994592666626,0
1595991763.1201282,178.59999656677246,156.9994592666626,0
1595991763.130145,180.4030418395996,156.9994592666626,0
1595991763.140137,182.20158100128174,156.9994592666626,0
1595991763.150128,183.9999485015869,156.9994592666626,0
1595991763.1601465,185.80329418182373,156.9994592666626,0
1595991763.1701279,187.59994506835938,156.9994592666626,0
1595991763.1801424,189.40256118774414,156.9994592666626,0
1595991763.190131,191.20049953460693,156.9994592666626,0
1595991763.2001376,193.00169944763184,156.9994592666626,0
1595991763.2101457,194.80315685272217,156.9994592666626,0
1595991763.2201312,196.60053730010986,156.9994592666626,0
1595991763.2301364,198.40147972106934,156.9994592666626,0
1595991763.2401416,200.2024221420288,156.9994592666626,0
1595991763.2501447,202.00297832489014,156.9994592666626,0
1595991763.2601368,203.8015604019165,156.9994592666626,0
1595991763.2701464,205.60327529907227,156.9994592666626,0
1595991763.2801456,207.40314483642578,156.9994592666626,0
1595991763.2901466,209.20331478118896,156.9994592666626,0
1595991763.3001463,211.00327014923096,156.9994592666626,0
1595991763.310139,212.8019380569458,156.9994592666626,0
1595991763.3201365,214.60150718688965,156.9994592666626,0
1595991763.3301408,216.40227794647217,156.9994592666626,0
1595991763.340141,218.20231914520264,156.9994592666626,0
1595991763.350144,220.00283241271973,156.9994592666626,0
1595991763.3601336,221.8009853363037,156.9994592666626,0
1595991763.3701384,223.6018419265747,156.9994592666626,0
1595991763.3801274,225.39986610412598,156.9994592666626,0
1595991763.390133,227.2008514404297,156.9994592666626,0
1595991763.4001338,229.00102138519287,156.9994592666626,0
1595991763.4101427,230.80260753631592,156.9994592666626,0
1595991763.4201307,232.60046005249023,156.9994592666626,0
1595991763.4301386,234.40187454223633,156.9994592666626,0
1595991763.440138,236.20178699493408,156.9994592666626,0
1595991763.4501429,238.00264358520508,156.9994592666626,0
1595991763.4601398,239.8020839691162,156.9994592666626,0
1595991763.4701388,241.6019105911255,156.9994592666626,0
1595991763.4801388,243.40190887451172,156.9994592666626,0
1595991763.4901373,245.20164966583252,156.9994592666626,0
1595991763.5001428,247.00263500213623,156.9994592666626,0
1595991763.5101252,248.79945755004883,156.9994592666626,0
1595991763.5201333,250.60091495513916,156.9994592666626,0
1595991763.5301402,252.4021577835083,156.9994592666626,0
1595991763.540129,254.20013904571533,156.9994592666626,0
1595991763.550138,256.0017681121826,156.9994592666626,0
1595991763.5601301,257.800350189209,156.9994592666626,0
1595991763.5701425,259.6025800704956,156.9994592666626,0
1595991763.5801306,261.4004325866699,156.9994592666626,0
1595991763.5901253,263.1994867324829,156.9994592666626,0
1595991763.6001425,265.0025749206543,156.9994592666626,0
1595991763.610133,266.800856590271,156.9994592666626,0
1595991763.6201298,268.60029697418213,156.9994592666626,0
1595991763.6301394,270.4020118713379,156.9994592666626,0
1595991763.640128,272.1999502182007,156.9994592666626,0
1595991763.650126,273.999605178833,156.9994592666626,0
1595991763.6601396,275.8020496368408,156.9994592666626,0
1595991763.6701283,277.60003089904785,156.9994592666626,0
1595991763.6801424,279.40256118774414,156.9994592666626,0
1595991763.6901374,281.20165824890137,156.9994592666626,0
1595991763.7001345,283.00114154815674,156.9994592666626,0
1595991763.7101378,284.8017406463623,156.9994592666626,0
1595991763.720131,286.6004943847656,156.9994592666626,0
1595991763.7301245,288.3993339538574,156.9994592666626,0
1595991763.7401426,290.20259380340576,156.9994592666626,0
1595991763.750139,292.0019483566284,156.9994592666626,0
1595991763.7601345,293.8011312484741,156.9994592666626,0
1595991763.7701254,295.5994987487793,156.9994592666626,0
1595991763.7801259,297.399582862854,156.9994592666626,0
1595991763.790144,299.20284271240234,156.9994592666626,0
1595991763.800125,300.9994077682495,156.9994592666626,0
1595991763.8101437,302.80279636383057,156.9994592666626,0
1595991763.8201447,304.60296630859375,156.9994592666626,0
1595991763.8301382,306.40180587768555,156.9994592666626,0
1595991763.8401353,308.2012891769409,156.9994592666626,0
1595991763.850142,310.0024890899658,156.9994592666626,0
1595991763.8601346,311.80115699768066,156.9994592666626,0
1595991763.8701398,313.60209941864014,156.9994592666626,0
1595991763.8801327,315.4008102416992,156.9994592666626,0
1595991763.8901298,317.2002935409546,156.9994592666626,0
1595991763.9001377,319.0017080307007,156.9994592666626,0
1595991763.9101315,320.8005905151367,156.9994592666626,0
1595991763.920128,322.5999879837036,156.9994592666626,0
1595991763.9301362,324.40144538879395,156.9994592666626,0
1595991763.9401424,326.20255947113037,156.9994592666626,0
1595991763.9501317,328.0006265640259,156.9994592666626,0
1595991763.96014,329.80212688446045,156.9994592666626,0
1595991763.9701326,331.6007947921753,156.9994592666626,0
1595991763.9801266,333.39972019195557,156.9994592666626,0
1595991763.9901452,335.2030658721924,156.9994592666626,0
1595991763.9981954,336.65210247039795,156.9994592666626,0
1595991763.9981954,343.65647172927856,164.0038285255432,0
1595991764.0001316,344.00498723983765,164.0038285255432,0
1595991764.0101397,345.806444644928,164.0038285255432,0
1595991764.020146,347.6075587272644,164.0038285255432,0
1595991764.0301266,349.40408086776733,164.0038285255432,0
1595991764.0401256,351.2039074897766,164.0038285255432,0
1595991764.0501323,353.0051074028015,164.0038285255432,0
1595991764.0601387,354.8062644004822,164.0038285255432,0
1595991764.070141,356.6066918373108,164.0038285255432,0
1595991764.0801258,358.40394353866577,164.0038285255432,0
1595991764.0889957,360,164.0038285255432,1
1595991764.0901458,360.207546710968,164.0038285255432,0
1595991764.1001396,362.00642919540405,164.0038285255432,0
1595991764.1101382,363.80616998672485,164.0038285255432,0
1595991764.1201262,365.60402250289917,164.0038285255432,0
1595991764.1301296,367.40462160110474,164.0038285255432,0
1595991764.140146,369.2075810432434,164.0038285255432,0
1595991764.1501422,371.0068926811218,164.0038285255432,0
1595991764.15963,372.71470880508423,164.0038285255432,0
1595991764.15963,476.90029616355895,268.18941588401793,0
1595991764.160125,476.9893884181976,268.18941588401793,0
1595991764.1701405,478.79217619895934,268.18941588401793,0
1595991764.1801305,480.59037203788756,268.18941588401793,0
1595991764.190126,482.38955492973326,268.18941588401793,0
1595991764.20014,484.19208521842955,268.18941588401793,0
1595991764.2101274,485.98980898857116,268.18941588401793,0
1595991764.2201262,487.7895926952362,268.18941588401793,0
1595991764.2301455,489.5930671215057,268.18941588401793,0
1595991764.2401364,491.3914346218109,268.18941588401793,0
1595991764.2501447,493.1929349422455,268.18941588401793,0
1595991764.2601314,494.99052996635436,268.18941588401793,0
1595991764.27014,496.79207320213317,268.18941588401793,0
1595991764.2801347,498.59112734794616,268.18941588401793,0
1595991764.2901323,500.39069647789,268.18941588401793,0
1595991764.300135,502.19116683006285,268.18941588401793,0
1595991764.3101435,503.99271006584166,268.18941588401793,0
1595991764.3201249,505.7893609523773,268.18941588401793,0
1595991764.3301313,507.590517950058,268.18941588401793,0
1595991764.3401258,509.3895291805267,268.18941588401793,0
1595991764.3501458,511.19313235282897,268.18941588401793,0
1595991764.3601282,512.9899549007416,268.18941588401793,0
1595991764.3701367,514.7914981365204,268.18941588401793,0
1595991764.380128,516.5899085521698,268.18941588401793,0
1595991764.3901317,518.3905934810639,268.18941588401793,0
1595991764.4001338,520.1909780025483,268.18941588401793,0
1595991764.4101405,521.9921779155732,268.18941588401793,0
1595991764.420136,523.7913608074189,268.18941588401793,0
1595991764.4301362,525.5914020061493,268.18941588401793,0
1595991764.44014,527.3920869350434,268.18941588401793,0
1595991764.4501255,529.1894673824311,268.18941588401793,0
1595991764.4601285,530.9900235652924,268.18941588401793,0
1595991764.4701343,532.7910518169404,268.18941588401793,0
1595991764.480144,534.5928096294404,268.18941588401793,0
1595991764.4901297,536.3902329921723,268.18941588401793,0
1595991764.500138,538.1917333126069,268.18941588401793,0
1595991764.5101428,539.9925899028779,268.18941588401793,0
1595991764.5201256,541.7894982814789,268.18941588401793,0
1595991764.5301392,543.5919427394867,268.18941588401793,0
1595991764.54014,545.3920697689057,268.18941588401793,0
1595991764.5501423,547.1924972057343,268.18941588401793,0
1595991764.560124,548.9891910076142,268.18941588401793,0
1595991764.5701265,550.789661359787,268.18941588401793,0
1595991764.5801337,552.5909471035004,268.18941588401793,0
1595991764.5901268,554.3897008419037,268.18941588401793,0
1595991764.600139,556.1918878078461,268.18941588401793,0
1595991764.6101449,557.9929589748383,268.18941588401793,0
1595991764.6201336,559.7909402370453,268.18941588401793,0
1595991764.6301317,561.5905951976777,268.18941588401793,0
1595991764.6401448,563.392953824997,268.18941588401793,0
1595991764.6501257,565.1895188808442,268.18941588401793,0
1595991764.6601293,566.990160894394,268.18941588401793,0
1595991764.6701329,568.7908029079438,268.18941588401793,0
1595991764.6801293,570.5901574611664,268.18941588401793,0
1595991764.6901317,572.390584897995,268.18941588401793,0
1595991764.7001336,574.1909265041352,268.18941588401793,0
1595991764.7101312,575.990495634079,268.18941588401793,0
1595991764.7201378,577.7916955471039,268.18941588401793,0
1595991764.7301326,579.5907496929169,268.18941588401793,0
1595991764.740142,581.3924645900727,268.18941588401793,0
1595991764.750134,583.1910037517548,268.18941588401793,0
1595991764.7601264,584.9896287441254,268.18941588401793,0
1595991764.7701368,586.7915153026581,268.18941588401793,0
1595991764.7801259,588.5895394802094,268.18941588401793,0
1595991764.7901325,590.3907393932343,268.18941588401793,0
1595991764.8001287,592.1900510311127,268.18941588401793,0
1595991764.810137,593.9915513515473,268.18941588401793,0
1595991764.8201342,595.7910346508027,268.18941588401793,0
1595991764.8301365,597.5914620876313,268.18941588401793,0
1595991764.8401406,599.3921899318696,268.18941588401793,0
1595991764.8501332,601.1908578395844,268.18941588401793,0
1595991764.8601305,602.990384054184,268.18941588401793,0
1595991764.8701236,604.7891377925873,268.18941588401793,0
1595991764.8801396,606.5920114040375,268.18941588401793,0
1595991764.890133,608.3908080577851,268.18941588401793,0
1595991764.9001374,610.1916217327118,268.18941588401793,0
1595991764.9101326,611.9907617092133,268.18941588401793,0
1595991764.9201288,613.7900733470917,268.18941588401793,0
1595991764.930134,615.5910157680512,268.18941588401793,0
1595991764.940139,617.3919152736664,268.18941588401793,0
1595991764.9501264,619.189639043808,268.18941588401793,0
1595991764.9601438,620.9927701473237,268.18941588401793,0
1595991764.9701242,622.7892493724823,268.18941588401793,0
1595991764.9801428,624.5925950527192,268.18941588401793,0
1595991764.9901257,626.3895034313202,268.18941588401793,0
1595991765.0001445,628.1928920269013,268.18941588401793,0
1595991765.0001445,0,268.18941588401793,0
1595991765.0101445,269.98941416740416,268.18941588401793,0
1595991765.0201519,271.7907428264618,268.18941588401793,0
1595991765.0301588,273.5919856548309,268.18941588401793,0
1595991765.0401547,275.3912543773651,268.18941588401793,0
1595991765.0501647,277.19305510520934,268.18941588401793,0
1595991765.050934,277.3315429210663,268.18941588401793,0
1595991765.050934,302.1320800447464,292.98995300769803,0
1595991765.0601609,303.79290386676786,292.98995300769803,0
1595991765.0701463,305.59028431415555,292.98995300769803,0
1595991765.0801551,307.3918704652786,292.98995300769803,0
1595991765.0901499,309.1909246110916,292.98995300769803,0
1595991765.100161,310.992939915657,292.98995300769803,0
1595991765.1101449,312.79001995563505,292.98995300769803,0
1595991765.1201541,314.59169193744657,292.98995300769803,0
1595991765.1301484,316.3906602525711,292.98995300769803,0
1595991765.140153,318.19147392749784,292.98995300769803,0
1595991765.1501515,319.99121471881864,292.98995300769803,0
1595991765.1601539,321.79164215564725,292.98995300769803,0
1595991765.170165,323.5936574602127,292.98995300769803,0
1595991765.180166,325.39382740497587,292.98995300769803,0
1595991765.1901567,327.1921519899368,292.98995300769803,0
1595991765.2001657,328.9937810564041,292.98995300769803,0
1595991765.2101471,330.79043194293973,292.98995300769803,0
1595991765.2201517,332.5912456178665,292.98995300769803,0
1595991765.2301545,334.3917588853836,292.98995300769803,0
1595991765.240148,336.1905984544754,292.98995300769803,0
1595991765.2501588,337.99252792835233,292.98995300769803,0
1595991765.2601533,339.7915391588211,292.98995300769803,0
1595991765.2701502,341.5909795427322,292.98995300769803,0
1595991765.2801456,343.3901624345779,292.98995300769803,0
1595991765.2901454,345.1901178026199,292.98995300769803,0
1595991765.3001482,346.990631070137,292.98995300769803,0
1595991765.3101647,348.79359051227567,292.98995300769803,0
1595991765.3201573,350.5922584199905,292.98995300769803,0
1595991765.3301623,352.39315792560575,292.98995300769803,0
1595991765.3401644,354.1935424470901,292.98995300769803,0
1595991765.3501508,355.9910945558548,292.98995300769803,0
1595991765.360159,357.7925519609451,292.98995300769803,0
1595991765.370165,359.59366604328153,292.98995300769803,0
1595991765.372426,360,292.98995300769803,1
1595991765.38016,361.39276310443876,292.98995300769803,0
1595991765.3901572,363.1922464036941,292.98995300769803,0
1595991765.400161,364.99293133258817,292.98995300769803,0
1595991765.4101658,366.79378792285917,292.98995300769803,0
1595991765.4201548,368.59181210041044,292.98995300769803,0
1595991765.430161,370.39292618274686,292.98995300769803,0
1595991765.440159,372.1925811433792,292.98995300769803,0
1595991765.4501595,373.9926652574539,292.98995300769803,0
1595991765.4601555,375.7919339799881,292.98995300769803,0
1595991765.4701474,377.5904731416702,292.98995300769803,0
1595991765.4801629,379.3932609224319,292.98995300769803,0
1595991765.490166,381.19381710529325,292.98995300769803,0
1595991765.50016,382.9927425050735,292.98995300769803,0
1595991765.5101497,384.7908954286575,292.98995300769803,0
1595991765.5201538,386.5916232728958,292.98995300769803,0
1595991765.5301511,388.3911494874954,292.98995300769803,0
1595991765.5401638,390.19342228412626,292.98995300769803,0
1595991765.5501502,391.9909743928909,292.98995300769803,0
1595991765.5601487,393.7907151842117,292.98995300769803,0
1595991765.5701544,395.59174343585966,292.98995300769803,0
1595991765.5801644,397.3935441637039,292.98995300769803,0
1595991765.59016,399.1927270555496,292.98995300769803,0
1595991765.6001613,400.99298283100126,292.98995300769803,0
1595991765.6101441,402.78989120960233,292.98995300769803,0
1595991765.6201506,404.591048207283,292.98995300769803,0
1595991765.630157,406.39220520496366,292.98995300769803,0
1595991765.6401439,408.1898431444168,292.98995300769803,0
1595991765.6501641,409.99348923206327,292.98995300769803,0
1595991765.660148,411.7905692720413,292.98995300769803,0
1595991765.6701481,413.59061047077176,292.98995300769803,0
1595991765.680153,415.39146706104276,292.98995300769803,0
1595991765.6901603,417.1927957201004,292.98995300769803,0
1595991765.6960652,418.2556800508499,292.98995300769803,0
1595991765.6960652,148.77897603559495,23.513248992443096,0
1595991765.7001514,149.51450212049485,23.513248992443096,0
1595991765.710164,151.3167749171257,23.513248992443096,0
1595991765.7201476,153.1138120417595,23.513248992443096,0
1595991765.7301607,154.91617066907884,23.513248992443096,0
1595991765.7401557,156.71526773023606,23.513248992443096,0
1595991765.7501612,158.51625306653978,23.513248992443096,0
1595991765.760154,160.31496388959886,23.513248992443096,0
1595991765.7701542,162.11500508832933,23.513248992443096,0
1595991765.7801614,163.9162908320427,23.513248992443096,0
1595991765.7901633,165.71663243818284,23.513248992443096,0
1595991765.8001506,167.51435620832444,23.513248992443096,0
1595991765.810151,169.31444032239915,23.513248992443096,0
1595991765.8201547,171.11508233594896,23.513248992443096,0
1595991765.83016,172.91602475690843,23.513248992443096,0
1595991765.8401563,174.71537931013108,23.513248992443096,0
1595991765.8501503,176.51430470991136,23.513248992443096,0
1595991765.8601573,178.3155475382805,23.513248992443096,0
1595991765.8701591,180.11588914442063,23.513248992443096,0
1595991765.8801465,181.91361291456224,23.513248992443096,0
1595991765.89015,183.71425492811204,23.513248992443096,0
1595991765.9001565,185.5154119257927,23.513248992443096,0
1595991765.9101532,187.3148093943596,23.513248992443096,0
1595991765.9201505,189.1143356089592,23.513248992443096,0
1595991765.930157,190.91549260663987,23.513248992443096,0
1595991765.940189,192.72124154615403,23.513248992443096,0
1595991765.9501574,194.5155750041008,23.513248992443096,0
1595991765.9601617,196.31634576368333,23.513248992443096,0
1595991765.9701545,198.1150565867424,23.513248992443096,0
1595991765.9801624,199.9164710764885,23.513248992443096,0
1595991765.9901628,201.7165551905632,23.513248992443096,0
1595991766.0001464,203.513592315197,23.513248992443096,0
1595991766.01015,205.3142343287468,23.513248992443096,0
1595991766.0201578,207.1156488184929,23.513248992443096,0
1595991766.030165,208.91693456220628,23.513248992443096,0
1595991766.040155,210.7151304011345,23.513248992443096,0
1595991766.0501564,212.51538617658616,23.513248992443096,0
1595991766.0601532,214.3148265604973,23.513248992443096,0
1595991766.0701444,216.1132369761467,23.513248992443096,0
1595991766.0801618,217.91636807966233,23.513248992443096,0
1595991766.0901594,219.71593720960618,23.513248992443096,0
1595991766.100144,221.51314599561692,23.513248992443096,0
1595991766.110154,223.31494672346116,23.513248992443096,0
1595991766.1201625,225.11648995923997,23.513248992443096,0
1595991766.1301498,226.91421372938157,23.513248992443096,0
1595991766.1401563,228.71537072706224,23.513248992443096,0
1595991766.1501613,230.51627023267747,23.513248992443096,0
1595991766.1601598,232.31601102399827,23.513248992443096,0
1595991766.1701596,234.11596639204026,23.513248992443096,0
1595991766.1801474,235.91377599287034,23.513248992443096,0
1595991766.1901639,237.716735435009,23.513248992443096,0
1595991766.2001445,239.51325757551194,23.513248992443096,0
1595991766.2101579,241.31565911817552,23.513248992443096,0
1595991766.220165,243.1169448618889,23.513248992443096,0
1595991766.2301488,244.91402490186692,23.513248992443096,0
1595991766.2401638,246.71672685194017,23.513248992443096,0
1595991766.2501543,248.51500852155687,23.513248992443096,0
1595991766.2601438,250.3131185297966,23.513248992443096,0
1595991766.270154,252.1149621729851,23.513248992443096,0
1595991766.2801476,253.91380174207688,23.513248992443096,0
1595991766.2901466,255.71362836408616,23.513248992443096,0
1595991766.3001518,257.51457078504563,23.513248992443096,0
1595991766.3101633,259.3166290049553,23.513248992443096,0
1595991766.320153,261.1147819285393,23.513248992443096,0
1595991766.3301475,262.91379315900804,23.513248992443096,0
1595991766.3401446,264.7132764582634,23.513248992443096,0
1595991766.3501563,266.5153775935173,23.513248992443096,0
1595991766.3601532,268.31481797742845,23.513248992443096,0
1595991766.370146,270.11352880048753,23.513248992443096,0
1595991766.3801584,271.91575868177415,23.513248992443096,0
1595991766.3901591,273.7158857111931,23.513248992443096,0
1595991766.4001617,275.51635606336595,23.513248992443096,0
1595991766.4101584,277.31575353193284,23.513248992443096,0
1595991766.420163,279.1165672068596,23.513248992443096,0
1595991766.4301476,280.9138189082146,23.513248992443096,0
1595991766.4401643,282.7168212656975,23.513248992443096,0
1595991766.4501438,284.51312882947923,23.513248992443096,0
1595991766.460154,286.3149724726677,23.513248992443096,0
1595991766.470161,288.11621530103685,23.513248992443096,0
1595991766.4801624,289.9164710764885,23.513248992443096,0
1595991766.490151,291.7144094233513,23.513248992443096,0
1595991766.5001647,293.51689679670335,23.513248992443096,0
1595991766.5101607,295.31616551923753,23.513248992443096,0
1595991766.5201464,297.11358888196946,23.513248992443096,0
1595991766.5301645,298.9168487315178,23.513248992443096,0
1595991766.5401556,300.7152591471672,23.513248992443096,0
1595991766.5501463,302.51358373212815,23.513248992443096,0
1595991766.5601513,304.3144832377434,23.513248992443096,0
1595991766.5701628,306.11654145765306,23.513248992443096,0
1595991766.5801606,307.91615350294114,23.513248992443096,0
1595991766.5901537,309.71490724134446,23.513248992443096,0
1595991766.6001537,311.5149055247307,23.513248992443096,0
1595991766.6101437,313.3131013636589,23.513248992443096,0
1595991766.6201468,315.11365754652024,23.513248992443096,0
1595991766.6301637,316.9167028193474,23.513248992443096,0
1595991766.6401556,318.7152419810295,23.513248992443096,0
1595991766.6501484,320.5139528040886,23.513248992443096,0
1595991766.6601508,322.3143802409172,23.513248992443096,0
1595991766.6701558,324.11527974653245,23.513248992443096,0
1595991766.6801476,325.9138189082146,23.513248992443096,0
1595991766.6901507,327.7143750910759,23.513248992443096,0
1595991766.7001562,329.5153604273796,23.513248992443096,0
1595991766.710149,331.3140712504387,23.513248992443096,0
1595991766.7201507,333.1143699412346,23.513248992443096,0
1595991766.7301455,334.9134240870476,23.513248992443096,0
1595991766.7401605,336.71612603712083,23.513248992443096,0
1595991766.7501485,338.51397855329515,23.513248992443096,0
1595991766.7601624,340.3164659266472,23.513248992443096,0
1595991766.7701478,342.1138463740349,23.513248992443096,0
1595991766.7801514,343.9144883875847,23.513248992443096,0
1595991766.7901485,345.71397168684007,23.513248992443096,0
1595991766.8001647,347.5168882136345,23.513248992443096,0
1595991766.8101492,349.31409699964524,23.513248992443096,0
1595991766.8201632,351.11662728834153,23.513248992443096,0
1595991766.830143,352.9129777674675,23.513248992443096,0
1595991766.8401577,354.7156368021965,23.513248992443096,0
1595991766.850157,356.51550633955003,23.513248992443096,0
1595991766.86016,358.31606252241136,23.513248992443096,0
1595991766.8701563,360.1153741602898,23.513248992443096,0
1595991766.8801637,361.9167028193474,23.513248992443096,0
1595991766.8901536,363.7148986582756,23.513248992443096,0
1595991766.9001565,365.5154119257927,23.513248992443096,0
1595991766.9101439,367.3131356959343,23.513248992443096,0
1595991766.9201448,369.1133056406975,23.513248992443096,0
1595991766.9301488,370.91403348493577,23.513248992443096,0
1595991766.9401634,372.71664960432054,23.513248992443096,0
1595991766.950152,374.51458795118333,23.513248992443096,0
1595991766.9601595,376.3159595255852,23.513248992443096,0
1595991766.9701538,378.1149278407097,23.513248992443096,0
1595991766.9801483,379.91393907117845,23.513248992443096,0
1595991766.9901474,381.7137656931877,23.513248992443096,0
1595991767.000152,383.5146222834587,23.513248992443096,0
1595991767.000152,0,23.513248992443096,0
1595991767.0101647,25.315521789073955,23.513248992443096,0
1595991767.020167,27.11594922590257,23.513248992443096,0
1595991767.030152,28.913243842601787,23.513248992443096,0
1595991767.0401669,30.71590287733079,23.513248992443096,0
1595991767.0501645,32.51547200727464,23.513248992443096,0
1595991767.0601723,34.31688649702073,23.513248992443096,0
1595991767.0701673,36.11598355817796,23.513248992443096,0
1595991767.0801592,37.91452271986009,23.513248992443096,0
1595991767.0901535,39.7134910349846,23.513248992443096,0
1595991767.100157,41.514133048534404,23.513248992443096,0
1595991767.1101677,43.31606252241136,23.513248992443096,0
1595991767.1201575,45.11421544599534,23.513248992443096,0
1595991767.1301641,46.915415359020244,23.513248992443096,0
1595991767.1401587,48.714426589488994,23.513248992443096,0
1595991767.1501532,50.513437819957744,23.513248992443096,0
1595991767.16017,52.31648309278489,23.513248992443096,0
1595991767.170156,54.113949370861064,23.513248992443096,0
1595991767.1801634,55.91527802991868,23.513248992443096,0
1595991767.1901562,57.713988852977764,23.513248992443096,0
1595991767.2001643,59.515446258068096,23.513248992443096,0
1595991767.2101595,61.31458623456956,23.513248992443096,0
1595991767.2201536,63.113511634349834,23.513248992443096,0
1595991767.23017,64.9164710764885,23.513248992443096,0
1595991767.2401643,66.71543939161302,23.513248992443096,0
1595991767.250161,68.51483686017991,23.513248992443096,0
1595991767.2601597,70.31462056684495,23.513248992443096,0
1595991767.2701561,72.11397512006761,23.513248992443096,0
1595991767.2801607,73.91478879499437,23.513248992443096,0
1595991767.2901719,75.7168040995598,23.513248992443096,0
1595991767.3001716,77.51675946760179,23.513248992443096,0
1595991767.3101733,79.31705815839769,23.513248992443096,0
1595991767.3201563,81.114009452343,23.513248992443096,0
1595991767.3301535,82.91349275159837,23.513248992443096,0
1595991767.340173,84.71701009321214,23.513248992443096,0
1595991767.3501532,86.51344640302659,23.513248992443096,0
1595991767.3601701,88.31649167585374,23.513248992443096,0
1595991767.3701625,90.11511666822435,23.513248992443096,0
1595991767.3801553,91.91382749128343,23.513248992443096,0
1595991767.3901632,93.71524198102952,23.513248992443096,0
1595991767.400161,95.51485402631761,23.513248992443096,0
1595991767.410155,97.31377942609788,23.513248992443096,0
1595991767.4201531,99.1134343867302,23.513248992443096,0
1595991767.4301567,100.91407640028001,23.513248992443096,0
1595991767.4401612,102.71489007520677,23.513248992443096,0
1595991767.4501588,104.51445920515062,23.513248992443096,0
1595991767.4601722,106.31686074781419,23.513248992443096,0
1595991767.4701624,108.11509950208665,23.513248992443096,0
1595991767.4801536,109.91350991773606,23.513248992443096,0
1595991767.4901686,111.7162118678093,23.513248992443096,0
1595991767.5001686,113.51621015119554,23.513248992443096,0
1595991767.5101542,115.31363351392747,23.513248992443096,0
1595991767.5201528,117.11337430524827,23.513248992443096,0
1595991767.5301678,118.91607625532151,23.513248992443096,0
1595991767.5401623,120.71508748579026,23.513248992443096,0
1595991767.550173,122.51701695966722,23.513248992443096,0
1595991767.560161,124.31486947584153,23.513248992443096,0
1595991767.5701685,126.11619813489915,23.513248992443096,0
1595991767.5801523,127.91327817487718,23.513248992443096,0
1595991767.5901718,129.71679551649095,23.513248992443096,0
1595991767.6001518,131.51318891096116,23.513248992443096,0
1595991767.6101727,133.31696374464036,23.513248992443096,0
1595991767.6201541,135.113614631176,23.513248992443096,0
1595991767.6301634,136.91528661298753,23.513248992443096,0
1595991767.6401634,138.71528489637376,23.513248992443096,0
1595991767.6501555,140.51386697340013,23.513248992443096,0
1595991767.6601682,142.316139770031,23.513248992443096,0
1595991767.67017,144.11648137617112,23.513248992443096,0
1595991767.6801517,145.913175178051,23.513248992443096,0
1595991767.6901648,147.71553380537034,23.513248992443096,0
1595991767.696186,148.79936082410813,23.513248992443096,0
1595991767.696186,212.15955257687568,86.87344074521064,0
1595991767.7001534,212.87366390500068,86.87344074521064,0
1595991767.7101662,214.67597961697578,86.87344074521064,0
1595991767.720167,216.47610664639473,86.87344074521064,0
1595991767.7301693,218.27653408322334,86.87344074521064,0
1595991767.7401521,220.0734424618244,86.87344074521064,0
1595991767.7501626,221.87532902035713,86.87344074521064,0
1595991767.7601533,223.67365360531807,86.87344074521064,0
1595991767.7701707,225.4767847088337,86.87344074521064,0
1595991767.7801614,227.27510929379463,86.87344074521064,0
1595991767.7901638,229.07553673062324,86.87344074521064,0
1595991767.8001566,230.87424755368232,86.87344074521064,0
1595991767.8101685,232.67639160428047,86.87344074521064,0
1595991767.8201706,234.47677612576484,86.87344074521064,0
1595991767.830158,236.27449989590644,86.87344074521064,0
1595991767.8401651,238.07578563961982,86.87344074521064,0
1595991767.8501725,239.87711429867744,86.87344074521064,0
1595991767.8601513,241.67329311642646,86.87344074521064,0
1595991767.8701704,243.47672462735176,86.87344074521064,0
1595991767.8801723,245.2770662334919,86.87344074521064,0
1595991767.8901591,247.07470417294502,86.87344074521064,0
1595991767.9001563,248.8741874722004,86.87344074521064,0
1595991767.9101634,250.67547321591377,86.87344074521064,0
1595991767.9201634,252.4754714993,86.87344074521064,0
1595991767.9301555,254.27405357632637,86.87344074521064,0
1595991767.9401724,256.0770988491535,86.87344074521064,0
1595991767.9501727,257.877140047884,86.87344074521064,0
1595991767.9601552,259.6740055111408,86.87344074521064,0
1595991767.9701645,261.47567749295234,86.87344074521064,0
1595991767.9801667,263.2760620144367,86.87344074521064,0
1595991767.9901705,265.07674694333076,86.87344074521064,0
1595991768.00017,266.8766593960285,86.87344074521064,0
1595991768.0101516,268.6733531979084,86.87344074521064,0
1595991768.0201583,270.4745531109333,86.87344074521064,0
1595991768.030166,272.27592468533516,86.87344074521064,0
1595991768.0401585,274.07459259305,86.87344074521064,0
1595991768.050157,275.8743333843708,86.87344074521064,0
1595991768.0601518,277.6733875301838,86.87344074521064,0
1595991768.0701714,279.47690487179756,86.87344074521064,0
1595991768.0801551,281.2739849117756,86.87344074521064,0
1595991768.0901625,283.0753135708332,86.87344074521064,0
1595991768.1001658,284.87591266903877,86.87344074521064,0
1595991768.1101527,286.6735506084919,86.87344074521064,0
1595991768.1187992,288.2299184826374,86.87344074521064,0
1595991768.1187992,309.76094293784615,108.40446520041942,0
1595991768.1201556,310.00508833121773,108.40446520041942,0
1595991768.130169,311.8074898738813,108.40446520041942,0
1595991768.1401577,313.60547113608834,108.40446520041942,0
1595991768.150171,315.4078726787519,108.40446520041942,0
1595991768.1601653,317.2068409938764,108.40446520041942,0
1595991768.1701708,319.00782633018014,108.40446520041942,0
1595991768.1801708,320.80782461356637,108.40446520041942,0
1595991768.1901643,322.60666418265816,108.40446520041942,0
1595991768.200161,324.40606165122506,108.40446520041942,0
1595991768.2101598,326.2058453578901,108.40446520041942,0
1595991768.2201648,328.00674486350533,108.40446520041942,0
1595991768.2301571,329.80536985587594,108.40446520041942,0
1595991768.2401679,331.6072993297529,108.40446520041942,0
1595991768.2501552,333.4050230998945,108.40446520041942,0
1595991768.2601724,335.2081112880659,108.40446520041942,0
1595991768.2701538,337.0047621746015,108.40446520041942,0
1595991768.2801652,338.8068203945112,108.40446520041942,0
1595991768.2901638,340.606561185832,108.40446520041942,0
1595991768.3001547,342.40492868613717,108.40446520041942,0
1595991768.310169,344.2075018901777,108.40446520041942,0
1595991768.3201723,346.00810098838326,108.40446520041942,0
1595991768.3301568,347.805309774394,108.40446520041942,0
1595991768.3401701,349.6077113170576,108.40446520041942,0
1595991768.3501654,351.40685129355904,108.40446520041942,0
1595991768.3601623,353.2062916774702,108.40446520041942,0
1595991768.3701532,355.00465917777535,108.40446520041942,0
1595991768.3801658,356.8069319744062,108.40446520041942,0
1595991768.3901513,358.6043124217939,108.40446520041942,0
1595991768.3979146,360,108.40446520041942,1
1595991768.4001606,360.40598440360543,108.40446520041942,0
1595991768.4101703,362.20774221610543,108.40446520041942,0
1595991768.4201593,364.0057663936567,108.40446520041942,0
1595991768.430151,365.8042626399946,108.40446520041942,0
1595991768.440155,367.60499048423287,108.40446520041942,0
1595991768.4501617,369.4061903972578,108.40446520041942,0
1595991768.4601696,371.20760488700387,108.40446520041942,0
1595991768.4701612,373.00610113334176,108.40446520041942,0
1595991768.4801662,374.807000638957,108.40446520041942,0
1595991768.4901507,376.60420942496773,108.40446520041942,0
1595991768.5001721,378.4080700893354,108.40446520041942,0
1595991768.5101523,380.20450639914986,108.40446520041942,0
1595991768.5201533,382.00467634391305,108.40446520041942,0
1595991768.5301585,383.8056187648725,108.40446520041942,0
1595991768.540168,385.6073336620283,108.40446520041942,0
1595991768.5501685,387.407417776103,108.40446520041942,0
1595991768.5601563,389.20522737693307,108.40446520041942,0
1595991768.570159,391.0056977291059,108.40446520041942,0
1595991768.5801642,392.8066401500654,108.40446520041942,0
1595991768.5901544,394.60487890433785,108.40446520041942,0
1595991768.600163,396.40642214011666,108.40446520041942,0
1595991768.6101542,398.2048325557661,108.40446520041942,0
1595991768.6201687,400.00744867515084,108.40446520041942,0
1595991768.6301615,401.8061594982099,108.40446520041942,0
1595991768.640158,403.6055140514326,108.40446520041942,0
1595991768.6501691,405.407529355998,108.40446520041942,0
1595991768.6601553,407.2050385494184,108.40446520041942,0
1595991768.6701646,409.00671053122994,108.40446520041942,0
1595991768.680151,410.8042626399946,108.40446520041942,0
1595991768.6901624,412.60632085990426,108.40446520041942,0
1595991768.700154,414.40481710624215,108.40446520041942,0
1595991768.7101703,416.2077336330366,108.40446520041942,0
1595991768.720151,418.0042557735395,108.40446520041942,0
1595991768.7301612,419.806099416728,108.40446520041942,0
1595991768.7401533,421.60468149375436,108.40446520041942,0
1595991768.7501552,423.4050230998945,108.40446520041942,0
1595991768.7601695,425.207596303935,108.40446520041942,0
1595991768.7701554,427.0050625820112,108.40446520041942,0
1595991768.7801557,428.80510378074166,108.40446520041942,0
1595991768.7901711,430.6078915615034,108.40446520041942,0
1595991768.8001726,432.40814733695504,108.40446520041942,0
1595991768.8101552,434.2050128002119,108.40446520041942,0
1595991768.8201568,436.0053114910078,108.40446520041942,0
1595991768.830167,437.80715513419625,108.40446520041942,0
1595991768.840163,439.60642385673043,108.40446520041942,0
1595991768.8501682,441.4073662776899,108.40446520041942,0
1595991768.8601563,443.2052187938642,108.40446520041942,0
1595991768.8701603,445.0059466381025,108.40446520041942,0
1595991768.8801668,446.80710363578316,108.40446520041942,0
1595991768.8901694,448.607573987956,108.40446520041942,0
1595991768.9001505,450.4041819591474,108.40446520041942,0
1595991768.9101555,452.20508146476266,108.40446520041942,0
1595991768.920151,454.00426435660836,108.40446520041942,0
1595991768.9301636,455.8065371532392,108.40446520041942,0
1595991768.940165,457.6067929286909,108.40446520041942,0
1595991768.9501607,459.4060187358808,108.40446520041942,0
1595991768.9601707,461.20781946372506,108.40446520041942,0
1595991768.9701626,463.0063586254072,108.40446520041942,0
1595991768.980152,464.8044257183027,108.40446520041942,0
1595991768.9901574,466.6054110546064,108.40446520041942,0
1595991769.000166,468.4069542903852,108.40446520041942,0
1595991769.000166,0,108.40446520041942,0
1595991769.0101774,110.20652342032909,108.40446520041942,0
1595991769.0201948,112.00965452384472,108.40446520041942,0
1595991769.0301774,113.80651998710155,108.40446520041942,0
1595991769.0401754,115.60617494773388,108.40446520041942,0
1595991769.0501788,117.40677404593944,108.40446520041942,0
1595991769.060171,119.20535612296581,108.40446520041942,0
1595991769.070167,121.00466776084423,108.40446520041942,0
1595991769.080167,122.80466604423046,108.40446520041942,0
1595991769.0901709,124.6053509731245,108.40446520041942,0
1595991769.1001797,126.40693712424755,108.40446520041942,0
1595991769.110177,128.20646333884716,108.40446520041942,0
1595991769.1201663,130.00453043174267,108.40446520041942,0
1595991769.1301756,131.8062024135542,108.40446520041942,0
1595991769.140179,133.60680151175976,108.40446520041942,0
1595991769.1501956,135.40980386924267,108.40446520041942,0
1595991769.1601777,137.20658350181102,108.40446520041942,0
1595991769.1701667,139.0046076793623,108.40446520041942,0
1595991769.1801925,140.80924081992626,108.40446520041942,0
1595991769.1901765,142.60636377524852,108.40446520041942,0
1595991769.200177,144.40644788932323,108.40446520041942,0
1595991769.21018,146.20700407218456,108.40446520041942,0
1595991769.220169,148.00502824973583,108.40446520041942,0
1595991769.2301939,149.80948972892284,108.40446520041942,0
1595991769.2401834,151.6075997371626,108.40446520041942,0
1595991769.2501795,153.406911375041,108.40446520041942,0
1595991769.2601774,155.2065234203291,108.40446520041942,0
1595991769.2701735,157.0058350582075,108.40446520041942,0
1595991769.28018,158.80699205588817,108.40446520041942,0
1595991769.290183,160.6075482387495,108.40446520041942,0
1595991769.3001945,162.40960645865917,108.40446520041942,0
1595991769.3101711,164.20539903831005,108.40446520041942,0
1595991769.3201718,166.005526067729,108.40446520041942,0
1595991769.3301773,167.8065114040327,108.40446520041942,0
1595991769.3401926,169.60925626945019,108.40446520041942,0
1595991769.3501675,171.4047484416914,108.40446520041942,0
1595991769.3601758,173.20624876212597,108.40446520041942,0
1595991769.3701775,175.00654745292186,108.40446520041942,0
1595991769.3801794,176.806889059062,108.40446520041942,0
1595991769.390193,178.6093335170698,108.40446520041942,0
1595991769.400177,180.40645647239208,108.40446520041942,0
1595991769.41017,182.2052102107954,108.40446520041942,0
1595991769.4201956,184.00980043601513,108.40446520041942,0
1595991769.4301724,185.80563593101024,108.40446520041942,0
1595991769.4401746,187.60602045249462,108.40446520041942,0
1595991769.4501817,189.407306196208,108.40446520041942,0
1595991769.4601912,191.20902109336376,108.40446520041942,0
1595991769.4701703,193.00524282645702,108.40446520041942,0
1595991769.480169,194.80502653312206,108.40446520041942,0
1595991769.4901798,196.606956006999,108.40446520041942,0
1595991769.500169,198.40502309989452,108.40446520041942,0
1595991769.5101705,200.20527887534618,108.40446520041942,0
1595991769.5201945,202.00961160850048,108.40446520041942,0
1595991769.5301707,203.80531835746288,108.40446520041942,0
1595991769.5401711,205.6054024715376,108.40446520041942,0
1595991769.5501826,207.40746069144726,108.40446520041942,0
1595991769.5601802,209.2070298213911,108.40446520041942,0
1595991769.5701714,211.00544023704052,108.40446520041942,0
1595991769.5801764,212.80633974265575,108.40446520041942,0
1595991769.590167,214.6046643276167,108.40446520041942,0
1595991769.600169,216.40500593375683,108.40446520041942,0
1595991769.606485,217.54187631797313,108.40446520041942,0
1595991769.606485,260.2793134225812,151.1419023050275,0
1595991769.6101685,260.94235549106264,151.1419023050275,0
1595991769.6201785,262.7441562189069,151.1419023050275,0
1595991769.6301947,264.5470727457013,151.1419023050275,0
1595991769.6401777,266.3440240396466,151.1419023050275,0
1595991769.6501772,268.1439364923444,151.1419023050275,0
1595991769.6601672,269.9421323312726,151.1419023050275,0
1595991769.670179,271.7442334665265,151.1419023050275,0
1595991769.6801946,273.54706416263247,151.1419023050275,0
1595991769.6901689,275.34242758884096,151.1419023050275,0
1595991769.7001786,277.14418540134096,151.1419023050275,0
1595991769.7101796,278.94435534610415,151.1419023050275,0
1595991769.7201738,280.74332366122866,151.1419023050275,0
1595991769.7301724,282.54306445254946,151.1419023050275,0
1595991769.740175,284.3435348047223,151.1419023050275,0
1595991769.7501884,286.1459363473859,151.1419023050275,0
1595991769.76018,287.9444325937238,151.1419023050275,0
1595991769.7701728,289.74314341678286,151.1419023050275,0
1595991769.7801752,291.54357085361147,151.1419023050275,0
1595991769.7901723,293.34305415286684,151.1419023050275,0
1595991769.8001723,295.1430524362531,151.1419023050275,0
1595991769.8101883,296.94592604770327,151.1419023050275,0
1595991769.820168,298.74227652682924,151.1419023050275,0
1595991769.8301752,300.5435622705426,151.1419023050275,0
1595991769.8401694,302.34253058566713,151.1419023050275,0
1595991769.8501682,304.1423142923322,151.1419023050275,0
1595991769.8601754,305.94360003604555,151.1419023050275,0
1595991769.87019,307.7462161554303,151.1419023050275,0
1595991769.8801746,309.5434678567853,151.1419023050275,0
1595991769.8901904,311.34629855289126,151.1419023050275,0
1595991769.9001794,313.1443227304425,151.1419023050275,0
1595991769.9101732,314.94320521487856,151.1419023050275,0
1595991769.9201934,316.74685130252504,151.1419023050275,0
1595991769.9301941,318.546978331944,151.1419023050275,0
1595991769.9401655,320.3418267740216,151.1419023050275,0
1595991769.9501789,322.1442283166852,151.1419023050275,0
1595991769.9601738,323.9433253778424,151.1419023050275,0
1595991769.970169,325.7424653543439,151.1419023050275,0
1595991769.9801886,327.54598269595766,151.1419023050275,0
1595991769.9901655,329.3418181909528,151.1419023050275,0
1595991770.0001767,331.1438334955182,151.1419023050275,0
1595991770.0101666,332.94202933444643,151.1419023050275,0
1595991770.0201945,334.74704871310854,151.1419023050275,0
1595991770.0301726,336.54309878482485,151.1419023050275,0
1595991770.040177,338.3439124597516,151.1419023050275,0
1595991770.0501733,340.14322409763,151.1419023050275,0
1595991770.0601695,341.94253573550844,151.1419023050275,0
1595991770.070174,343.7433494104352,151.1419023050275,0
1595991770.0801709,345.54278979434633,151.1419023050275,0
1595991770.0901904,347.3463071359601,151.1419023050275,0
1595991770.1001656,349.14184222354555,151.1419023050275,0
1595991770.110191,350.9464324487653,151.1419023050275,0
1595991770.120174,352.74334082736635,151.1419023050275,0
1595991770.1301727,354.5431245340314,151.1419023050275,0
1595991770.140166,356.34192118777895,151.1419023050275,0
1595991770.1501648,358.141704894444,151.1419023050275,0
1595991770.1601725,359.94307646884585,151.1419023050275,0
1595991770.1605048,360,151.1419023050275,1
1595991770.1701872,361.74573550357485,151.1419023050275,0
1595991770.1801648,363.5416997446027,151.1419023050275,0
1595991770.1901896,365.3461612237897,151.1419023050275,0
1595991770.2001772,367.14392790927553,151.1419023050275,0
1595991770.210178,368.9440549386945,151.1419023050275,0
1595991770.2201736,370.7432807458844,151.1419023050275,0
1595991770.2301686,372.54237780704165,151.1419023050275,0
1595991770.2401748,374.3434918893781,151.1419023050275,0
1595991770.2501724,376.1430610193219,151.1419023050275,0
1595991770.2601693,377.94250140323305,151.1419023050275,0
1595991770.2701921,379.74661955966616,151.1419023050275,0
1595991770.2801704,381.5427125467267,151.1419023050275,0
1595991770.2901762,383.34374079837465,151.1419023050275,0
1595991770.30019,385.1462281717267,151.1419023050275,0
1595991770.3101904,386.9463122858014,151.1419023050275,0
1595991770.3201926,388.7466968072858,151.1419023050275,0
1595991770.330165,390.5417169107404,151.1419023050275,0
1595991770.3401718,392.3429597391095,151.1419023050275,0
1595991770.3501873,394.14574751987124,151.1419023050275,0
1595991770.3601677,395.9422267450299,151.1419023050275,0
1595991770.370177,397.74389872684145,151.1419023050275,0
1595991770.3801672,399.5421374811139,151.1419023050275,0
1595991770.3901696,401.3425649179425,151.1419023050275,0
1595991770.400189,403.14603934421206,151.1419023050275,0
1595991770.4101918,404.94655261172915,151.1419023050275,0
1595991770.4201763,406.7437613977399,151.1419023050275,0
1595991770.430177,408.54388842715883,151.1419023050275,0
1595991770.4401922,410.3466332925763,151.1419023050275,0
1595991770.4501886,412.14598784579897,151.1419023050275,0
1595991770.4528582,412.626510955235,151.1419023050275,0
1595991770.4528582,504.8385576686645,243.353949018457,0
1595991770.4601672,506.15417046163327,243.353949018457,0
1595991770.4701698,507.9546408138061,243.353949018457,0
1595991770.4801738,509.7553686580444,243.353949018457,0
1595991770.490177,511.55592484090573,243.353949018457,0
1595991770.5001664,513.3540348491455,243.353949018457,0
1595991770.5101702,515.1547197780395,243.353949018457,0
1595991770.5201917,516.9585804424072,243.353949018457,0
1595991770.5301907,518.7584070644165,243.353949018457,0
1595991770.5401666,520.5540708980346,243.353949018457,0
1595991770.550173,522.3552278957153,243.353949018457,0
1595991770.560176,524.1557411632324,243.353949018457,0
1595991770.5701754,525.9556536159301,243.353949018457,0
1595991770.5801723,527.7550939998413,243.353949018457,0
1595991770.5901692,529.5545343837524,243.353949018457,0
1595991770.6001902,531.3583092174316,243.353949018457,0
1595991770.6101737,533.1553463420654,243.353949018457,0
1595991770.6201675,534.9542288265014,243.353949018457,0
1595991770.6301877,536.7578749141479,243.353949018457,0
1595991770.6401722,538.5550837001587,243.353949018457,0
1595991770.6501927,540.3587727031494,243.353949018457,0
1595991770.6601896,542.1582130870605,243.353949018457,0
1595991770.6701686,543.9544348201538,243.353949018457,0
1595991770.6801922,545.7586817226196,243.353949018457,0
1595991770.690172,547.5550322017456,243.353949018457,0
1595991770.7001889,549.3580774745727,243.353949018457,0
1595991770.7101877,551.1578611812378,243.353949018457,0
1595991770.7201731,552.9552416286255,243.353949018457,0
1595991770.7301924,554.758716054895,243.353949018457,0
1595991770.7401705,556.5547661266113,243.353949018457,0
1595991770.7501893,558.3581547221924,243.353949018457,0
1595991770.7601666,560.154076047876,243.353949018457,0
1595991770.770176,561.9557480296875,243.353949018457,0
1595991770.7801657,563.7539009532715,243.353949018457,0
1595991770.7901642,565.5536417445923,243.353949018457,0
1595991770.8001926,567.3587469539428,243.353949018457,0
1595991770.8101661,569.1539816341186,243.353949018457,0
1595991770.8201728,570.9551815471435,243.353949018457,0
1595991770.830192,572.758655973413,243.353949018457,0
1595991770.8401918,574.558611341455,243.353949018457,0
1595991770.8501883,576.3579658946777,243.353949018457,0
1595991770.8601832,578.1570629558349,243.353949018457,0
1595991770.8701642,579.9536280116821,243.353949018457,0
1595991770.8801699,581.75465626333,243.353949018457,0
1595991770.8901846,583.557315298059,243.353949018457,0
1595991770.9001641,585.3536228618408,243.353949018457,0
1595991770.9101858,587.1575264415527,243.353949018457,0
1595991770.9201915,588.9585546932007,243.353949018457,0
1595991770.9301665,590.7540468654419,243.353949018457,0
1595991770.9401667,592.5540880641723,243.353949018457,0
1595991770.9501755,594.3556742152954,243.353949018457,0
1595991770.9601648,596.1537413081909,243.353949018457,0
1595991770.9701731,597.9552416286255,243.353949018457,0
1595991770.9801743,599.7554544887329,243.353949018457,0
1595991770.9901903,601.5583281001831,243.353949018457,0
1595991771.0001824,603.3569101772094,243.353949018457,0
1595991771.0001824,0,243.353949018457,0
1595991771.0101972,245.156608053186,243.353949018457,0
1595991771.0201876,246.9548897228027,243.353949018457,0
1595991771.0301976,248.75669045064694,243.353949018457,0
1595991771.040204,250.5578474483276,243.353949018457,0
1595991771.0502002,252.35715908620602,243.353949018457,0
1595991771.060194,254.15604157064206,243.353949018457,0
1595991771.0701947,255.956168600061,243.353949018457,0
1595991771.0801826,257.7539782008911,243.353949018457,0
1595991771.0902052,259.55805344197995,243.353949018457,0
1595991771.1001937,261.35599178884274,243.353949018457,0
1595991771.1101904,263.15538925740964,243.353949018457,0
1595991771.1201942,264.9560741863037,243.353949018457,0
1595991771.1301937,266.75598663900143,243.353949018457,0
1595991771.1401823,268.5539249858642,243.353949018457,0
1595991771.1501892,270.35516781423337,243.353949018457,0
1595991771.1601923,272.1557239970947,243.353949018457,0
1595991771.170193,273.95585102651364,243.353949018457,0
1595991771.1801965,275.75649304006345,243.353949018457,0
1595991771.1901941,277.5560621700073,243.353949018457,0
1595991771.2002022,279.3575195750976,243.353949018457,0
1595991771.210196,281.15640205953366,243.353949018457,0
1595991771.2202036,282.9577736339355,243.353949018457,0
1595991771.2301824,284.75395245168454,243.353949018457,0
1595991771.240203,286.55764145467526,243.353949018457,0
1595991771.2501957,288.35635227773435,243.353949018457,0
1595991771.2602048,290.15798134420163,243.353949018457,0
1595991771.2701828,291.95403141591794,243.353949018457,0
1595991771.2801995,293.75703377340085,243.353949018457,0
1595991771.290208,295.55857700917966,243.353949018457,0
1595991771.3002012,297.357330747583,243.353949018457,0
1595991771.3101904,299.1553978404785,243.353949018457,0
1595991771.3201993,300.95698399160153,243.353949018457,0
1595991771.330201,302.75728268239743,243.353949018457,0
1595991771.3401833,304.55410523031003,243.353949018457,0
1595991771.3501823,306.3539318523193,243.353949018457,0
1595991771.3601944,308.1561188182617,243.353949018457,0
1595991771.3701982,309.95680374715573,243.353949018457,0
1595991771.380195,311.7562012157226,243.353949018457,0
1595991771.390211,313.55911774251706,243.353949018457,0
1595991771.4001884,315.35503906820065,243.353949018457,0
1595991771.4101965,317.156496473291,243.353949018457,0
1595991771.4201863,318.95464939687497,243.353949018457,0
1595991771.4302018,320.7574371776367,243.353949018457,0
1595991771.4402096,322.5588516673828,243.353949018457,0
1595991771.450184,324.3542580089355,243.353949018457,0
1595991771.4601915,326.15558666799313,243.353949018457,0
1595991771.4701958,327.95635742757565,243.353949018457,0
1595991771.4801838,329.75420994374997,243.353949018457,0
1595991771.4902043,331.5578989467407,243.353949018457,0
1595991771.5002003,333.3571676692749,243.353949018457,0
1595991771.5101836,335.1541618785644,243.353949018457,0
1595991771.5201957,336.9563488445068,243.353949018457,0
1595991771.5301914,338.75557465169675,243.353949018457,0
1595991771.5401895,340.5552296123291,243.353949018457,0
1595991771.5501988,342.3569015941406,243.353949018457,0
1595991771.5601954,344.1562990627075,243.353949018457,0
1595991771.5701923,345.9557394466186,243.353949018457,0
1595991771.580184,347.7542356929565,243.353949018457,0
1595991771.5901954,349.5562939128662,243.353949018457,0
1595991771.6001904,351.3553909740234,243.353949018457,0
1595991771.610193,353.15586132619626,243.353949018457,0
1595991771.6202042,354.9578766307617,243.353949018457,0
1595991771.6301975,356.75667328450925,243.353949018457,0
1595991771.640196,358.55641407583005,243.353949018457,0
1595991771.6482322,360,243.353949018457,1
1595991771.6501884,360.35503906820065,243.353949018457,0
1595991771.6601968,362.1565393886352,243.353949018457,0
1595991771.670183,363.95404858205563,243.353949018457,0
1595991771.6801836,365.7541756114746,243.353949018457,0
1595991771.6901882,367.55498928640134,243.353949018457,0
1595991771.7002044,369.35790581319577,243.353949018457,0
1595991771.710186,371.15459961507565,243.353949018457,0
1595991771.7201865,372.95468372915036,243.353949018457,0
1595991771.7301984,374.7568277797485,243.353949018457,0
1595991771.740202,376.5574697932983,243.353949018457,0
1595991771.750195,378.35622353170163,243.353949018457,0
1595991771.7601826,380.15399021718747,243.353949018457,0
1595991771.7701933,381.9559196910644,243.353949018457,0
1595991771.7801876,383.75488800618893,243.353949018457,0
1595991771.7902017,385.5574182948852,243.353949018457,0
1595991771.8002014,387.3573736629272,243.353949018457,0
1595991771.8101878,389.15492577169186,243.353949018457,0
1595991771.8201933,390.9559111079956,243.353949018457,0
1595991771.8301976,392.7566818675781,243.353949018457,0
1595991771.8402002,394.55715221975095,243.353949018457,0
1595991771.8501859,396.3545755824829,243.353949018457,0
1595991771.8601916,398.15560383413083,243.353949018457,0
1595991771.8701878,399.95491547200925,243.353949018457,0
1595991771.8801956,401.75632996175534,243.353949018457,0
1595991771.890201,403.55731529805905,243.353949018457,0
1595991771.900188,405.3549532375122,243.353949018457,0
1595991771.910185,407.15443653676755,243.353949018457,0
1595991771.920204,408.9578251323486,243.353949018457,0
1595991771.9302034,410.75773758504636,243.353949018457,0
1595991771.9401846,412.55434555623776,243.353949018457,0
1595991771.950196,414.35640377614743,243.353949018457,0
1595991771.9602046,416.15794701192624,243.353949018457,0
1595991771.9701993,417.9570011577392,243.353949018457,0
1595991771.980188,419.754939504602,243.353949018457,0
1595991771.9901993,421.5569977245117,243.353949018457,0
1595991772.0001929,423.3558372936035,243.353949018457,0
1595991772.0101929,425.1558355769897,243.353949018457,0
1595991772.0202045,426.9579367122436,243.353949018457,0
1595991772.0302014,428.75737709615476,243.353949018457,0
1595991772.0401928,430.5558304271484,243.353949018457,0
1595991772.0501893,432.35518498037106,243.353949018457,0
1595991772.060197,434.15659947011716,243.353949018457,0
1595991772.0701876,435.95488113973386,243.353949018457,0
1595991772.0801857,437.7545361003662,243.353949018457,0
1595991772.0902033,439.55771011922604,243.353949018457,0
1595991772.1001925,441.35577721212155,243.353949018457,0
1595991772.1102026,443.1575779399658,243.353949018457,0
1595991772.120196,444.9564175090576,243.353949018457,0
1595991772.1301982,446.75680203054196,243.353949018457,0
1595991772.140187,448.554783292749,243.353949018457,0
1595991772.1501827,450.35400909993893,243.353949018457,0
1595991772.1601944,452.15611023519284,243.353949018457,0
1595991772.1702,453.9571384868408,243.353949018457,0
1595991772.1802015,455.75739426229245,243.353949018457,0
1595991772.1901824,457.5539593181396,243.353949018457,0
1595991772.2001853,459.3544725856567,243.353949018457,0
1595991772.210192,461.1556724986816,243.353949018457,0
1595991772.2154777,462.1071056804443,243.353949018457,0
1595991772.2154777,539.474973976311,320.7218173143237,0
1595991772.220199,540.3248265382617,320.7218173143237,0
1595991772.230186,542.1224644777149,320.7218173143237,0
1595991772.2401903,543.9232352372974,320.7218173143237,0
1595991772.250196,545.7242634889453,320.7218173143237,0
1595991772.260195,547.5240901109546,320.7218173143237,0
1595991772.2702005,549.3250754472583,320.7218173143237,0
1595991772.2801821,551.1217692491382,320.7218173143237,0
1595991772.2901986,552.9247286912769,320.7218173143237,0
1595991772.3001971,554.7244694825977,320.7218173143237,0
1595991772.3102021,556.5253689882129,320.7218173143237,0
1595991772.3202026,558.3254531022876,320.7218173143237,0
1595991772.3301992,560.1248505708545,320.7218173143237,0
1595991772.3401937,561.9238618013233,320.7218173143237,0
1595991772.350194,563.7239030000537,320.7218173143237,0
1595991772.3601964,565.5243304368823,320.7218173143237,0
1595991772.3701882,567.3228695985645,320.7218173143237,0
1595991772.3801954,569.1241553422778,320.7218173143237,0
1595991772.3901827,570.9218791124194,320.7218173143237,0
1595991772.400182,572.721748649773,320.7218173143237,0
1595991772.410185,574.5223048326343,320.7218173143237,0
1595991772.420186,576.3224747773975,320.7218173143237,0
1595991772.4301858,578.1224301454395,320.7218173143237,0
1595991772.4401932,579.9237588044971,320.7218173143237,0
1595991772.4501824,581.7218258973926,320.7218173143237,0
1595991772.4601986,583.524742424187,320.7218173143237,0
1595991772.466796,584.7122529146045,320.7218173143237,0
1595991772.466796,265.2985770402231,1.3081414399423466,0
1595991772.47019,265.9095198807993,1.3081414399423466,0
1595991772.4801865,267.70887443402194,1.3081414399423466,0
1595991772.4901934,269.5101172623911,1.3081414399423466,0
1595991772.5001948,271.31037303784274,1.3081414399423466,0
1595991772.510194,273.11024257519625,1.3081414399423466,0
1595991772.520192,274.90985462048434,1.3081414399423466,0
1595991772.530188,276.70916625836276,1.3081414399423466,0
1595991772.5402017,278.51161071637057,1.3081414399423466,0
1595991772.5501845,280.30851909497164,1.3081414399423466,0
1595991772.560192,282.1098906693735,1.3081414399423466,0
1595991772.5701942,283.9102751908579,1.3081414399423466,0
1595991772.5802004,285.7113892731943,1.3081414399423466,0
1595991772.5901997,287.5112588105478,1.3081414399423466,0
1595991772.6001816,289.30799552777194,1.3081414399423466,0
1595991772.610195,291.1103970704355,1.3081414399423466,0
1595991772.6201882,292.90919372418307,1.3081414399423466,0
1595991772.6301987,294.7110802827158,1.3081414399423466,0
1595991772.640198,296.5109498200693,1.3081414399423466,0
1595991772.6501899,298.30948898175143,1.3081414399423466,0
1595991772.6601987,300.1110751328745,1.3081414399423466,0
1595991772.6701915,301.90978595593356,1.3081414399423466,0
1595991772.6801844,303.70849677899264,1.3081414399423466,0
1595991772.6901941,305.51025459149264,1.3081414399423466,0
1595991772.700191,307.3096949754038,1.3081414399423466,0
1595991772.7102,309.11132404187106,1.3081414399423466,0
1595991772.7201977,310.9108931718149,1.3081414399423466,0
1595991772.7301826,312.7081877885141,1.3081414399423466,0
1595991772.740188,314.5091302094736,1.3081414399423466,0
1595991772.7502017,316.31161758282565,1.3081414399423466,0
1595991772.7601988,318.111100882081,1.3081414399423466,0
1595991772.770199,319.9111420808115,1.3081414399423466,0
1595991772.7801905,321.70959541180514,1.3081414399423466,0
1595991772.7901814,323.5079629121103,1.3081414399423466,0
1595991772.8001938,325.31019279339694,1.3081414399423466,0
1595991772.8101993,327.11117812970065,1.3081414399423466,0
1595991772.8201966,328.91070434430026,1.3081414399423466,0
1595991772.8301992,330.7111746964731,1.3081414399423466,0
1595991772.8401814,332.50795432904147,1.3081414399423466,0
1595991772.8501937,334.3101842103281,1.3081414399423466,0
1595991772.8601944,336.11031123974703,1.3081414399423466,0
1595991772.87019,337.90949413159274,1.3081414399423466,0
1595991772.880188,339.70914909222506,1.3081414399423466,0
1595991772.8901992,341.5111643967905,1.3081414399423466,0
1595991772.9001832,343.30828735211276,1.3081414399423466,0
1595991772.9102,345.1113326249399,1.3081414399423466,0
1595991772.9201927,346.91000053265475,1.3081414399423466,0
1595991772.9301946,348.7103421387949,1.3081414399423466,0
1595991772.9401872,350.50901004650973,1.3081414399423466,0
1595991772.9502006,352.3114115891733,1.3081414399423466,0
1595991772.9601946,354.1103369889536,1.3081414399423466,0
1595991772.9701953,355.9104640183725,1.3081414399423466,0
1595991772.9801943,357.7102906403818,1.3081414399423466,0
1595991772.990196,359.5105893311777,1.3081414399423466,0
1595991773.000197,361.3107592759409,1.3081414399423466,0
1595991773.000197,0,1.3081414399423466,0
1595991773.010202,3.109040945557581,1.3081414399423466,0
1595991773.0202026,4.909167974976526,1.3081414399423466,0
1595991773.0302007,6.7088229356088505,1.3081414399423466,0
1595991773.0401995,8.50860664227389,1.3081414399423466,0
1595991773.0502014,10.308948248414026,1.3081414399423466,0
1595991773.0602055,12.109676092652307,1.3081414399423466,0
1595991773.0702095,13.910403936890589,1.3081414399423466,0
1595991773.080202,15.709071844605432,1.3081414399423466,0
1595991773.0902092,17.51035758831881,1.3081414399423466,0
1595991773.1002107,19.31061336377047,1.3081414399423466,0
1595991773.110198,21.108337133912073,1.3081414399423466,0
1595991773.1201994,22.908592909363733,1.3081414399423466,0
1595991773.1302006,24.708805769471155,1.3081414399423466,0
1595991773.1402013,26.5089327988901,1.3081414399423466,0
1595991773.150217,28.311763494996057,1.3081414399423466,0
1595991773.1602066,30.109873503235804,1.3081414399423466,0
1595991773.1702087,31.91025802472018,1.3081414399423466,0
1595991773.1802018,33.7090117631235,1.3081414399423466,0
1595991773.190205,35.509610861329065,1.3081414399423466,0
1595991773.200198,37.30832168438815,1.3081414399423466,0
1595991773.2102146,39.11132404187106,1.3081414399423466,0
1595991773.2202141,40.91123649456881,1.3081414399423466,0
1595991773.2302067,42.709904402283655,1.3081414399423466,0
1595991773.2402058,44.50973102429293,1.3081414399423466,0
1595991773.2502012,46.308913916138636,1.3081414399423466,0
1595991773.2602184,48.11200210431002,1.3081414399423466,0
1595991773.2702172,49.91178581097506,1.3081414399423466,0
1595991773.2802072,51.709981649903284,1.3081414399423466,0
1595991773.2902057,53.509722441224085,1.3081414399423466,0
1595991773.300209,55.31032153942965,1.3081414399423466,0
1595991773.3102105,57.11057731488131,1.3081414399423466,0
1595991773.3202121,58.91087600567721,1.3081414399423466,0
1595991773.3302062,60.70980140545748,1.3081414399423466,0
1595991773.3402147,62.51134464123629,1.3081414399423466,0
1595991773.3502083,64.31018421032809,1.3081414399423466,0
1595991773.3601983,66.10838004925631,1.3081414399423466,0
1595991773.3702037,67.90936538556002,1.3081414399423466,0
1595991773.380207,69.70996448376559,1.3081414399423466,0
1595991773.3901978,71.50828906872653,1.3081414399423466,0
1595991773.400202,73.30905982830905,1.3081414399423466,0
1595991773.410208,75.11013099530123,1.3081414399423466,0
1595991773.4202127,76.91098758557223,1.3081414399423466,0
1595991773.4301975,78.70823928692721,1.3081414399423466,0
1595991773.4402149,80.51137039044283,1.3081414399423466,0
1595991773.450212,82.3108536896982,1.3081414399423466,0
1595991773.460201,84.10887786724948,1.3081414399423466,0
1595991773.4702082,85.91016361096285,1.3081414399423466,0
1595991773.4801977,87.7082736192026,1.3081414399423466,0
1595991773.4902034,89.50930187085055,1.3081414399423466,0
1595991773.5002155,91.31148883679293,1.3081414399423466,0
1595991773.510199,93.10852596142672,1.3081414399423466,0
1595991773.520206,94.90976878979586,1.3081414399423466,0
1595991773.5301976,96.70826503613375,1.3081414399423466,0
1595991773.5402033,98.5092932877817,1.3081414399423466,0
1595991773.5502088,100.31027862408541,1.3081414399423466,0
1595991773.5602071,102.10997650006198,1.3081414399423466,0
1595991773.570212,103.91083309033297,1.3081414399423466,0
1595991773.5802088,105.7102734742441,1.3081414399423466,0
1595991773.5901988,107.50846931317233,1.3081414399423466,0
1595991773.600216,109.31155750134371,1.3081414399423466,0
1595991773.6102116,111.11078330853366,1.3081414399423466,0
1595991773.620199,112.90850707867526,1.3081414399423466,0
1595991773.6302114,114.71073695996188,1.3081414399423466,0
1595991773.6402,116.50867530682467,1.3081414399423466,0
1595991773.6502173,118.3118064103403,1.3081414399423466,0
1595991773.660202,120.10905811169528,1.3081414399423466,0
1595991773.6702101,121.91051551678561,1.3081414399423466,0
1595991773.6802013,123.70892593243502,1.3081414399423466,0
1595991773.6902122,125.51089832165621,1.3081414399423466,0
1595991773.691916,125.81757137158297,1.3081414399423466,0
1595991773.691916,196.07229996010807,71.56287002846746,0
1595991773.7002048,197.56429481789615,71.56287002846746,0
1595991773.7102056,199.3644218473151,71.56287002846746,0
1595991773.7202027,201.16390514657047,71.56287002846746,0
1595991773.73021,202.9652338056281,71.56287002846746,0
1595991773.740198,204.76304340645817,71.56287002846746,0
1595991773.7501986,206.5631704358771,71.56287002846746,0
1595991773.7602172,208.36651611611393,71.56287002846746,0
1595991773.7702105,210.1653127698615,71.56287002846746,0
1595991773.7802067,211.9646244077399,71.56287002846746,0
1595991773.7902138,213.76591015145328,71.56287002846746,0
1595991773.8002088,215.5650072126105,71.56287002846746,0
1595991773.8102133,217.36582088753727,71.56287002846746,0
1595991773.8202107,219.16534710213688,71.56287002846746,0
1595991773.8302102,220.96525955483463,71.56287002846746,0
1595991773.8402164,222.76637363717106,71.56287002846746,0
1595991773.850206,224.5644836454108,71.56287002846746,0
1595991773.860202,226.36379528328922,71.56287002846746,0
1595991773.870204,228.16413688942936,71.56287002846746,0
1595991773.8802087,229.96499347970035,71.56287002846746,0
1595991773.8902147,231.76606464669254,71.56287002846746,0
1595991773.9002023,233.56383133217838,71.56287002846746,0
1595991773.910211,235.36541748330143,71.56287002846746,0
1595991773.920214,237.16593075081852,71.56287002846746,0
1595991773.930205,238.96434116646793,71.56287002846746,0
1595991773.9402087,240.76498318001774,71.56287002846746,0
1595991773.9502041,242.56416607186344,71.56287002846746,0
1595991773.960208,244.36485100075748,71.56287002846746,0
1595991773.97021,246.16523552224186,71.56287002846746,0
1595991773.980201,247.96360302254703,71.56287002846746,0
1595991773.990217,249.76647663399723,71.56287002846746,0
1595991774.0002143,251.56600284859684,71.56287002846746,0
1595991774.0102115,253.3654861478522,71.56287002846746,0
1595991774.0202143,255.1659994153693,71.56287002846746,0
1595991774.0302105,256.9653110532477,71.56287002846746,0
1595991774.0402024,258.76385021492985,71.56287002846746,0
1595991774.0502071,260.56470680520084,71.56287002846746,0
1595991774.060213,262.36577797219303,71.56287002846746,0
1595991774.0701962,264.16272926613834,71.56287002846746,0
1595991774.0802107,265.9653453855231,71.56287002846746,0
1595991774.0902016,267.7637128858283,71.56287002846746,0
1595991774.1002054,269.5643978147223,71.56287002846746,0
1595991774.110204,271.3641386060431,71.56287002846746,0
1595991774.1202085,273.1649522809699,71.56287002846746,0
1595991774.1302102,274.9652509717658,71.56287002846746,0
1595991774.1402118,276.7655496625617,71.56287002846746,0
1595991774.1502037,278.5640888242438,71.56287002846746,0
1595991774.1602092,280.3650741605475,71.56287002846746,0
1595991774.1702154,282.16618824288395,71.56287002846746,0
1595991774.1802013,283.9636545209601,71.56287002846746,0
1595991774.1902094,285.76511192605045,71.56287002846746,0
1595991774.2001991,287.56326484963444,71.56287002846746,0
1595991774.2102087,289.3649797467902,71.56287002846746,0
1595991774.220203,291.1639480619147,71.56287002846746,0
1595991774.2301977,292.9630022077277,71.56287002846746,0
1595991774.2370307,294.19295597359684,71.56287002846746,0
1595991774.2370307,313.9350691815178,91.30498323638841,0
1595991774.2401984,314.5052424450676,91.30498323638841,0
1595991774.2501957,316.3047686596672,91.30498323638841,0
1595991774.2601957,318.10476694305345,91.30498323638841,0
1595991774.2702,319.90553770263597,91.30498323638841,0
1595991774.2801974,321.7050639172356,91.30498323638841,0
1595991774.2902074,323.5068646450798,91.30498323638841,0
1595991774.300203,325.30609045226976,91.30498323638841,0
1595991774.3102052,327.10647497375413,91.30498323638841,0
1595991774.320215,328.90823278625413,91.30498323638841,0
1595991774.330213,330.70788774688646,91.30498323638841,0
1595991774.3402042,332.50629816253587,91.30498323638841,0
1595991774.3502166,334.3085280438225,91.30498323638841,0
1595991774.360209,336.1071530361931,91.30498323638841,0
1595991774.3702097,337.90728006561204,91.30498323638841,0
1595991774.380203,339.7060767193596,91.30498323638841,0
1595991774.390208,341.50697622497484,91.30498323638841,0
1595991774.4002128,343.30783281524583,91.30498323638841,0
1595991774.4102066,345.10671529968187,91.30498323638841,0
1595991774.4202065,346.9067135830681,91.30498323638841,0
1595991774.4302015,348.7058106442253,91.30498323638841,0
1595991774.4402153,350.5082980175774,91.30498323638841,0
1595991774.4502084,352.3070517559807,91.30498323638841,0
1595991774.4602017,354.10584840972825,91.30498323638841,0
1595991774.4702168,355.9085503598015,91.30498323638841,0
1595991774.4802077,357.70691786010667,91.30498323638841,0
1595991774.4902127,359.5078173657219,91.30498323638841,0
1595991774.4929554,360,91.30498323638841,1
1595991774.5002017,361.3058415432732,91.30498323638841,0
1595991774.5101988,363.10532484252855,91.30498323638841,0
1595991774.5202074,364.90686807830735,91.30498323638841,0
1595991774.5301976,366.7051068325798,91.30498323638841,0
1595991774.540216,368.5084095974724,91.30498323638841,0
1595991774.5501976,370.3051033993523,91.30498323638841,0
1595991774.5602043,372.1063033123772,91.30498323638841,0
1595991774.570217,373.90857610900804,91.30498323638841,0
1595991774.5802066,375.706729032592,91.30498323638841,0
1595991774.5902085,377.50707063873216,91.30498323638841,0
1595991774.6002042,379.3062964459221,91.30498323638841,0
1595991774.6102035,381.1061659832756,91.30498323638841,0
1595991774.620208,382.9069796582024,91.30498323638841,0
1595991774.630198,384.7051754971306,91.30498323638841,0
1595991774.6401956,386.50474462707444,91.30498323638841,0
1595991774.650215,388.308219053344,91.30498323638841,0
1595991774.6602163,390.10847482879564,91.30498323638841,0
1595991774.6702013,391.90576944549485,91.30498323638841,0
1595991774.6802084,393.70705518920823,91.30498323638841,0
1595991774.690206,395.5066243191521,91.30498323638841,0
1595991774.7002037,397.30619344909593,91.30498323638841,0
1595991774.7102048,399.10640630920335,91.30498323638841,0
1595991774.720213,400.9078637142937,91.30498323638841,0
1595991774.7302146,402.7081624050896,91.30498323638841,0
1595991774.7402022,404.5059290905754,91.30498323638841,0
1595991774.7502067,406.3067427655022,91.30498323638841,0
1595991774.7602122,408.1077281018059,91.30498323638841,0
1595991774.7701955,409.90472231109544,91.30498323638841,0
1595991774.7802029,411.70605097015306,91.30498323638841,0
1595991774.7902036,413.506177999572,91.30498323638841,0
1595991774.8002067,415.30673418243333,91.30498323638841,0
1595991774.8102167,417.10853491027757,91.30498323638841,0
1595991774.8202085,418.9070740719597,91.30498323638841,0
1595991774.8301976,420.70509824951097,91.30498323638841,0
1595991774.8402126,422.5078001995842,91.30498323638841,0
1595991774.8502169,424.30857095916673,91.30498323638841,0
1595991774.8602045,426.10633764465257,91.30498323638841,0
1595991774.8702161,427.9084387799065,91.30498323638841,0
1595991774.880211,429.7075358410637,91.30498323638841,0
1595991774.8902104,431.5074053784172,91.30498323638841,0
1595991774.9002125,433.3077898999016,91.30498323638841,0
1595991774.9102068,435.1067582150261,91.30498323638841,0
1595991774.9202123,436.9077435513298,91.30498323638841,0
1595991774.9302104,438.70739851196214,91.30498323638841,0
1595991774.9402113,440.5075684567253,91.30498323638841,0
1595991774.9502065,442.3067084332268,91.30498323638841,0
1595991774.9602082,444.1070071240227,91.30498323638841,0
1595991774.970204,445.90627584655687,91.30498323638841,0
1595991774.9802024,447.70597372253343,91.30498323638841,0
1595991774.990209,449.50717363555833,91.30498323638841,0
1595991775.0001955,451.304725744323,91.30498323638841,0
1595991775.0002203,451.30918894012376,91.30498323638841,0
1595991775.0002203,0,91.30498323638841,0
1595991775.0102253,93.10588274200364,91.30498323638841,0
1595991775.020225,94.90583811004564,91.30498323638841,0
1595991775.0302408,96.70866880615159,91.30498323638841,0
1595991775.0334697,97.28987131317064,91.30498323638841,0
1595991775.0334697,176.10290991921943,170.1180218424372,0
1595991775.0402334,177.32037531991523,170.1180218424372,0
1595991775.0502377,179.12114607949775,170.1180218424372,0
1595991775.0602233,180.91856944222968,170.1180218424372,0
1595991775.0702314,182.72002684732,170.1180218424372,0
1595991775.0802345,184.52058303018134,170.1180218424372,0
1595991775.0902255,186.31895053048652,170.1180218424372,0
1595991775.1002247,188.11882006784003,170.1180218424372,0
1595991775.110227,189.91924750466865,170.1180218424372,0
1595991775.1202323,191.72018992562812,170.1180218424372,0
1595991775.1302211,193.51817118783515,170.1180218424372,0
1595991775.1402304,195.31984316964667,170.1180218424372,0
1595991775.1502385,197.121300574737,170.1180218424372,0
1595991775.1602283,198.919453498321,170.1180218424372,0
1595991775.1702392,200.72142588754218,170.1180218424372,0
1595991775.1802268,202.51919257302802,170.1180218424372,0
1595991775.1902354,204.32073580880683,170.1180218424372,0
1595991775.2002277,206.11936080117744,170.1180218424372,0
1595991775.2102244,207.91875826974433,170.1180218424372,0
1595991775.220242,209.7219322886042,170.1180218424372,0
1595991775.230235,211.5206860270075,170.1180218424372,0
1595991775.2402303,213.31982600350898,170.1180218424372,0
1595991775.2502298,215.11973845620673,170.1180218424372,0
1595991775.2602398,216.92153918405097,170.1180218424372,0
1595991775.2702236,218.718619224029,170.1180218424372,0
1595991775.2802396,220.5214928354792,170.1180218424372,0
1595991775.2902331,222.320332404571,170.1180218424372,0
1595991775.3002408,224.12170397897285,170.1180218424372,0
1595991775.3102336,225.92041480203193,170.1180218424372,0
1595991775.3202395,227.72148596902412,170.1180218424372,0
1595991775.3302317,229.52006804605048,170.1180218424372,0
1595991775.3402228,231.3184784616999,170.1180218424372,0
1595991775.3502228,233.11847674508613,170.1180218424372,0
1595991775.3602276,234.91933333535712,170.1180218424372,0
1595991775.3702257,236.71898829598945,170.1180218424372,0
1595991775.3802385,238.52130400796455,170.1180218424372,0
1595991775.3902302,240.31980025430244,170.1180218424372,0
1595991775.400228,242.11941229959052,170.1180218424372,0
1595991775.4102333,243.92035472055,170.1180218424372,0
1595991775.420225,245.71885096688789,170.1180218424372,0
1595991775.4302278,247.51936423440497,170.1180218424372,0
1595991775.4402287,249.31953417916816,170.1180218424372,0
1595991775.450235,251.12064826150458,170.1180218424372,0
1595991775.4602346,252.92060362954658,170.1180218424372,0
1595991775.4702199,254.71794116159003,170.1180218424372,0
1595991775.4802337,256.5204285349421,170.1180218424372,0
1595991775.490232,258.32012641091865,170.1180218424372,0
1595991775.500229,260.1195667948298,170.1180218424372,0
1595991775.510223,261.91849219461005,170.1180218424372,0
1595991775.5147886,262.74032103677314,170.1180218424372,0
1595991775.5147886,291.9182247257412,199.29592553140526,0
1595991775.520223,292.89639416696434,199.29592553140526,0
1595991775.5302234,294.69647828103905,199.29592553140526,0
1595991775.5402231,296.49643364908104,199.29592553140526,0
1595991775.5502322,298.2980627155483,199.29592553140526,0
1595991775.5602348,300.0985330677212,199.29592553140526,0
1595991775.5702243,301.8966430759609,199.29592553140526,0
1595991775.580227,303.6971134281338,199.29592553140526,0
1595991775.5902202,305.49591008188133,199.29592553140526,0
1595991775.6002254,307.2968525028408,199.29592553140526,0
1595991775.6102202,309.0959066486538,199.29592553140526,0
1595991775.6202285,310.89740696908837,199.29592553140526,0
1595991775.630223,312.6964181995571,199.29592553140526,0
1595991775.6402333,314.4982618427456,199.29592553140526,0
1595991775.6502333,316.2982601261318,199.29592553140526,0
1595991775.6602302,318.09770051004296,199.29592553140526,0
1595991775.6702404,319.89954415323143,199.29592553140526,0
1595991775.680236,321.6987699604214,199.29592553140526,0
1595991775.6902256,323.4968799686611,199.29592553140526,0
1595991775.7002215,325.2961486911953,199.29592553140526,0
1595991775.7102287,327.0974344349087,199.29592553140526,0
1595991775.7202373,328.8989776706875,199.29592553140526,0
1595991775.7302346,330.6985038852871,199.29592553140526,0
1595991775.740236,332.49875966073876,199.29592553140526,0
1595991775.7502267,334.2970842456997,199.29592553140526,0
1595991775.7602336,336.09832707406883,199.29592553140526,0
1595991775.7702372,337.89896908761864,199.29592553140526,0
1595991775.7802215,339.69613495828514,199.29592553140526,0
1595991775.790221,341.4960474109829,199.29592553140526,0
1595991775.8002396,343.2993930912197,199.29592553140526,0
1595991775.8102324,345.0981039142788,199.29592553140526,0
1595991775.8202236,346.8965143299282,199.29592553140526,0
1595991775.830239,348.6993021106899,199.29592553140526,0
1595991775.8402302,350.49771252633934,199.29592553140526,0
1595991775.8502216,352.296165857333,199.29592553140526,0
1595991775.8602216,354.0961641407192,199.29592553140526,0
1595991775.8702407,355.8995956516445,199.29592553140526,0
1595991775.8802347,357.6985210514248,199.29592553140526,0
1595991775.8902361,359.49877682687645,199.29592553140526,0
1595991775.8930216,360,199.29592553140526,1
1595991775.900239,361.29929009439354,199.29592553140526,0
1595991775.9102254,363.0968422031582,199.29592553140526,0
1595991775.9202328,364.8981708622158,199.29592553140526,0
1595991775.9302275,366.6972250080288,199.29592553140526,0
1595991775.9402268,368.4970945453823,199.29592553140526,0
1595991775.950235,370.29855195047264,199.29592553140526,0
1595991775.9602356,372.0986789798916,199.29592553140526,0
1595991775.9702342,373.8984197712124,199.29592553140526,0
1595991775.9802217,375.69618645669823,199.29592553140526,0
1595991775.9902263,377.497000131625,199.29592553140526,0
1595991776.0002291,379.2975133991421,199.29592553140526,0
1595991776.010221,381.0960525608242,199.29592553140526,0
1595991776.0202372,382.89896908761864,199.29592553140526,0
1595991776.0302207,384.6960062122524,199.29592553140526,0
1595991776.040241,386.4996522998989,199.29592553140526,0
1595991776.050233,388.29819146158104,199.29592553140526,0
1595991776.0602207,390.0960010624111,199.29592553140526,0
1595991776.0702374,391.89900341989403,199.29592553140526,0
1595991776.0802374,393.69900170328026,199.29592553140526,0
1595991776.0902243,395.4966396427334,199.29592553140526,0
1595991776.1002316,397.297968301791,199.29592553140526,0
1595991776.1102238,399.09655037881737,199.29592553140526,0
1595991776.1202366,400.89886609079247,199.29592553140526,0
1595991776.130234,402.6983923053921,199.29592553140526,0
1595991776.140227,404.4971460437954,199.29592553140526,0
1595991776.1502411,406.2996763324917,199.29592553140526,0
1595991776.1602364,408.09881630899315,199.29592553140526,0
1595991776.1702378,409.8990720844448,199.29592553140526,0
1595991776.1802402,411.6994995212734,199.29592553140526,0
1595991776.1902313,413.49790993692284,199.29592553140526,0
1595991776.2002394,415.29936734201317,199.29592553140526,0
1595991776.210229,417.0974773502529,199.29592553140526,0
1595991776.2202363,418.89880600931053,199.29592553140526,0
1595991776.2302384,420.6991905307949,199.29592553140526,0
1595991776.2402375,422.4990171528042,199.29592553140526,0
1595991776.250231,424.297856721896,199.29592553140526,0
1595991776.2602222,426.0962671375454,199.29592553140526,0
1595991776.2702284,427.8973812198818,199.29592553140526,0
1595991776.2802253,429.69682160379296,199.29592553140526,0
1595991776.290221,431.4960474109829,199.29592553140526,0
1595991776.3002234,433.2964748478115,199.29592553140526,0
1595991776.3102255,435.0968593692959,199.29592553140526,0
1595991776.3202252,436.8968147373379,199.29592553140526,0
1595991776.330225,438.69677010537987,199.29592553140526,0
1595991776.340241,440.49964371683006,199.29592553140526,0
1595991776.3502402,442.2995132541836,199.29592553140526,0
1595991776.36022,444.09586373330956,199.29592553140526,0
1595991776.370235,445.8985656833828,199.29592553140526,0
1595991776.3802266,447.6970619297207,199.29592553140526,0
1595991776.3902302,449.4977039432705,199.29592553140526,0
1595991776.400227,451.2971443271816,199.29592553140526,0
1595991776.4102244,453.09667054178124,199.29592553140526,0
1595991776.4202387,454.89924374582176,199.29592553140526,0
1595991776.430226,456.69696751596337,199.29592553140526,0
1595991776.4402223,458.4962791538418,199.29592553140526,0
1595991776.4502232,460.29644909860497,199.29592553140526,0
1595991776.460227,462.097134027499,199.29592553140526,0
1595991776.4702394,463.89936390878563,199.29592553140526,0
1595991776.480225,465.69678727151756,199.29592553140526,0
1595991776.4902205,467.49597016336327,199.29592553140526,0
1595991776.5002375,469.2990154361904,199.29592553140526,0
1595991776.5102262,471.09699669839745,199.29592553140526,0
1595991776.5202394,472.8993553257168,199.29592553140526,0
1595991776.5302315,474.69793740274315,199.29592553140526,0
1595991776.5402262,476.49699154855614,199.29592553140526,0
1595991776.550231,478.29784813882713,199.29592553140526,0
1595991776.5602365,480.09883347513085,199.29592553140526,0
1595991776.5702217,481.8961710071743,199.29592553140526,0
1595991776.5802302,483.6977142429531,199.29592553140526,0
1595991776.5902214,485.4961246586025,199.29592553140526,0
1595991776.6002274,487.2971958255947,199.29592553140526,0
1595991776.6102335,489.09830990793114,199.29592553140526,0
1595991776.6202211,490.896076593417,199.29592553140526,0
1595991776.6302388,492.69925061227684,199.29592553140526,0
1595991776.640223,494.49641648294335,199.29592553140526,0
1595991776.6502357,496.2986892795742,199.29592553140526,0
1595991776.6602209,498.09602681161766,199.29592553140526,0
1595991776.6702373,499.89898625375633,199.29592553140526,0
1595991776.6802223,501.69628087045555,199.29592553140526,0
1595991776.6902275,503.497223291415,199.29592553140526,0
1595991776.7002232,505.29644909860497,199.29592553140526,0
1595991776.7102356,507.0986789798916,199.29592553140526,0
1595991776.7202349,508.8985485172451,199.29592553140526,0
1595991776.7302353,510.6986326313198,199.29592553140526,0
1595991776.7402234,512.4964851474941,199.29592553140526,0
1595991776.7502208,514.2960113620937,199.29592553140526,0
1595991776.7602265,516.0970396137417,199.29592553140526,0
1595991776.7702203,517.8959220981777,199.29592553140526,0
1595991776.7802284,519.697379503268,199.29592553140526,0
1595991776.7902362,521.4987939930141,199.29592553140526,0
1595991776.8002286,523.2974189853848,199.29592553140526,0
1595991776.8102348,525.0985330677212,199.29592553140526,0
1595991776.8202405,526.8995613193691,199.29592553140526,0
1595991776.8302252,528.6968130207241,199.29592553140526,0
1595991776.8402317,530.4979700184048,199.29592553140526,0
1595991776.8502266,532.297067079562,199.29592553140526,0
1595991776.8602388,534.0992540455044,199.29592553140526,0
1595991776.870234,535.8983940220058,199.29592553140526,0
1595991776.8802192,537.6957315540493,199.29592553140526,0
1595991776.8902311,539.4978756046474,199.29592553140526,0
1595991776.9002256,541.2968868351162,199.29592553140526,0
1595991776.9102376,543.0990308857143,199.29592553140526,0
1595991776.9202375,544.8990291691006,199.29592553140526,0
1595991776.9302325,546.6981262302578,199.29592553140526,0
1595991776.940233,548.4982103443325,199.29592553140526,0
1595991776.950227,550.2971357441128,199.29592553140526,0
1595991776.9602363,552.0988077259243,199.29592553140526,0
1595991776.9702377,553.899063501376,199.29592553140526,0
1595991776.9802303,555.6977314090908,199.29592553140526,0
1595991776.9902291,557.4975151157558,199.29592553140526,0
1595991777.0002363,559.2988008594692,199.29592553140526,0
1595991777.0002363,0,199.29592553140526,0
1595991777.010258,201.09982911111717,199.29592553140526,0
1595991777.0202537,202.89905491830712,199.29592553140526,0
1595991777.0302534,204.6990102863491,199.29592553140526,0
1595991777.032408,205.08683625223046,199.29592553140526,0
1595991777.032408,251.5607853765613,245.76987465573612,0
1595991777.0402493,252.97222813321414,245.76987465573612,0
1595991777.0502558,254.7733851308948,245.76987465573612,0
1595991777.0602436,256.57119473172486,245.76987465573612,0
1595991777.0702477,258.37192257596314,245.76987465573612,0
1595991777.080257,260.17359455777466,245.76987465573612,0
1595991777.090256,261.97342117978394,245.76987465573612,0
1595991777.1002498,263.77230366422,245.76987465573612,0
1595991777.110248,265.57200154019654,245.76987465573612,0
1595991777.1202447,267.37139900876343,245.76987465573612,0
1595991777.1302433,269.17113980008423,245.76987465573612,0
1595991777.1402476,270.97191055966675,245.76987465573612,0
1595991777.1502426,272.771007620824,245.76987465573612,0
1595991777.160247,274.57182129575074,245.76987465573612,0
1595991777.1702487,276.37211998654664,245.76987465573612,0
1595991777.1802435,278.1711741323596,245.76987465573612,0
1595991777.190252,279.97271736813843,245.76987465573612,0
1595991777.2002363,281.76988323880494,245.76987465573612,0
1595991777.210245,283.57142647458375,245.76987465573612,0
1595991777.2202415,285.37082394315064,245.76987465573612,0
1595991777.2302465,287.1717234487659,245.76987465573612,0
1595991777.240251,288.97253712369263,245.76987465573612,0
1595991777.2502558,290.7733937139636,245.76987465573612,0
1595991777.260248,292.57197579099,245.76987465573612,0
1595991777.2702408,294.3706866140491,245.76987465573612,0
1595991777.2802541,296.17308815671265,245.76987465573612,0
1595991777.2902472,297.971841895116,245.76987465573612,0
1595991777.3002553,299.7732993002063,245.76987465573612,0
1595991777.310251,301.57252510739625,245.76987465573612,0
1595991777.3202517,303.3726521368152,245.76987465573612,0
1595991777.3302376,305.17011841489136,245.76987465573612,0
1595991777.34025,306.972348296178,245.76987465573612,0
1595991777.3502572,308.77363403989136,245.76987465573612,0
1595991777.3602517,310.5726452703601,245.76987465573612,0
1595991777.3702543,312.37311562253296,245.76987465573612,0
1595991777.380237,314.17002400113404,245.76987465573612,0
1595991777.3902466,315.9717388982898,245.76987465573612,0
1595991777.4002562,317.77345379544556,245.76987465573612,0
1595991777.4102519,319.5726796026355,245.76987465573612,0
1595991777.420245,321.3714333410388,245.76987465573612,0
1595991777.430253,323.17289074612916,245.76987465573612,0
1595991777.4402366,324.96992787076294,245.76987465573612,0
1595991777.4502478,326.7719431753284,245.76987465573612,0
1595991777.4602432,328.5711260671741,245.76987465573612,0
1595991777.4702487,330.3721114034778,245.76987465573612,0
1595991777.480236,332.1698351736194,245.76987465573612,0
1595991777.4902565,333.9735241766101,245.76987465573612,0
1595991777.5002408,335.7706900472766,245.76987465573612,0
1595991777.5102358,337.56978710843384,245.76987465573612,0
1595991777.5202496,339.3722744817859,245.76987465573612,0
1595991777.5302548,341.17321690274537,245.76987465573612,0
1595991777.5402532,342.97291477872193,245.76987465573612,0
1595991777.5502498,344.7723122472888,245.76987465573612,0
1595991777.560254,346.57308300687134,245.76987465573612,0
1595991777.5702426,348.37102135373414,245.76987465573612,0
1595991777.5802443,350.17132004453003,245.76987465573612,0
1595991777.5902555,351.97333534909546,245.76987465573612,0
1595991777.600257,353.7735911245471,245.76987465573612,0
1595991777.6102557,355.57337483121216,245.76987465573612,0
1595991777.620241,357.3707123632556,245.76987465573612,0
1595991777.6302469,359.1717835302478,245.76987465573612,0
1595991777.6348546,360,245.76987465573612,1
1595991777.6402562,360.97345551205933,245.76987465573612,0
1595991777.6502554,362.77332504941285,245.76987465573612,0
1595991777.660256,364.57340916348755,245.76987465573612,0
1595991777.6702483,366.37203415585816,245.76987465573612,0
1595991777.6802428,368.1710453863269,245.76987465573612,0
1595991777.6902566,369.97353275967896,245.76987465573612,0
1595991777.7002475,371.77190025998414,245.76987465573612,0
1595991777.7102573,373.57365807248414,245.76987465573612,0
1595991777.7202358,375.3697939748889,245.76987465573612,0
1595991777.7302487,377.172109686864,245.76987465573612,0
1595991777.740244,378.9712496633655,245.76987465573612,0
1595991777.7502365,380.7699175710803,245.76987465573612,0
1595991777.7602465,382.57171829892457,245.76987465573612,0
1595991777.770239,384.3703862066394,245.76987465573612,0
1595991777.7802448,386.17141445828736,245.76987465573612,0
1595991777.7902431,387.9711123342639,245.76987465573612,0
1595991777.8002408,389.77068146420777,245.76987465573612,0
1595991777.8102505,391.57243927670777,245.76987465573612,0
1595991777.820238,393.3702059621936,245.76987465573612,0
1595991777.8302536,395.1729937429553,245.76987465573612,0
1595991777.840237,396.9699879522449,245.76987465573612,0
1595991777.8502436,398.7711878652698,245.76987465573612,0
1595991777.860252,400.57268818570435,245.76987465573612,0
1595991777.8702357,402.3697682256824,245.76987465573612,0
1595991777.877596,403.69460781766236,245.76987465573612,0
1595991777.877596,498.5862254723637,340.66149231043744,0
1595991777.8802502,499.0640019997685,340.66149231043744,0
1595991777.890249,500.86378570643353,340.66149231043744,0
1595991777.900247,502.66344066706586,340.66149231043744,0
1595991777.910245,504.46305271235394,340.66149231043744,0
1595991777.9202535,506.26459594813275,340.66149231043744,0
1595991777.930256,508.06502338496136,340.66149231043744,0
1595991777.9402463,509.86330505457806,340.66149231043744,0
1595991777.950244,511.6628741845219,340.66149231043744,0
1595991777.9602501,513.4639882668583,340.66149231043744,0
1595991777.970245,515.2630424126713,340.66149231043744,0
1595991777.980244,517.0628690346806,340.66149231043744,0
1595991777.990238,518.8617944344609,340.66149231043744,0
1595991778.000241,520.6623506173222,340.66149231043744,0
1595991778.010242,522.4625205620854,340.66149231043744,0
1595991778.0202425,524.2626046761601,340.66149231043744,0
1595991778.0302484,526.0636758431523,340.66149231043744,0
1595991778.0402484,527.8636741265385,340.66149231043744,0
1595991778.0502489,529.6637582406132,340.66149231043744,0
1595991778.0602496,531.4638852700322,340.66149231043744,0
1595991778.0702558,533.2649993523686,340.66149231043744,0
1595991778.080236,535.061435662183,340.66149231043744,0
1595991778.0902355,536.8613481148808,340.66149231043744,0
1595991778.1002393,538.6620330437748,340.66149231043744,0
1595991778.1102457,540.4631900414555,340.66149231043744,0
1595991778.1202383,542.2618579491703,340.66149231043744,0
1595991778.1302392,544.0620278939335,340.66149231043744,0
1595991778.1402502,545.8640002831547,340.66149231043744,0
1595991778.1502404,547.6622390374272,340.66149231043744,0
1595991778.1602483,549.4636535271733,340.66149231043744,0
1595991778.1702516,551.2642526253788,340.66149231043744,0
1595991778.1802385,553.061890564832,340.66149231043744,0
1595991778.1902378,554.8617601021855,340.66149231043744,0
1595991778.2002382,556.6618442162602,340.66149231043744,0
1595991778.2102566,558.4651469811528,340.66149231043744,0
1595991778.2202568,560.2651881798832,340.66149231043744,0
1595991778.2302523,562.0643710717289,340.66149231043744,0
1595991778.2402387,563.8619231804936,340.66149231043744,0
1595991778.2502446,565.6629943474858,340.66149231043744,0
1595991778.2602391,567.4620055779545,340.66149231043744,0
1595991778.2702458,569.2632054909794,340.66149231043744,0
1595991778.2802382,571.06183048335,340.66149231043744,0
1595991778.2902505,572.8640603646367,340.66149231043744,0
1595991778.3002424,574.6625995263188,340.66149231043744,0
1595991778.3102424,576.462597809705,340.66149231043744,0
1595991778.3202379,578.2617807015507,340.66149231043744,0
1595991778.330253,580.064482651624,340.66149231043744,0
1595991778.3402407,581.862292252454,340.66149231043744,0
1595991778.3502524,583.664393387708,340.66149231043744,0
1595991778.3602474,585.4634904488652,340.66149231043744,0
1595991778.370243,587.2627162560551,340.66149231043744,0
1595991778.3802423,589.0625857934086,340.66149231043744,0
1595991778.3902535,590.8646010979741,340.66149231043744,0
1595991778.4002397,592.6621102913945,340.66149231043744,0
1595991778.410239,594.461979828748,340.66149231043744,0
1595991778.4202437,596.262836419019,340.66149231043744,0
1595991778.4302459,598.0632209405034,340.66149231043744,0
1595991778.4402404,599.8622321709721,340.66149231043744,0
1595991778.450243,601.662702523145,340.66149231043744,0
1595991778.4602551,603.4648894890873,340.66149231043744,0
1595991778.4702377,605.2617549523442,340.66149231043744,0
1595991778.4802551,607.0648860558598,340.66149231043744,0
1595991778.4902382,608.8618373498051,340.66149231043744,0
1595991778.5002465,610.6633376702397,340.66149231043744,0
1595991778.510244,612.4628638848393,340.66149231043744,0
1595991778.5202417,614.2624759301274,340.66149231043744,0
1595991778.5302365,616.0615300759404,340.66149231043744,0
1595991778.5402448,617.8630303963749,340.66149231043744,0
1595991778.5502472,619.6634578332036,340.66149231043744,0
1595991778.5602372,621.4616536721318,340.66149231043744,0
1595991778.5702488,623.2637548073857,340.66149231043744,0
1595991778.580247,625.063409768018,340.66149231043744,0
1595991778.5902443,626.8629359826176,340.66149231043744,0
1595991778.6002398,628.6621188744633,340.66149231043744,0
1595991778.6102567,630.4651641472905,340.66149231043744,0
1595991778.6202378,632.2617721184819,340.66149231043744,0
1595991778.6302502,634.0640019997685,340.66149231043744,0
1595991778.6402462,635.8632707223027,340.66149231043744,0
1595991778.6502516,637.6642560586064,340.66149231043744,0
1595991778.660251,639.4641255959599,340.66149231043744,0
1595991778.6702478,641.263565979871,340.66149231043744,0
1595991778.6802363,643.0615043267338,340.66149231043744,0
1595991778.6902413,644.8624038323491,340.66149231043744,0
1595991778.700255,646.6648482903569,340.66149231043744,0
1595991778.7102458,648.463215790662,340.66149231043744,0
1595991778.7202368,650.2615832909672,340.66149231043744,0
1595991778.7302492,652.0638131722538,340.66149231043744,0
1595991778.7402563,653.8650989159672,340.66149231043744,0
1595991778.7502403,655.6622218712895,340.66149231043744,0
1595991778.7602372,657.4616622552006,340.66149231043744,0
1595991778.7702549,659.2648362740605,340.66149231043744,0
1595991778.780252,661.0643195733159,340.66149231043744,0
1595991778.7902381,662.8618287667363,340.66149231043744,0
1595991778.8002348,664.6612262353032,340.66149231043744,0
1595991778.810244,666.4628982171147,340.66149231043744,0
1595991778.820236,668.2614373787968,340.66149231043744,0
1595991778.8302433,670.0627660378544,340.66149231043744,0
1595991778.8402493,671.8638372048466,340.66149231043744,0
1595991778.850253,673.6645221337407,340.66149231043744,0
1595991778.8602417,675.4624604806035,340.66149231043744,0
1595991778.8702426,677.2626304253666,340.66149231043744,0
1595991778.8802452,679.0631007775395,340.66149231043744,0
1595991778.8902502,680.8640002831547,340.66149231043744,0
1595991778.900238,682.6618098839848,340.66149231043744,0
1595991778.910256,684.4650268181889,340.66149231043744,0
1595991778.9202478,686.263565979871,340.66149231043744,0
1595991778.9302518,688.0642938241093,340.66149231043744,0
1595991778.9402535,689.8645925149052,340.66149231043744,0
1595991778.9502547,691.6648053750126,340.66149231043744,0
1595991778.9602425,693.4626149758427,340.66149231043744,0
1595991778.970247,695.2634286507695,340.66149231043744,0
1595991778.9802372,697.0616674050419,340.66149231043744,0
1595991778.990247,698.8634252175419,340.66149231043744,0
1595991779.0002515,700.6642388924687,340.66149231043744,0
1595991779.0002515,0,340.66149231043744,0
1595991779.0102696,342.4647521599858,340.66149231043744,0
1595991779.0202563,344.26234718409466,340.66149231043744,0
1595991779.0302677,346.06440540400433,340.66149231043744,0
1595991779.0402653,347.8639745339482,340.66149231043744,0
1595991779.0502646,349.6638440713017,340.66149231043744,0
1595991779.060263,351.46354194727826,340.66149231043744,0
1595991779.070268,353.2644414528935,340.66149231043744,0
1595991779.0802717,355.06512638178754,340.66149231043744,0
1595991779.0902593,356.8628930672734,340.66149231043744,0
1595991779.1002655,358.6640071496098,340.66149231043744,0
1595991779.1076908,360,340.66149231043744,1
1595991779.1102548,360.4620742425053,340.66149231043744,0
1595991779.12026,362.2630166634648,340.66149231043744,0
1595991779.1302705,364.0649032219975,340.66149231043744,0
1595991779.1402717,365.8651160821049,340.66149231043744,0
1595991779.150263,367.66356941309857,340.66149231043744,0
1595991779.1602716,369.4651126488774,340.66149231043744,0
1595991779.1702592,371.2628793343632,340.66149231043744,0
1595991779.1802635,373.06365009394574,340.66149231043744,0
1595991779.1902635,374.86364837733197,340.66149231043744,0
1595991779.2002654,376.6639899834721,340.66149231043744,0
1595991779.2102642,378.46377369013715,340.66149231043744,0
1595991779.2202675,380.2643727883427,340.66149231043744,0
1595991779.2302551,382.06213947382855,340.66149231043744,0
1595991779.2402694,383.8647126778691,340.66149231043744,0
1595991779.250262,385.6633805855839,340.66149231043744,0
1595991779.2602544,387.4620055779545,340.66149231043744,0
1595991779.2702723,389.26522251215863,340.66149231043744,0
1595991779.2802708,391.06496330347943,340.66149231043744,0
1595991779.2902606,392.8631162270634,340.66149231043744,0
1595991779.3002687,394.66457363215375,340.66149231043744,0
1595991779.310259,396.46285530177045,340.66149231043744,0
1595991779.3202531,398.2617807015507,340.66149231043744,0
1595991779.3302674,400.06435390559125,340.66149231043744,0
1595991779.3402514,401.8614768609135,340.66149231043744,0
1595991779.350271,403.6649942025273,340.66149231043744,0
1595991779.3602552,405.4621600731938,340.66149231043744,0
1595991779.3702612,407.263231240186,340.66149231043744,0
1595991779.3802648,409.0638732537358,340.66149231043744,0
1595991779.3902605,410.8630990609257,340.66149231043744,0
1595991779.4002595,412.662925682935,340.66149231043744,0
1595991779.4102623,414.4634389504521,340.66149231043744,0
1595991779.4202642,416.2637805565922,340.66149231043744,0
1595991779.430261,418.0631780251591,340.66149231043744,0
1595991779.4402573,419.8625325783818,340.66149231043744,0
1595991779.4502676,421.66437622157025,340.66149231043744,0
1595991779.460269,423.4646319970219,340.66149231043744,0
1595991779.4702606,425.2631282433598,340.66149231043744,0
1595991779.4802535,427.0618390664189,340.66149231043744,0
1595991779.4902549,428.86209484187054,340.66149231043744,0
1595991779.5002627,430.66350933161664,340.66149231043744,0
1595991779.510256,432.4623059853642,340.66149231043744,0
1595991779.5202658,434.2640637978642,340.66149231043744,0
1595991779.5302613,436.0632466897099,340.66149231043744,0
1595991779.540264,437.86371704188275,340.66149231043744,0
1595991779.5502605,439.66311451044965,340.66149231043744,0
1595991779.5602558,441.4622544869511,340.66149231043744,0
1595991779.570262,443.26336856928754,340.66149231043744,0
1595991779.5802686,445.06456848231244,340.66149231043744,0
