Type = Mirollor Strogatz (-ish),Function = Mirollor Strogatz,Refract = 0,Epsilon = 0.3,B = 8,Start_phase = 31
Timestamp,Phase,Offset,Ping?
1596160179,31,0,0
1596160179.01,32.79557800292969,0.17222222222222222,0
1596160179.02,34.59553337097168,0.17222222222222222,0
1596160179.03,36.3963041305542,0.17222222222222222,0
1596160179.04,38.193899154663086,0.17222222222222222,0
1596160179.05,39.99475574493408,0.17222222222222222,0
1596160179.06,41.79561233520508,0.17222222222222222,0
1596160179.07,43.594451904296875,0.17222222222222222,0
1596160179.08,45.396724700927734,0.17222222222222222,0
1596160179.09,47.1967658996582,0.17222222222222222,0
1596160179.1,48.9950475692749,0.17222222222222222,0
1596160179.11,50.794960021972656,0.17222222222222222,0
1596160179.12,52.59534454345703,0.17222222222222222,0
1596160179.1299999,54.396501541137695,0.17222222222222222,0
1596160179.1399999,56.195255279541016,0.17222222222222222,0
1596160179.1499999,57.996283531188965,0.17222222222222222,0
1596160179.1599998,59.79598140716553,0.17222222222222222,0
1596160179.1699998,61.59447765350342,0.17222222222222222,0
1596160179.1799998,63.39486217498779,0.17222222222222222,0
1596160179.1899998,65.19443130493164,0.17222222222222222,0
1596160179.1999998,66.99507331848145,0.17222222222222222,0
1596160179.2099998,68.79541492462158,0.17222222222222222,0
1596160179.2199998,70.59648609161377,0.17222222222222222,0
1596160179.2299998,72.39433860778809,0.17222222222222222,0
1596160179.2399998,74.19674015045166,0.17222222222222222,0
1596160179.2499998,75.99600887298584,0.17222222222222222,0
1596160179.2599998,77.79446220397949,0.17222222222222222,0
1596160179.2699997,79.59458923339844,0.17222222222222222,0
1596160179.2799997,81.39433002471924,0.17222222222222222,0
1596160179.2899997,83.19690322875977,0.17222222222222222,0
1596160179.2999997,84.99411201477051,0.17222222222222222,0
1596160179.3099997,86.79655647277832,0.17222222222222222,0
1596160179.3199997,88.59578227996826,0.17222222222222222,0
1596160179.3299997,90.39681053161623,0.17222222222222222,0
1596160179.3399997,92.19376182556154,0.17222222222222222,0
1596160179.3499997,93.99590587615968,0.17222222222222222,0
1596160179.3599997,95.79598999023439,0.17222222222222222,0
1596160179.3699996,97.59684658050539,0.17222222222222222,0
1596160179.3799996,99.3941411972046,0.17222222222222222,0
1596160179.3899996,101.19508361816408,0.17222222222222222,0
1596160179.3999996,102.99400901794435,0.17222222222222222,0
1596160179.4099996,104.79692554473878,0.17222222222222222,0
1596160179.4199996,106.59383392333986,0.17222222222222222,0
1596160179.4299996,108.39494800567628,0.17222222222222222,0
1596160179.4399996,110.19451713562013,0.17222222222222222,0
1596160179.4499996,111.99661827087404,0.17222222222222222,0
1596160179.4599996,113.79695987701417,0.17222222222222222,0
1596160179.4699996,115.59567070007326,0.17222222222222222,0
1596160179.4799995,117.3963556289673,0.17222222222222222,0
1596160179.4899995,119.19450855255128,0.17222222222222222,0
1596160179.4999995,120.99489307403566,0.17222222222222222,0
1596160179.5099995,122.79544925689699,0.17222222222222222,0
1596160179.5199995,124.59557628631593,0.17222222222222222,0
1596160179.5299995,126.39604663848878,0.17222222222222222,0
1596160179.5399995,128.194242477417,0.17222222222222222,0
1596160179.5499995,129.9963436126709,0.17222222222222222,0
1596160179.5599995,131.7962989807129,0.17222222222222222,0
1596160179.5699995,133.59664058685303,0.17222222222222222,0
1596160179.5799994,135.39560890197754,0.17222222222222222,0
1596160179.5899994,137.19650840759277,0.17222222222222222,0
1596160179.5999994,138.99444675445557,0.17222222222222222,0
1596160179.6099994,140.79641914367676,0.17222222222222222,0
1596160179.6199994,142.59379959106445,0.17222222222222222,0
1596160179.6299994,144.3956003189087,0.17222222222222222,0
1596160179.6399994,146.19396781921387,0.17222222222222222,0
1596160179.6499994,147.99482440948486,0.17222222222222222,0
1596160179.6599994,149.796067237854,0.17222222222222222,0
1596160179.6699994,151.594220161438,0.17222222222222222,0
1596160179.6799994,153.3948621749878,0.17222222222222222,0
1596160179.6899993,155.1957187652588,0.17222222222222222,0
1596160179.6999993,156.99498748779297,0.17222222222222222,0
1596160179.7099993,158.7966594696045,0.17222222222222222,0
1596160179.7199993,160.59588527679443,0.17222222222222222,0
1596160179.7299993,162.39485359191895,0.17222222222222222,0
1596160179.7399993,164.196439743042,0.17222222222222222,0
1596160179.7499993,165.99566555023193,0.17222222222222222,0
1596160179.7599993,167.79544925689697,0.17222222222222222,0
1596160179.7699993,169.59424591064453,0.17222222222222222,0
1596160179.7799993,171.396990776062,0.17222222222222222,0
1596160179.7899992,173.19613075256348,0.17222222222222222,0
1596160179.7999992,174.99548530578613,0.17222222222222222,0
1596160179.8099992,176.79612731933594,0.17222222222222222,0
1596160179.8199992,178.59423732757568,0.17222222222222222,0
1596160179.8299992,180.39372062683105,0.17222222222222222,0
1596160179.8399992,182.19603633880615,0.17222222222222222,0
1596160179.8499992,183.99466133117676,0.17222222222222222,0
1596160179.8599992,185.79663372039795,0.17222222222222222,0
1596160179.8699992,187.59560203552246,0.17222222222222222,0
1596160179.8799992,189.39602947235107,0.17222222222222222,0
1596160179.8899992,191.19671440124512,0.17222222222222222,0
1596160179.8999991,192.99692726135254,0.17222222222222222,0
1596160179.9099991,194.7946081161499,0.17222222222222222,0
1596160179.9199991,196.59563636779785,0.17222222222222222,0
1596160179.929999,198.39679336547852,0.17222222222222222,0
1596160179.939999,200.19498920440674,0.17222222222222222,0
1596160179.949999,201.99657535552979,0.17222222222222222,0
1596160179.959999,203.79640197753906,0.17222222222222222,0
1596160179.969999,205.59592819213867,0.17222222222222222,0
1596160179.979999,207.39609813690186,0.17222222222222222,0
1596160179.989999,209.196439743042,0.17222222222222222,0
1596160179.999999,210.99588012695312,0.17222222222222222,0
1596160180.009999,212.79467678070068,0.17222222222222222,0
1596160180.019999,214.5966920852661,0.17222222222222222,0
1596160180.029999,216.39647579193115,0.17222222222222222,0
1596160180.039999,218.19372749328613,0.17222222222222222,0
1596160180.049999,219.99574279785156,0.17222222222222222,0
1596160180.059999,221.7949686050415,0.17222222222222222,0
1596160180.069999,223.59419441223145,0.17222222222222222,0
1596160180.079999,225.39548015594482,0.17222222222222222,0
1596160180.089999,227.19693756103516,0.17222222222222222,0
1596160180.099999,228.99697875976562,0.17222222222222222,0
1596160180.109999,230.79663372039795,0.17222222222222222,0
1596160180.119999,232.59560203552246,0.17222222222222222,0
1596160180.129999,234.39457035064697,0.17222222222222222,0
1596160180.139999,236.19632816314697,0.17222222222222222,0
1596160180.149999,237.99679851531982,0.17222222222222222,0
1596160180.159999,239.79555225372314,0.17222222222222222,0
1596160180.169999,241.5949068069458,0.17222222222222222,0
1596160180.1799989,243.39636421203613,0.17222222222222222,0
1596160180.1899989,245.1938304901123,0.17222222222222222,0
1596160180.1999989,246.99687576293945,0.17222222222222222,0
1596160180.2098258,248.76245594024658,0.17222222222222222,0
1596160180.2098258,360.0,0.7902085781097412,0
1596160180.209984,360,0.7902085781097412,1
1596160180.209984,0,0,0
1596160180.219984,1.8008995056152344,0,0
1596160180.2211978,2.0184803009033203,0,0
1596160180.2211978,23.460934971428202,0.11912474816958268,0
1596160180.229984,25.042923306083964,0.11912474816958268,0
1596160180.239984,26.844209049797342,0.11912474816958268,0
1596160180.249984,28.64450774059324,0.11912474816958268,0
1596160180.259984,30.445149754143046,0.11912474816958268,0
1596160180.269984,32.245190952873514,0.11912474816958268,0
1596160180.279984,34.042657230949686,0.11912474816958268,0
1596160180.289984,35.84278426036863,0.11912474816958268,0
1596160180.299984,37.644713734245585,0.11912474816958268,0
1596160180.309984,39.44501242504148,0.11912474816958268,0
1596160180.319984,41.242993687248514,0.11912474816958268,0
1596160180.329984,43.04354987010984,0.11912474816958268,0
1596160180.339984,44.84337649211912,0.11912474816958268,0
1596160180.349984,46.64268812999754,0.11912474816958268,0
1596160180.359984,48.4449609266284,0.11912474816958268,0
1596160180.369984,50.243585918999,0.11912474816958268,0
1596160180.379984,52.04560122356443,0.11912474816958268,0
1596160180.389984,53.84396872386961,0.11912474816958268,0
1596160180.399984,55.643580769157694,0.11912474816958268,0
1596160180.4099839,57.44246325359373,0.11912474816958268,0
1596160180.4199839,59.24490771160154,0.11912474816958268,0
1596160180.4299839,61.043361042595194,0.11912474816958268,0
1596160180.4399838,62.84314474926023,0.11912474816958268,0
1596160180.4499838,64.64254221782713,0.11912474816958268,0
1596160180.4599838,66.44249758586912,0.11912474816958268,0
1596160180.4699838,68.24537119731932,0.11912474816958268,0
1596160180.4799838,70.04489741191892,0.11912474816958268,0
1596160180.4899838,71.84571108684568,0.11912474816958268,0
1596160180.4999838,73.64523730144529,0.11912474816958268,0
1596160180.5099838,75.44540724620848,0.11912474816958268,0
1596160180.5199838,77.24566302166014,0.11912474816958268,0
1596160180.522565,77.70700297222166,0.11912474816958268,0
1596160180.522565,360.0,1.6874191761016846,0
1596160180.522645,360,1.6874191761016846,1
1596160180.522645,0,0,0
1596160180.531429,1.581130027770996,0,0
1596160180.531429,18.6399457705688,0.09477119857109892,0
1596160180.532645,18.859629417724562,0.09477119857109892,0
1596160180.542645,20.659155632324172,0.09477119857109892,0
1596160180.552645,22.4617288363647,0.09477119857109892,0
1596160180.562645,24.2600105059814,0.09477119857109892,0
1596160180.572645,26.061081672973586,0.09477119857109892,0
1596160180.582645,27.859191681213332,0.09477119857109892,0
1596160180.5865624,28.563947464294387,0.09477119857109892,0
1596160180.5865624,316.0763016200177,1.692062054991784,0
1596160180.592645,317.1720161891095,1.692062054991784,0
1596160180.602645,318.97304444075746,1.692062054991784,0
1596160180.612645,320.77342896224184,1.692062054991784,0
1596160180.622645,322.57183937789125,1.692062054991784,0
1596160180.632645,324.3718376612775,1.692062054991784,0
1596160180.642645,326.1737242198102,1.692062054991784,0
1596160180.6526449,327.97230629683656,1.692062054991784,0
1596160180.6626449,329.771617934715,1.692062054991784,0
1596160180.6726449,331.57380490065736,1.692062054991784,0
1596160180.6826448,333.37127117873354,1.692062054991784,0
1596160180.6926448,335.17204193831606,1.692062054991784,0
1596160180.7026448,336.9716110682599,1.692062054991784,0
1596160180.7126448,338.77332596541567,1.692062054991784,0
1596160180.7226448,340.5725517726056,1.692062054991784,0
1596160180.7326448,342.3739662623517,1.692062054991784,0
1596160180.7426448,344.1743936991803,1.692062054991784,0
1596160180.7526448,345.9733620143048,1.692062054991784,0
1596160180.7626448,347.77168659926576,1.692062054991784,0
1596160180.7726448,349.5718994593732,1.692062054991784,0
1596160180.7826447,351.37430100203676,1.692062054991784,0
1596160180.7926447,353.17223934889955,1.692062054991784,0
1596160180.8026447,354.973353431236,1.692062054991784,0
1596160180.8126447,356.7736950373761,1.692062054991784,0
1596160180.8226447,358.57180504561586,1.692062054991784,0
1596160180.8305984,360,1.692062054991784,1
1596160180.8305984,0,0,0
1596160180.8405983,1.8018007278442383,0,0
1596160180.8441749,2.4437713623046875,0,0
1596160180.8441749,28.148993354365736,0.1428067888447836,0
1596160180.8468044,28.62230668596974,0.1428067888447836,0
1596160180.8468044,316.71960561398237,1.7433473384448535,0
1596160180.8505983,317.4051353228446,1.7433473384448535,0
1596160180.8605983,319.20388906124793,1.7433473384448535,0
1596160180.8705983,321.00530355099403,1.7433473384448535,0
1596160180.8805983,322.80452935818397,1.7433473384448535,0
1596160180.8905983,324.6027251971122,1.7433473384448535,0
1596160180.9005983,326.40478341702186,1.7433473384448535,0
1596160180.9105983,328.20340840939247,1.7433473384448535,0
1596160180.9205983,330.00267713192665,1.7433473384448535,0
1596160180.9305983,331.80512158993446,1.7433473384448535,0
1596160180.9405982,333.603918243682,1.7433473384448535,0
1596160180.9505982,335.40413110378944,1.7433473384448535,0
1596160180.9605982,337.20498769406043,1.7433473384448535,0
1596160180.9705982,339.0043422472831,1.7433473384448535,0
1596160180.9805982,340.8054134142753,1.7433473384448535,0
1596160180.9905982,342.60433881405555,1.7433473384448535,0
1596160181.0005982,344.4030925524589,1.7433473384448535,0
1596160181.0105982,346.2042066347953,1.7433473384448535,0
1596160181.0205982,348.00300328854286,1.7433473384448535,0
1596160181.0305982,349.8026582491752,1.7433473384448535,0
1596160181.0405982,351.6046306383964,1.7433473384448535,0
1596160181.0505981,353.40265481594764,1.7433473384448535,0
1596160181.0605981,355.2044555437919,1.7433473384448535,0
1596160181.0705981,357.0055696261283,1.7433473384448535,0
1596160181.080598,358.80526750210487,1.7433473384448535,0
1596160181.0872648,360,1.7433473384448535,1
1596160181.0872648,0,0,0
1596160181.0972648,1.800384521484375,0,0
1596160181.1019363,2.6408815383911133,0,0
1596160181.1019363,30.32177359178575,0.1537827336299702,0
1596160181.1032922,30.565833154468855,0.1537827336299702,0
1596160181.1032922,338.14344067669333,1.8625472198645505,0
1596160181.1072648,338.85905404186667,1.8625472198645505,0
1596160181.1172647,340.66055436230124,1.8625472198645505,0
1596160181.1272647,342.46119637585105,1.8625472198645505,0
1596160181.1372647,344.26085133648337,1.8625472198645505,0
1596160181.1472647,346.05913300610007,1.8625472198645505,0
1596160181.1572647,347.86110539532126,1.8625472198645505,0
1596160181.1672647,349.6585287580532,1.8625472198645505,0
1596160181.1772647,351.4610590467495,1.8625472198645505,0
1596160181.1872647,353.2616152296108,1.8625472198645505,0
1596160181.1972647,355.0596823225063,1.8625472198645505,0
1596160181.2072647,356.858865214352,1.8625472198645505,0
1596160181.2172647,358.6596788892788,1.8625472198645505,0
1596160181.2247272,360,1.8625472198645505,1
1596160181.2247272,0,0,0
1596160181.2347271,1.8031740188598633,0,0
1596160181.238419,2.4645423889160156,0,0
1596160181.238419,28.37795604430941,0.14396340919662998,0
1596160181.2447271,29.514912259214196,0.14396340919662998,0
1596160181.2547271,31.315640103452477,0.14396340919662998,0
1596160181.2585564,32.002671849363125,0.14396340919662998,0
1596160181.2585564,353.9819670410438,1.9327372713726336,0
1596160181.264727,355.0936461181922,1.9327372713726336,0
1596160181.274727,356.89463145449594,1.9327372713726336,0
1596160181.284727,358.69574553683236,1.9327372713726336,0
1596160181.2920015,360,1.9327372713726336,1
1596160181.2920015,0,0,0
1596160181.3020015,1.8024873733520508,0,0
1596160181.3061807,2.5522613525390625,0,0
1596160181.3061807,29.344897652253348,0.14884797944285713,0
1596160181.3120015,30.393963242158133,0.14884797944285713,0
1596160181.3137956,30.715570831879813,0.14884797944285713,0
1596160181.3137956,339.794025505622,1.8659505054080916,0
1596160181.3220015,341.27297409876167,1.8659505054080916,0
1596160181.3320014,343.0728436361152,1.8659505054080916,0
1596160181.3420014,344.87176903589545,1.8659505054080916,0
1596160181.3520014,346.6723252187568,1.8659505054080916,0
1596160181.3620014,348.474125946601,1.8659505054080916,0
1596160181.3720014,350.2736092458564,1.8659505054080916,0
1596160181.3820014,352.07373627527534,1.8659505054080916,0
1596160181.3920014,353.87249001367866,1.8659505054080916,0
1596160181.4020014,355.6711579213935,1.8659505054080916,0
1596160181.4120014,357.47377404077827,1.8659505054080916,0
1596160181.4220014,359.2716694722968,1.8659505054080916,0
1596160181.4260523,360,1.8659505054080916,1
1596160181.4260523,0,0,0
1596160181.4360523,1.802830696105957,0,0
1596160181.4401712,2.5414037704467773,0,0
1596160181.4401712,29.22521260978279,0.14824338244075563,0
1596160181.4460523,30.28586534263191,0.14824338244075563,0
1596160181.4477932,30.597173249736404,0.14824338244075563,0
1596160181.4477932,338.4889080746135,1.8587530203567395,0
1596160181.4560523,339.97862841915696,1.8587530203567395,0
1596160181.4660523,341.77656676601976,1.8587530203567395,0
1596160181.4760523,343.57673671078294,1.8587530203567395,0
1596160181.4860523,345.37613417934983,1.8587530203567395,0
1596160181.4960523,347.1781923992595,1.8587530203567395,0
1596160181.5060523,348.97552993130296,1.8587530203567395,0
1596160181.5160522,350.7769015057048,1.8587530203567395,0
1596160181.5260522,352.57634188961595,1.8587530203567395,0
1596160181.5360522,354.37831427883714,1.8587530203567395,0
1596160181.5460522,356.17831256222337,1.8587530203567395,0
1596160181.5560522,357.978739999052,1.8587530203567395,0
1596160181.5660522,359.7784807903728,1.8587530203567395,0
1596160181.567303,360,1.8587530203567395,1
1596160181.567303,0,0,0
1596160181.577303,1.8019723892211914,0,0
1596160181.581663,2.5847911834716797,0,0
1596160181.581663,29.703479716256034,0.15065938073769086,0
1596160181.587303,30.72083086676873,0.15065938073769086,0
1596160181.5892954,31.07732863135613,0.15065938073769086,0
1596160181.5892954,343.78174553632215,1.8879061413208353,0
1596160181.597303,345.2258039545961,1.8879061413208353,0
1596160181.607303,347.02417145490125,1.8879061413208353,0
1596160181.617303,348.82580052136854,1.8879061413208353,0
1596160181.627303,350.62489758252576,1.8879061413208353,0
1596160181.6373029,352.42639790296033,1.8879061413208353,0
1596160181.6473029,354.22613869428113,1.8879061413208353,0
1596160181.6573029,356.02442036389783,1.8879061413208353,0
1596160181.6673028,357.8245473933168,1.8879061413208353,0
1596160181.6773028,359.624545676703,1.8879061413208353,0
1596160181.6794076,360,1.8879061413208353,1
1596160181.6794076,0,0,0
1596160181.6894076,1.8027448654174805,0,0
1596160181.6944199,2.702207565307617,0,0
1596160181.6944199,30.99778120321033,0.15719763132168174,0
1596160181.6994076,31.896857665002322,0.15719763132168174,0
1596160181.700786,32.143706725060916,0.15719763132168174,0
1596160181.700786,355.53661935168236,1.9538249236918008,0
1596160181.7094076,357.09105603533715,1.9538249236918008,0
1596160181.7194076,358.88925187426537,1.9538249236918008,0
1596160181.725583,360,1.9538249236918008,1
1596160181.725583,0,0,0
1596160181.735583,1.8019294738769531,0,0
1596160181.739662,2.534193992614746,0,0
1596160181.739662,29.14573795707506,0.1478419109136684,0
1596160181.745583,30.214201282575548,0.1478419109136684,0
1596160181.747297,30.52005894096178,0.1478419109136684,0
1596160181.747297,337.6388634475197,1.854057491505657,0
1596160181.755583,339.13278949579853,1.854057491505657,0
1596160181.765583,340.9327448638405,1.854057491505657,0
1596160181.775583,342.7308977874245,1.854057491505657,0
1596160181.785583,344.53338516077656,1.854057491505657,0
1596160181.795583,346.33334052881855,1.854057491505657,0
1596160181.805583,348.13183677515644,1.854057491505657,0
1596160181.815583,349.9305475982155,1.854057491505657,0
1596160181.825583,351.732391241404,1.854057491505657,0
1596160181.835583,353.53097331843037,1.854057491505657,0
1596160181.845583,355.3326453002419,1.854057491505657,0
1596160181.855583,357.13367355188984,1.854057491505657,0
1596160181.865583,358.9337147506203,1.854057491505657,0
1596160181.8715422,360,1.854057491505657,1
1596160181.8715422,0,0,0
1596160181.8815422,1.8010282516479492,0,0
1596160181.8861678,2.632598876953125,0,0
1596160181.8861678,30.230472353853642,0.15332151931611399,0
1596160181.8915422,31.19859960452503,0.15332151931611399,0
1596160181.892539,31.377299097933232,0.15332151931611399,0
1596160181.892539,347.0883728983848,1.9072719293186229,0
1596160181.9015422,348.7121178629844,1.9072719293186229,0
1596160181.9115422,350.510013294503,1.9072719293186229,0
1596160181.9215422,352.30902452497173,1.9072719293186229,0
1596160181.9315422,354.10932321576763,1.9072719293186229,0
1596160181.9415421,355.9098364832847,1.9072719293186229,0
1596160181.9515421,357.711465549752,1.9072719293186229,0
1596160181.9615421,359.51146383313824,1.9072719293186229,0
1596160181.964281,360,1.9072719293186229,1
1596160181.964281,0,0,0
1596160181.974281,1.8013286590576172,0,0
1596160181.9789238,2.6356887817382812,0,0
1596160181.9789238,30.264532919299825,0.15349357854200857,0
1596160181.984281,31.23017108000539,0.15349357854200857,0
1596160181.9852817,31.40895640410207,0.15349357854200857,0
1596160181.9852817,347.4373369680203,1.9092068038971097,0
1596160181.994281,349.0604811178006,1.9092068038971097,0
1596160182.004281,350.8601360784329,1.9092068038971097,0
1596160182.014281,352.65803150995146,1.9092068038971097,0
1596160182.024281,354.4581585393704,1.9092068038971097,0
1596160182.034281,356.25785641534696,1.9092068038971097,0
1596160182.044281,358.0593138204373,1.9092068038971097,0
1596160182.054281,359.85978417261015,1.9092068038971097,0
1596160182.0550764,360,1.9092068038971097,1
1596160182.0550764,0,0,0
1596160182.0650764,1.8016290664672852,0,0
1596160182.0704136,2.7607011795043945,0,0
1596160182.0704136,31.6425666296426,0.16045480805632337,0
1596160182.0750763,32.48263449310696,0.16045480805632337,0
1596160182.078035,33.01444143890774,0.16045480805632337,0
1596160182.078035,360.0,1.977041244506836,0
1596160182.0781078,360,1.977041244506836,1
1596160182.0781078,0,0,0
1596160182.0881078,1.8021011352539062,0,0
1596160182.0981078,3.6016273498535156,0,0
1596160182.1081078,5.401067733764648,0,0
1596160182.1094167,5.6356000900268555,0,0
1596160182.1094167,63.33308439684611,0.3205415794823292,0
1596160182.117046,64.70637541247112,0.3205415794823292,0
1596160182.117046,360.0,1.961061716079712,0
1596160182.1171172,360,1.961061716079712,1
1596160182.1171172,0,0,0
1596160182.1271172,1.8014144897460938,0,0
1596160182.1371171,3.602914810180664,0,0
1596160182.1471171,5.402956008911133,0,0
1596160182.1571171,7.201452255249023,0,0
1596160182.167117,9.001922607421875,0,0
1596160182.177117,10.800676345825195,0,0
1596160182.187117,12.600245475769043,0,0
1596160182.197117,14.401745796203613,0,0
1596160182.207117,16.2013578414917,0,0
1596160182.217117,18.000154495239258,0,0
1596160182.227117,19.803285598754883,0,0
1596160182.237117,21.601696014404297,0,0
1596160182.247117,23.401951789855957,0,0
1596160182.257117,25.201821327209473,0,0
1596160182.267117,27.00143337249756,0,0
1596160182.277117,28.800573348999023,0,0
1596160182.2821598,29.707674980163574,0,0
1596160182.2821598,328.6838117588367,1.6609785376592952,0
1596160182.287117,329.57915458568,1.6609785376592952,0
1596160182.2897882,330.0569311130848,1.6609785376592952,0
1596160182.2897882,360.0,1.8273289203643799,0
1596160182.2898602,360,1.8273289203643799,1
1596160182.2898602,0,0,0
1596160182.2998602,1.8005990982055664,0,0
1596160182.3098602,3.6021852493286133,0,0
1596160182.3198602,5.401625633239746,0,0
1596160182.3298602,7.2008514404296875,0,0
1596160182.3398602,9.000205993652344,0,0
1596160182.3498602,10.801277160644531,0,0
1596160182.3598602,12.602992057800293,0,0
1596160182.3698602,14.403204917907715,0,0
1596160182.3798602,16.20032787322998,0,0
1596160182.3898602,18.000197410583496,0,0
1596160182.3936636,18.684611320495605,0,0
1596160182.3936636,207.17463678327624,1.047166808126559,0
1596160182.3998601,208.29009241071765,1.047166808126559,0
1596160182.4000347,208.3214206120116,1.047166808126559,0
1596160182.4000347,360.0,1.8898255825042725,0
1596160182.4001064,360,1.8898255825042725,1
1596160182.4001064,0,0,0
1596160182.4101064,1.8018007278442383,0,0
1596160182.4201064,3.6022281646728516,0,0
1596160182.4301064,5.402483940124512,0,0
1596160182.4401064,7.201323509216309,0,0
1596160182.4501064,9.001750946044922,0,0
1596160182.4601064,10.802178382873535,0,0
1596160182.4701064,12.601919174194336,0,0
1596160182.4701588,12.609429359436035,0,0
1596160182.4701588,140.2068344820243,0.7088744729032682,0
1596160182.4765303,141.35370414144813,0.7088744729032682,0
1596160182.4765303,360.0,1.9235761165618896,0
1596160182.4766026,360,1.9235761165618896,1
1596160182.4766026,0,0,0
1596160182.4866025,1.8025732040405273,0,0
1596160182.4966025,3.6010265350341797,0,0
1596160182.5066025,5.401325225830078,0,0
1596160182.5166025,7.201709747314453,0,0
1596160182.5266025,9.000978469848633,0,0
1596160182.5366025,10.801105499267578,0,0
1596160182.5466025,12.601747512817383,0,0
1596160182.5566025,14.402518272399902,0,0
1596160182.5666025,16.202516555786133,0,0
1596160182.5766025,18.00337314605713,0,0
1596160182.5866024,19.800410270690918,0,0
1596160182.5966024,21.600022315979004,0,0
1596160182.6066024,23.40066432952881,0,0
1596160182.6166024,25.20237922668457,0,0
1596160182.6266024,27.001519203186035,0,0
1596160182.6366024,28.80194664001465,0,0
1596160182.6466024,30.601773262023926,0,0
1596160182.6566024,32.40039825439453,0,0
1596160182.6666024,34.20052528381348,0,0
1596160182.6766024,36.00322723388672,0,0
1596160182.6866024,37.80120849609375,0,0
1596160182.6966023,39.601378440856934,0,0
1596160182.6966522,39.60893154144287,0,0
1596160182.6966522,360.0,1.7799503803253174,0
1596160182.6967342,360,1.7799503803253174,1
1596160182.6967342,0,0,0
1596160182.7055237,1.5821170806884766,0,0
1596160182.7055237,18.65082622897523,0.0948261619349264,0
1596160182.7067342,18.870681537507945,0.0948261619349264,0
1596160182.7167342,20.671452297090465,0.0948261619349264,0
1596160182.7267342,22.47054935824769,0.0948261619349264,0
1596160182.7367342,24.270890964387828,0.0948261619349264,0
1596160182.7467341,26.07084633242982,0.0948261619349264,0
1596160182.7567341,27.86938549411195,0.0948261619349264,0
1596160182.7667341,29.669212116121226,0.0948261619349264,0
1596160182.776734,31.46886707675355,0.0948261619349264,0
1596160182.786734,33.26938034427064,0.0948261619349264,0
1596160182.796734,35.071653140901496,0.0948261619349264,0
1596160182.806734,36.868690265535285,0.0948261619349264,0
1596160182.816734,38.66933227908509,0.0948261619349264,0
1596160182.826734,40.46881557834046,0.0948261619349264,0
1596160182.836734,42.2715175284137,0.0948261619349264,0
1596160182.846734,44.07009960544007,0.0948261619349264,0
1596160182.850649,44.773396266817024,0.0948261619349264,0
1596160182.850649,360.0,1.8460850715637207,0
1596160182.8507223,360,1.8460850715637207,1
1596160182.8507223,0,0,0
1596160182.8607223,1.8033027648925781,0,0
1596160182.864538,2.4868154525756836,0,0
1596160182.864538,28.623475953567194,0.14520366944995283,0
1596160182.8707223,29.737644120681452,0.14520366944995283,0
1596160182.872162,29.995822831618952,0.14520366944995283,0
1596160182.872162,331.8601163491327,1.8222275223250293,0
1596160182.8807223,333.40253673640075,1.8222275223250293,0
1596160182.8907223,335.2042516335565,1.8222275223250293,0
1596160182.9007223,337.00111709681335,1.8222275223250293,0
1596160182.9107223,338.8020595177728,1.8222275223250293,0
1596160182.9207222,340.60261570063415,1.8222275223250293,0
1596160182.9307222,342.40424476710143,1.8222275223250293,0
1596160182.9407222,344.20196853724303,1.8222275223250293,0
1596160182.9507222,346.0042413338739,1.8222275223250293,0
1596160182.9607222,347.80170761195006,1.8222275223250293,0
1596160182.9707222,349.60380874720397,1.8222275223250293,0
1596160182.9807222,351.40384994593444,1.8222275223250293,0
1596160182.9907222,353.2012733086664,1.8222275223250293,0
1596160183.0007222,355.00221572962585,1.8222275223250293,0
1596160183.0107222,356.80139862147155,1.8222275223250293,0
1596160183.0207222,358.60324226466,1.8222275223250293,0
1596160183.0284977,360,1.8222275223250293,1
1596160183.0284977,0,0,0
1596160183.0384977,1.8002128601074219,0,0
1596160183.0422754,2.479991912841797,0,0
1596160183.0422754,28.548258871540266,0.14482370532610261,0
1596160183.0484977,29.669078917011458,0.14482370532610261,0
1596160183.0486572,29.69697389076634,0.14482370532610261,0
1596160183.0486572,328.565851762946,1.8052063601715451,0
1596160183.0584977,330.33915670221603,1.8052063601715451,0
1596160183.0684977,332.1400991231755,1.8052063601715451,0
1596160183.0784976,333.9404836446599,1.8052063601715451,0
1596160183.0884976,335.73794992273605,1.8052063601715451,0
1596160183.0984976,337.5376477987126,1.8052063601715451,0
1596160183.1084976,339.3376031667546,1.8052063601715451,0
1596160183.1184976,341.1371293813542,1.8052063601715451,0
1596160183.1284976,342.93983133142746,1.8052063601715451,0
1596160183.1384976,344.74000127619064,1.8052063601715451,0
1596160183.1484976,346.539484575446,1.8052063601715451,0
1596160183.1584976,348.33892495935714,1.8052063601715451,0
1596160183.1684976,350.1382795125798,1.8052063601715451,0
1596160183.1784976,351.9392648488835,1.8052063601715451,0
1596160183.1884975,353.7394347936467,1.8052063601715451,0
1596160183.1984975,355.53831727808273,1.8052063601715451,0
1596160183.2084975,357.34033258264816,1.8052063601715451,0
1596160183.2184975,359.1391292363957,1.8052063601715451,0
1596160183.2233033,360,1.8052063601715451,1
1596160183.2233033,0,0,0
1596160183.2333033,1.800856590270996,0,0
1596160183.2375329,2.56131649017334,0,0
1596160183.2375329,29.444714031546983,0.1493522085631869,0
1596160183.2389054,29.69177766832677,0.1493522085631869,0
1596160183.2389054,328.50857288648183,1.809445515330715,0
1596160183.2433033,329.3013480405956,1.809445515330715,0
1596160183.2533033,331.1002734403759,1.809445515330715,0
1596160183.2633033,332.9025033216625,1.809445515330715,0
1596160183.2733033,334.70331699658925,1.809445515330715,0
1596160183.2833033,336.5035298566967,1.809445515330715,0
1596160183.2933033,338.30056698133046,1.809445515330715,0
1596160183.3033032,340.1016810636669,1.809445515330715,0
1596160183.3133032,341.90228016187245,1.809445515330715,0
1596160183.3233032,343.70236427594716,1.809445515330715,0
1596160183.3333032,345.5012467603832,1.809445515330715,0
1596160183.3433032,347.30017216016347,1.809445515330715,0
1596160183.3533032,349.1033032636791,1.809445515330715,0
1596160183.3633032,350.9033873777538,1.809445515330715,0
1596160183.3733032,352.70038158704335,1.809445515330715,0
1596160183.3833032,354.5013240080028,1.809445515330715,0
1596160183.3933032,356.30278141309316,1.809445515330715,0
1596160183.4033031,358.10024769116933,1.809445515330715,0
1596160183.4133031,359.90179092694814,1.809445515330715,0
1596160183.4138668,360,1.809445515330715,1
1596160183.4138668,0,0,0
1596160183.4238667,1.8007278442382812,0,0
1596160183.4277809,2.5045394897460938,0,0
1596160183.4277809,28.818851141473687,0.1461906202873755,0
1596160183.4291553,29.066258101007378,0.1461906202873755,0
1596160183.4291553,321.6133603663777,1.771452299539433,0
1596160183.4338667,322.4620971293782,1.771452299539433,0
1596160183.4438667,324.2621812434529,1.771452299539433,0
1596160183.4538667,326.06419654801834,1.771452299539433,0
1596160183.4638667,327.8647527308797,1.771452299539433,0
1596160183.4738667,329.6629485698079,1.771452299539433,0
1596160183.4838667,331.4628181071614,1.771452299539433,0
1596160183.4938667,333.26393218949784,1.771452299539433,0
1596160183.5038667,335.06255718186844,1.771452299539433,0
1596160183.5138667,336.8623838038777,1.771452299539433,0
1596160183.5238667,338.6616525264119,1.771452299539433,0
1596160183.5338666,340.46310993150223,1.771452299539433,0
1596160183.5438666,342.26340862229813,1.771452299539433,0
1596160183.5538666,344.0619906993245,1.771452299539433,0
1596160183.5638666,345.8636197657918,1.771452299539433,0
1596160183.5738666,347.663618049178,1.771452299539433,0
1596160183.5838666,349.4634446711873,1.771452299539433,0
1596160183.5938666,351.2618550868367,1.771452299539433,0
1596160183.6038666,353.06387039140213,1.771452299539433,0
1596160183.6138666,354.86331077531327,1.771452299539433,0
1596160183.6238666,356.66326614335526,1.771452299539433,0
1596160183.6338665,358.4626206965779,1.771452299539433,0
1596160183.642428,360,1.771452299539433,1
1596160183.642428,0,0,0
1596160183.652428,1.8015432357788086,0,0
1596160183.6567771,2.582859992980957,0,0
1596160183.6567771,29.68219186285219,0.15055184372150685,0
1596160183.662428,30.70061589697084,0.15055184372150685,0
1596160183.6693883,31.952198996336076,0.15055184372150685,0
1596160183.6693883,353.42559587969265,1.9365151597401544,0
1596160183.672428,353.97302401079617,1.9365151597401544,0
1596160183.682428,355.7735801936575,1.9365151597401544,0
1596160183.6924279,357.57392179979763,1.9365151597401544,0
1596160183.7024279,359.37593710436306,1.9365151597401544,0
1596160183.7059202,360,1.9365151597401544,1
1596160183.7059202,0,0,0
1596160183.7159202,1.8013286590576172,0,0
1596160183.7207718,2.6732826232910156,0,0
1596160183.7207718,30.67893646556149,0.15558696579039152,0
1596160183.7259202,31.607152446091273,0.15558696579039152,0
1596160183.7296343,32.27418564158688,0.15558696579039152,0
1596160183.7296343,356.97491146250337,1.9594798870177053,0
1596160183.7359202,358.10650325937837,1.9594798870177053,0
1596160183.7459202,359.9074885956821,1.9594798870177053,0
1596160183.7464437,360,1.9594798870177053,1
1596160183.7464437,0,0,0
1596160183.7564437,1.8011999130249023,0,0
1596160183.7597663,2.398066520690918,0,0
1596160183.7597663,27.645180823807884,0.1402617461284276,0
1596160183.7664437,28.847711684708763,0.1402617461284276,0
1596160183.7674024,29.019673469071556,0.1402617461284276,0
1596160183.7674024,321.0998497519215,1.7629293921442606,0
1596160183.7764437,322.72732835146985,1.7629293921442606,0
1596160183.7864437,324.5278845343312,1.7629293921442606,0
1596160183.7964437,326.3275394949635,1.7629293921442606,0
1596160183.8064437,328.128481915923,1.7629293921442606,0
1596160183.8164437,329.9275789770802,1.7629293921442606,0
1596160183.8264437,331.7301092657765,1.7629293921442606,0
1596160183.8364437,333.527275136443,1.7629293921442606,0
1596160183.8464437,335.3288183722218,1.7629293921442606,0
1596160183.8564436,337.13018994662366,1.7629293921442606,0
1596160183.8664436,338.9275274786671,1.7629293921442606,0
1596160183.8764436,340.7288132223805,1.7629293921442606,0
1596160183.8864436,342.5293694052418,1.7629293921442606,0
1596160183.8964436,344.3276510748585,1.7629293921442606,0
1596160183.9064436,346.1288509878834,1.7629293921442606,0
1596160183.9164436,347.92747598025403,1.7629293921442606,0
1596160183.9264436,349.72871880862317,1.7629293921442606,0
1596160183.9364436,351.5289316687306,1.7629293921442606,0
1596160183.9464436,353.3294878515919,1.7629293921442606,0
1596160183.9564435,355.1303015265187,1.7629293921442606,0
1596160183.9664435,356.9302998099049,1.7629293921442606,0
1596160183.9764435,358.7300406012257,1.7629293921442606,0
1596160183.9835215,360,1.7629293921442606,1
1596160183.9835215,0,0,0
1596160183.9935215,1.802229881286621,0,0
1596160184.0035214,3.6022281646728516,0,0
1596160184.0050108,3.868088722229004,0,0
1596160184.0050108,43.8494948348213,0.22211892284773496,0
1596160184.0135214,45.38457669822461,0.22211892284773496,0
1596160184.0235214,47.182815452497074,0.22211892284773496,0
1596160184.0335214,48.98362912742383,0.22211892284773496,0
1596160184.0435214,50.7842282256294,0.22211892284773496,0
1596160184.0535214,52.58178033439405,0.22211892284773496,0
1596160184.0635214,54.38177861778028,0.22211892284773496,0
1596160184.0735214,56.18216313926465,0.22211892284773496,0
1596160184.0835214,57.98156060783155,0.22211892284773496,0
1596160184.0935214,59.781902213971684,0.22211892284773496,0
1596160184.1035213,61.58168592063672,0.22211892284773496,0
1596160184.1135213,63.38249959556348,0.22211892284773496,0
1596160184.1235213,65.18236913291699,0.22211892284773496,0
1596160184.1335213,66.98180951682812,0.22211892284773496,0
1596160184.1435213,68.78227986900097,0.22211892284773496,0
1596160184.1535213,70.58352269737011,0.22211892284773496,0
1596160184.1635213,72.38270558921582,0.22211892284773496,0
1596160184.1735213,74.18218888847119,0.22211892284773496,0
1596160184.1835213,75.9840754470039,0.22211892284773496,0
1596160184.1935213,77.78149880973584,0.22211892284773496,0
1596160184.2035213,79.58244123069531,0.22211892284773496,0
1596160184.2135212,81.38428487388379,0.22211892284773496,0
1596160184.2235212,83.18222322074658,0.22211892284773496,0
1596160184.2335212,84.98432435600049,0.22211892284773496,0
1596160184.2435212,86.78445138541943,0.22211892284773496,0
1596160184.2535212,88.58299054710156,0.22211892284773496,0
1596160184.2635212,90.38152970878369,0.22211892284773496,0
1596160184.2735212,92.18466081229931,0.22211892284773496,0
1596160184.2835212,93.9828137358833,0.22211892284773496,0
1596160184.2935212,95.78281201926953,0.22211892284773496,0
1596160184.3035212,97.58208074180371,0.22211892284773496,0
1596160184.3135211,99.38345231620556,0.22211892284773496,0
1596160184.3235211,101.18370809165722,0.22211892284773496,0
1596160184.3335211,102.98404969779736,0.22211892284773496,0
1596160184.343521,104.78460588065869,0.22211892284773496,0
1596160184.353521,106.58344544975049,0.22211892284773496,0
1596160184.363521,108.3821991881538,0.22211892284773496,0
1596160184.373521,110.18318452445752,0.22211892284773496,0
1596160184.383521,111.9822386702705,0.22211892284773496,0
1596160184.393521,113.78142156211621,0.22211892284773496,0
1596160184.403521,115.5839518508125,0.22211892284773496,0
1596160184.413521,117.38442220298535,0.22211892284773496,0
1596160184.423521,119.18244638053662,0.22211892284773496,0
1596160184.433521,120.9822730025459,0.22211892284773496,0
1596160184.443521,122.78445996848828,0.22211892284773496,0
1596160184.453521,124.58291329948193,0.22211892284773496,0
1596160184.463521,126.38458528129345,0.22211892284773496,0
1596160184.473521,128.1820086440254,0.22211892284773496,0
1596160184.483521,129.98204984275586,0.22211892284773496,0
1596160184.493521,131.7838505706001,0.22211892284773496,0
1596160184.503521,133.58230390159375,0.22211892284773496,0
1596160184.513521,135.38341798393017,0.22211892284773496,0
1596160184.523521,137.18423165885693,0.22211892284773496,0
1596160184.533521,138.98345746604687,0.22211892284773496,0
1596160184.543521,140.78195371238476,0.22211892284773496,0
1596160184.553521,142.58414067832715,0.22211892284773496,0
1596160184.563521,144.38340940086132,0.22211892284773496,0
1596160184.573521,146.18319310752636,0.22211892284773496,0
1596160184.583521,147.9824189147163,0.22211892284773496,0
1596160184.5935209,149.78331842033154,0.22211892284773496,0
1596160184.6035209,151.58353128043896,0.22211892284773496,0
1596160184.6135209,153.38434495536572,0.22211892284773496,0
1596160184.6235209,155.18357076255566,0.22211892284773496,0
1596160184.6335208,156.98253907768017,0.22211892284773496,0
1596160184.6435208,158.78391065208203,0.22211892284773496,0
1596160184.6535208,160.5845097502876,0.22211892284773496,0
1596160184.6635208,162.38184728233105,0.22211892284773496,0
1596160184.6735208,164.1823176345039,0.22211892284773496,0
1596160184.6835208,165.98162927238232,0.22211892284773496,0
1596160184.6935208,167.7814558943916,0.22211892284773496,0
1596160184.7035208,169.58158292381054,0.22211892284773496,0
1596160184.7135208,171.38265409080273,0.22211892284773496,0
1596160184.7235208,173.1813649138618,0.22211892284773496,0
1596160184.7335207,174.98226441947705,0.22211892284773496,0
1596160184.7435207,176.78179063407666,0.22211892284773496,0
1596160184.7535207,178.5824755629707,0.22211892284773496,0
1596160184.7635207,180.3838900527168,0.22211892284773496,0
1596160184.7735207,182.1812705001045,0.22211892284773496,0
1596160184.7835207,183.98234166709668,0.22211892284773496,0
1596160184.7935207,185.78139581290966,0.22211892284773496,0
1596160184.8035207,187.58456983176953,0.22211892284773496,0
1596160184.8135207,189.3843964537788,0.22211892284773496,0
1596160184.8235207,191.18315019218213,0.22211892284773496,0
1596160184.8335207,192.9824189147163,0.22211892284773496,0
1596160184.8435206,194.78130139915234,0.22211892284773496,0
1596160184.8535206,196.58353128043896,0.22211892284773496,0
1596160184.8635206,198.38305749503857,0.22211892284773496,0
1596160184.8735206,200.18185414878613,0.22211892284773496,0
1596160184.8835206,201.9824532469917,0.22211892284773496,0
1596160184.8935206,203.78283776847607,0.22211892284773496,0
1596160184.9035206,205.58210649101025,0.22211892284773496,0
1596160184.9135206,207.38455094901806,0.22211892284773496,0
1596160184.9235206,209.18214597312695,0.22211892284773496,0
1596160184.9335206,210.98231591789013,0.22211892284773496,0
1596160184.9435205,212.78295793143994,0.22211892284773496,0
1596160184.9535205,214.58325662223584,0.22211892284773496,0
1596160184.9635205,216.38132371513134,0.22211892284773496,0
1596160184.9735205,218.18149365989453,0.22211892284773496,0
1596160184.9835205,219.98453893272168,0.22211892284773496,0
1596160184.9935205,221.78131856529004,0.22211892284773496,0
1596160185.0035205,223.58234681693799,0.22211892284773496,0
1596160185.0135205,225.38213052360302,0.22211892284773496,0
1596160185.0235205,227.18225755302197,0.22211892284773496,0
1596160185.0335205,228.98380078880078,0.22211892284773496,0
1596160185.0435205,230.78195371238476,0.22211892284773496,0
1596160185.0535204,232.58405484763867,0.22211892284773496,0
1596160185.0635204,234.38435353843457,0.22211892284773496,0
1596160185.0735204,236.18370809165722,0.22211892284773496,0
1596160185.0835204,237.98194684592968,0.22211892284773496,0
1596160185.0935204,239.7843913039375,0.22211892284773496,0
1596160185.1035204,241.58383168784863,0.22211892284773496,0
1596160185.1135204,243.3829716643501,0.22211892284773496,0
1596160185.1235204,245.1822833022285,0.22211892284773496,0
1596160185.1335204,246.9826678237129,0.22211892284773496,0
1596160185.1435204,248.78279485313183,0.22211892284773496,0
1596160185.1535203,250.58197774497754,0.22211892284773496,0
1596160185.1635203,252.38343515006787,0.22211892284773496,0
1596160185.1735203,254.1836480101753,0.22211892284773496,0
1596160185.1835203,255.98343171684033,0.22211892284773496,0
1596160185.1935203,257.7820996245552,0.22211892284773496,0
1596160185.2035203,259.58381452171096,0.22211892284773496,0
1596160185.2135203,261.3845852812935,0.22211892284773496,0
1596160185.2235203,263.1820944747139,0.22211892284773496,0
1596160185.2335203,264.98415269462356,0.22211892284773496,0
1596160185.2435203,266.7838076552559,0.22211892284773496,0
1596160185.2535203,268.58183183280715,0.22211892284773496,0
1596160185.2635202,270.3818730315376,0.22211892284773496,0
1596160185.2735202,272.1829012831856,0.22211892284773496,0
1596160185.2835202,273.98148336021194,0.22211892284773496,0
1596160185.2935202,275.78392781821975,0.22211892284773496,0
1596160185.3035202,277.5829390486885,0.22211892284773496,0
1596160185.3135202,279.38431062309036,0.22211892284773496,0
1596160185.3235202,281.1831072768379,0.22211892284773496,0
1596160185.3335202,282.98379220573196,0.22211892284773496,0
1596160185.3435202,284.78228845206985,0.22211892284773496,0
1596160185.3535202,286.5829733809639,0.22211892284773496,0
1596160185.3635201,288.3828429183174,0.22211892284773496,0
1596160185.3735201,290.183270355146,0.22211892284773496,0
1596160185.3835201,291.9815520247627,0.22211892284773496,0
1596160185.39352,293.78378190604934,0.22211892284773496,0
1596160185.40352,295.58227815238723,0.22211892284773496,0
1596160185.41352,297.38206185905227,0.22211892284773496,0
1596160185.42352,299.1812876662422,0.22211892284773496,0
1596160185.43352,300.9835604628731,0.22211892284773496,0
1596160185.44352,302.7826575240303,0.22211892284773496,0
1596160185.45352,304.58347119895706,0.22211892284773496,0
1596160185.46352,306.383598228376,0.22211892284773496,0
1596160185.47352,308.1825665435005,0.22211892284773496,0
1596160185.48352,309.98144902793655,0.22211892284773496,0
1596160185.49352,311.78187646476516,0.22211892284773496,0
1596160185.50352,313.5833338698555,0.22211892284773496,0
1596160185.51352,315.38449086753616,0.22211892284773496,0
1596160185.52352,317.181356330793,0.22211892284773496,0
1596160185.53352,318.98259915916213,0.22211892284773496,0
1596160185.54352,320.78302659599075,0.22211892284773496,0
1596160185.55352,322.5834969481636,0.22211892284773496,0
1596160185.56352,324.382808586042,0.22211892284773496,0
1596160185.57352,326.1828497847725,0.22211892284773496,0
1596160185.58352,327.982719322126,0.22211892284773496,0
1596160185.59352,329.7837046584297,0.22211892284773496,0
1596160185.60352,331.58224382011184,0.22211892284773496,0
1596160185.61352,333.3815983733345,0.22211892284773496,0
1596160185.62352,335.18339910117874,0.22211892284773496,0
1596160185.63352,336.9817666014839,0.22211892284773496,0
1596160185.6435199,338.78343858329544,0.22211892284773496,0
1596160185.6535199,340.5842522582222,0.22211892284773496,0
1596160185.6635199,342.3833064040352,0.22211892284773496,0
1596160185.6735198,344.183948417585,0.22211892284773496,0
1596160185.6835198,345.98162927238235,0.22211892284773496,0
1596160185.6935198,347.7825287779976,0.22211892284773496,0
1596160185.7035198,349.5820549925972,0.22211892284773496,0
1596160185.7135198,351.3836840590645,0.22211892284773496,0
1596160185.7235198,353.1839827498604,0.22211892284773496,0
1596160185.7335198,354.9812773665596,0.22211892284773496,0
1596160185.7435198,356.78342141715774,0.22211892284773496,0
1596160185.7535198,358.5815743407417,0.22211892284773496,0
1596160185.7614117,360,0.22211892284773496,1
1596160185.7614117,0,0,0
1596160185.7714117,1.802358627319336,0,0
1596160185.77512,2.467503547668457,0,0
1596160185.77512,28.410597419528667,0.14412829928811227,0
1596160185.7764902,28.65723190286607,0.14412829928811227,0
1596160185.7764902,317.1045924399628,1.7466136356053164,0
1596160185.7814116,317.9915667746796,1.7466136356053164,0
1596160185.7914116,319.792680857016,1.7466136356053164,0
1596160185.8014116,321.5920783255829,1.7466136356053164,0
1596160185.8114116,323.39074623329776,1.7466136356053164,0
1596160185.8214116,325.1910878394379,1.7466136356053164,0
1596160185.8314116,326.9931889746918,1.7466136356053164,0
1596160185.8414116,328.7927151892914,1.7466136356053164,0
1596160185.8514116,330.5912114356293,1.7466136356053164,0
1596160185.8614116,332.39348423226016,1.7466136356053164,0
1596160185.8714116,334.19275295479434,1.7466136356053164,0
1596160185.8814116,335.99360954506534,1.7466136356053164,0
1596160185.8914115,337.7910758231415,1.7466136356053164,0
1596160185.9014115,339.5916749213471,1.7466136356053164,0
1596160185.9114115,341.39094364388126,1.7466136356053164,0
1596160185.9214115,343.1917144034638,1.7466136356053164,0
1596160185.9314115,344.99141227944034,1.7466136356053164,0
1596160185.9414115,346.7922259543671,1.7466136356053164,0
1596160185.9514115,348.5920954917206,1.7466136356053164,0
1596160185.9614115,350.39355289681095,1.7466136356053164,0
1596160185.9714115,352.19295036537784,1.7466136356053164,0
1596160185.9814115,353.99136078102725,1.7466136356053164,0
1596160185.9914114,355.7937623236908,1.7466136356053164,0
1596160186.0014114,357.5910998557343,1.7466136356053164,0
1596160186.0114114,359.3930722449555,1.7466136356053164,0
1596160186.0147996,360,1.7466136356053164,1
1596160186.0147996,0,0,0
1596160186.0247996,1.802530288696289,0,0
1596160186.0303693,2.8025436401367188,0,0
1596160186.0303693,32.103803453392764,0.16278477674031136,0
1596160186.0317428,32.3510387515495,0.16278477674031136,0
1596160186.0317428,357.8220768490219,1.970957210615158,0
1596160186.0347996,358.3725948849106,1.970957210615158,0
1596160186.0438507,360,1.970957210615158,1
1596160186.0438507,0,0,0
1596160186.0538507,1.802058219909668,0,0
1596160186.0638506,3.602914810180664,0,0
1596160186.0738506,5.401883125305176,0,0
1596160186.0838506,7.203340530395508,0,0
1596160186.0938506,9.001150131225586,0,0
1596160186.1038506,10.802779197692871,0,0
1596160186.1138506,12.602391242980957,0,0
1596160186.1238506,14.401617050170898,0,0
1596160186.1338506,16.20182991027832,0,0
1596160186.1438506,18.00182819366455,0,0
1596160186.1538506,19.802169799804688,0,0
1596160186.1638505,21.60212516784668,0,0
1596160186.1738505,23.40285301208496,0,0
1596160186.1838505,25.200963020324707,0,0
1596160186.1938505,27.002248764038086,0,0
1596160186.2038505,28.801732063293457,0,0
1596160186.2138505,30.60091495513916,0,0
1596160186.2238505,32.402329444885254,0,0
1596160186.2338505,34.20267105102539,0,0
1596160186.2438505,36.00292682647705,0,0
1596160186.2538505,37.803096771240234,0,0
1596160186.2638505,39.60069179534912,0,0
1596160186.2738504,41.402835845947266,0,0
1596160186.2838504,43.20103168487549,0,0
1596160186.2938504,45.00098705291748,0,0
1596160186.3038504,46.79999828338623,0,0
1596160186.3138504,48.60300064086914,0,0
1596160186.3238504,50.402398109436035,0,0
1596160186.3338504,52.20183849334717,0,0
1596160186.3438504,54.000163078308105,0,0
1596160186.3538504,55.80084800720215,0,0
1596160186.3638504,57.600202560424805,0,0
1596160186.3738503,59.400458335876465,0,0
1596160186.3838503,61.20127201080322,0,0
1596160186.3938503,63.001742362976074,0,0
1596160186.4038503,64.80066776275635,0,0
1596160186.4138503,66.60212516784668,0,0
1596160186.4238503,68.4019947052002,0,0
1596160186.4338503,70.20370960235596,0,0
1596160186.4438503,72.00297832489014,0,0
1596160186.4538503,73.80143165588379,0,0
1596160186.4638503,75.60284614562988,0,0
1596160186.4738503,77.40194320678711,0,0
1596160186.4838502,79.20215606689453,0,0
1596160186.4938502,81.00005149841309,0,0
1596160186.5038502,82.80309677124023,0,0
1596160186.5138502,84.60163593292236,0,0
1596160186.5238502,86.40266418457031,0,0
1596160186.5338502,88.2013750076294,0,0
1596160186.5438502,90.00326156616211,0,0
1596160186.5538502,91.80004119873047,0,0
1596160186.5638502,93.6029577255249,0,0
1596160186.5738502,95.40304183959961,0,0
1596160186.5838501,97.20175266265869,0,0
1596160186.5938501,99.00084972381592,0,0
1596160186.6038501,100.80260753631592,0,0
1596160186.61385,102.60140419006348,0,0
1596160186.62385,104.40264701843262,0,0
1596160186.63385,106.20260238647461,0,0
1596160186.64385,108.00290107727051,0,0
1596160186.65385,109.80113983154297,0,0
1596160186.66385,111.60075187683105,0,0
1596160186.67385,113.40238094329834,0,0
1596160186.68385,115.20134925842285,0,0
1596160186.69385,117.00259208679199,0,0
1596160186.7006302,118.22031497955322,0,0
1596160186.7006302,360.0,1.3432204723358154,0
1596160186.7008004,360,1.3432204723358154,1
1596160186.7008004,0,0,0
1596160186.7069793,1.1121940612792969,0,0
1596160186.7069793,13.470781900704173,0.0686588213301382,0
1596160186.7108004,14.161676027596263,0.0686588213301382,0
1596160186.7208004,15.95875606757429,0.0686588213301382,0
1596160186.7308004,17.759011843025952,0.0686588213301382,0
1596160186.7408004,19.560941316902905,0.0686588213301382,0
1596160186.7508004,21.358965494454175,0.0686588213301382,0
1596160186.7608004,23.160251238167554,0.0686588213301382,0
1596160186.7708004,24.960721590340405,0.0686588213301382,0
1596160186.7808003,26.76110611182478,0.0686588213301382,0
1596160186.7908003,28.560803987801343,0.0686588213301382,0
1596160186.794613,29.244831659615308,0.0686588213301382,0
1596160186.794613,323.5818081998317,1.7038642465535627,0
1596160186.8008003,324.6959334516017,1.7038642465535627,0
1596160186.8009772,324.7273903989284,1.7038642465535627,0
1596160186.8009772,360.0,1.8998231887817383,0
1596160186.8010504,360,1.8998231887817383,1
1596160186.8010504,0,0,0
1596160186.8110504,1.8015003204345703,0,0
1596160186.8210504,3.6032581329345703,0,0
1596160186.8310504,5.400724411010742,0,0
1596160186.8410504,7.201666831970215,0,0
1596160186.8510504,9.000978469848633,0,0
1596160186.8610504,10.800848007202148,0,0
1596160186.8710504,12.602348327636719,0,0
1596160186.8810503,14.40256118774414,0,0
1596160186.8910503,16.202774047851562,0,0
1596160186.9010503,18.00234317779541,0,0
1596160186.9110503,19.802684783935547,0,0
1596160186.9210503,21.601996421813965,0,0
1596160186.9310503,23.40135097503662,0,0
1596160186.9410503,25.201478004455566,0,0
1596160186.9510503,27.00314998626709,0,0
1596160186.9610503,28.801817893981934,0,0
1596160186.9648619,29.48606014251709,0,0
1596160186.9648619,326.2409123148925,1.6486380676243078,0
1596160186.9710503,327.3563250269897,1.6486380676243078,0
1596160186.9712334,327.38778197431634,1.6486380676243078,0
1596160186.9712334,360.0,1.8298170566558838,0
1596160186.9713066,360,1.8298170566558838,1
1596160186.9713066,0,0,0
1596160186.9813066,1.8017148971557617,0,0
1596160186.9913065,3.6010265350341797,0,0
1596160187.0013065,5.400681495666504,0,0
1596160187.0113065,7.201495170593262,0,0
1596160187.0213065,9.00029182434082,0,0
1596160187.0313065,10.802221298217773,0,0
1596160187.0413065,12.60282039642334,0,0
1596160187.0513065,14.400372505187988,0,0
1596160187.0613065,16.200971603393555,0,0
1596160187.0713065,18.001227378845215,0,0
1596160187.0813065,19.799981117248535,0,0
1596160187.0913064,21.603069305419922,0,0
1596160187.1013064,23.403196334838867,0,0
1596160187.1113064,25.20315170288086,0,0
1596160187.1213064,27.000102996826172,0,0
1596160187.1313064,28.801088333129883,0,0
1596160187.1413064,30.600013732910156,0,0
1596160187.1513064,32.40061283111572,0,0
1596160187.1613064,34.20297145843506,0,0
1596160187.165104,34.88352298736572,0,0
1596160187.165104,360.0,1.8062026500701904,0
1596160187.1651807,360,1.8062026500701904,1
1596160187.1651807,0,0,0
1596160187.1739767,1.5832757949829102,0,0
1596160187.1739767,18.66359894101754,0.09489068414463683,0
1596160187.1751807,18.880621836830528,0.09489068414463683,0
1596160187.1851807,20.68160717313424,0.09489068414463683,0
1596160187.1951807,22.483193324257286,0.09489068414463683,0
1596160187.2051806,24.283191607643516,0.09489068414463683,0
1596160187.2151806,26.08237449948922,0.09489068414463683,0
1596160187.2251806,27.882286952186973,0.09489068414463683,0
1596160187.2351806,29.68189899747506,0.09489068414463683,0
1596160187.2451806,31.48138229673043,0.09489068414463683,0
1596160187.2551806,33.28056518857613,0.09489068414463683,0
1596160187.2651806,35.08133594815865,0.09489068414463683,0
1596160187.2751806,36.88163463895455,0.09489068414463683,0
1596160187.2851806,38.68270580594674,0.09489068414463683,0
1596160187.2951806,40.481845782448204,0.09489068414463683,0
1596160187.3051805,42.2827023727192,0.09489068414463683,0
1596160187.3151805,44.082829402138145,0.09489068414463683,0
1596160187.3251805,45.8809394103779,0.09489068414463683,0
1596160187.3351805,47.68316929166452,0.09489068414463683,0
1596160187.3451805,49.48059265439645,0.09489068414463683,0
1596160187.3551805,51.2821788055195,0.09489068414463683,0
1596160187.3651805,53.08294956510202,0.09489068414463683,0
1596160187.374108,54.68725387876169,0.09489068414463683,0
1596160187.374108,360.0,1.7910726070404053,0
1596160187.3742018,360,1.7910726070404053,1
1596160187.3742018,0,0,0
1596160187.3817172,1.3527774810791016,0,0
1596160187.3817172,16.122775371415358,0.08205554383520142,0
1596160187.3842018,16.571069057328444,0.08205554383520142,0
1596160187.3942018,18.370123203141432,0.08205554383520142,0
1596160187.4042017,20.17291098390315,0.08205554383520142,0
1596160187.4142017,21.97316675935481,0.08205554383520142,0
1596160187.4242017,23.770804698807936,0.08205554383520142,0
1596160187.4268491,24.246521289689284,0.08205554383520142,0
1596160187.4268491,268.48455138694686,1.4389334888199659,0
1596160187.4342017,269.8110217620079,1.4389334888199659,0
1596160187.4344692,269.85616870414657,1.4389334888199659,0
1596160187.4344692,360.0,1.939732551574707,0
1596160187.4345446,360,1.939732551574707,1
1596160187.4345446,0,0,0
1596160187.4445446,1.8018865585327148,0,0
1596160187.4545445,3.600296974182129,0,0
1596160187.4645445,5.401968955993652,0,0
1596160187.4745445,7.201495170593262,0,0
1596160187.4845445,9.001708030700684,0,0
1596160187.4945445,10.801534652709961,0,0
1596160187.5045445,12.602691650390625,0,0
1596160187.5145445,14.401659965515137,0,0
1596160187.5245445,16.202216148376465,0,0
1596160187.5345445,18.000755310058594,0,0
1596160187.5445445,19.801912307739258,0,0
1596160187.5545444,21.601309776306152,0,0
1596160187.5645444,23.402209281921387,0,0
1596160187.5745444,25.20267963409424,0,0
1596160187.5845444,27.001004219055176,0,0
1596160187.5945444,28.801732063293457,0,0
1596160187.6045444,30.601301193237305,0,0
1596160187.6096056,31.510977745056152,0,0
1596160187.6096056,348.56193620394635,1.7613942136605012,0
1596160187.6145444,349.45315915774273,1.7613942136605012,0
1596160187.6172192,349.9323948068516,1.7613942136605012,0
1596160187.6172192,360.0,1.8173253536224365,0
1596160187.617292,360,1.8173253536224365,1
1596160187.617292,0,0,0
1596160187.627292,1.8019723892211914,0,0
1596160187.6311014,2.4856996536254883,0,0
1596160187.6311014,28.611176304933842,0.14514153695171308,0
1596160187.637292,29.728906445619877,0.14514153695171308,0
1596160187.647292,31.528475575563725,0.14514153695171308,0
1596160187.657292,33.32843094360572,0.14514153695171308,0
1596160187.6672919,35.12757092010718,0.14514153695171308,0
1596160187.6772919,36.92593842041236,0.14514153695171308,0
1596160187.6872919,38.72546463501197,0.14514153695171308,0
1596160187.6972919,40.528295331117924,0.14514153695171308,0
1596160187.7072918,42.32782154571753,0.14514153695171308,0
1596160187.7172918,44.12683277618628,0.14514153695171308,0
1596160187.7272918,45.9264877368186,0.14514153695171308,0
1596160187.7372918,47.72571354400854,0.14514153695171308,0
1596160187.7472918,49.52824383270483,0.14514153695171308,0
1596160187.7572918,51.32678299438696,0.14514153695171308,0
1596160187.7672918,53.127639584657956,0.14514153695171308,0
1596160187.7772918,54.925964169618894,0.14514153695171308,0
1596160187.7872918,56.72849445831518,0.14514153695171308,0
1596160187.7962306,58.334429555055905,0.14514153695171308,0
1596160187.7962306,360.0,1.821061372756958,0
1596160187.7963102,360,1.821061372756958,1
1596160187.7963102,0,0,0
1596160187.8063102,1.8029594421386719,0,0
1596160187.8101063,2.4832963943481445,0,0
1596160187.8101063,28.58468475403129,0.14500771310935082,0
1596160187.8163102,29.70275821747123,0.14500771310935082,0
1596160187.8263102,31.502413178103556,0.14500771310935082,0
1596160187.8363101,33.3021968847686,0.14500771310935082,0
1596160187.8463101,35.10189476074516,0.14500771310935082,0
1596160187.8502302,35.80699386658012,0.14500771310935082,0
1596160187.8502302,360.0,1.946079969406128,0
1596160187.8503046,360,1.946079969406128,1
1596160187.8503046,0,0,0
1596160187.8603046,1.8014144897460938,0,0
1596160187.8653436,2.7070140838623047,0,0
1596160187.8653436,31.050764305015473,0.1574652790064065,0
1596160187.8703046,31.94700835408774,0.1574652790064065,0
1596160187.8717122,32.197118980308446,0.1574652790064065,0
1596160187.8717122,356.1253920621636,1.9570667961278243,0
1596160187.8803046,357.6742926664117,1.9570667961278243,0
1596160187.8903046,359.47429094979793,1.9570667961278243,0
1596160187.893249,360,1.9570667961278243,1
1596160187.893249,0,0,0
1596160187.903249,1.8017578125,0,0
1596160187.9081006,2.6732826232910156,0,0
1596160187.9081006,30.67893646556149,0.15558696579039152,0
1596160187.913249,31.606852038681605,0.15558696579039152,0
1596160187.914478,31.826879008591273,0.15558696579039152,0
1596160187.914478,352.04417155076146,1.9345719243580037,0
1596160187.923249,353.62371371079564,1.9345719243580037,0
1596160187.933249,355.4248707084763,1.9345719243580037,0
1596160187.943249,357.224954822551,1.9345719243580037,0
1596160187.953249,359.0258972435105,1.9345719243580037,0
1596160187.9586823,360,1.9345719243580037,1
1596160187.9586823,0,0,0
1596160187.9686823,1.8009424209594727,0,0
1596160187.972103,2.41574764251709,0,0
1596160187.972103,27.8400829483054,0.1412463072543795,0
1596160187.9786823,29.024331872560772,0.1412463072543795,0
1596160187.9797163,29.210455720522198,0.1412463072543795,0
1596160187.9797163,323.2028761599581,1.7745375319179124,0
1596160187.9886823,324.81769473295617,1.7745375319179124,0
1596160187.9986823,326.6188088152926,1.7745375319179124,0
1596160188.0086823,328.41739089231896,1.7745375319179124,0
1596160188.0186822,330.21833331327844,1.7745375319179124,0
1596160188.0286822,332.0174732897799,1.7745375319179124,0
1596160188.0386822,333.8171282504122,1.7745375319179124,0
1596160188.0486822,335.6170836184542,1.7745375319179124,0
1596160188.0586822,337.41785437803674,1.7745375319179124,0
1596160188.0686822,339.21815306883263,1.7745375319179124,0
1596160188.0786822,341.01961047392297,1.7745375319179124,0
1596160188.0886822,342.8171625826876,1.7745375319179124,0
1596160188.0986822,344.6179762576144,1.7745375319179124,0
1596160188.1086822,346.4180603716891,1.7745375319179124,0
1596160188.1186821,348.219260284714,1.7745375319179124,0
1596160188.1286821,350.0180140231173,1.7745375319179124,0
1596160188.1386821,351.81912810545373,1.7745375319179124,0
1596160188.148682,353.61977011900353,1.7745375319179124,0
1596160188.158682,355.41963965635705,1.7745375319179124,0
1596160188.168682,357.2180929873507,1.7745375319179124,0
1596160188.178682,359.01912123899865,1.7745375319179124,0
1596160188.1841536,360,1.7745375319179124,1
1596160188.1841536,0,0,0
1596160188.1941535,1.8013715744018555,0,0
1596160188.198599,2.6001977920532227,0,0
1596160188.198599,29.873309480077886,0.15151728715569257,0
1596160188.1999693,30.119943963415288,0.15151728715569257,0
1596160188.1999693,333.2283254774882,1.8354527400116534,0
1596160188.2025871,333.69953595722455,1.8354527400116534,0
1596160188.2025871,360.0,1.9815664291381836,0
1596160188.2026577,360,1.9815664291381836,1
1596160188.2026577,0,0,0
1596160188.2126577,1.8001699447631836,0,0
1596160188.2226577,3.6018848419189453,0,0
1596160188.2326577,5.403041839599609,0,0
1596160188.2426577,7.202868461608887,0,0
1596160188.2526577,9.00003433227539,0,0
1596160188.2626576,10.80282211303711,0,0
1596160188.2726576,12.601447105407715,0,0
1596160188.2826576,14.401102066040039,0,0
1596160188.2926576,16.202430725097656,0,0
1596160188.3026576,18.002514839172363,0,0
1596160188.3126576,19.803414344787598,0,0
1596160188.3226576,21.601309776306152,0,0
1596160188.3326576,23.40109348297119,0,0
1596160188.3426576,25.201692581176758,0,0
1596160188.3526576,27.00263500213623,0,0
1596160188.3626575,28.803105354309082,0,0
1596160188.3726575,30.60318946838379,0,0
1596160188.3826575,32.40061283111572,0,0
1596160188.3926575,34.20168399810791,0,0
1596160188.4026575,36.00249767303467,0,0
1596160188.4126575,37.80073642730713,0,0
1596160188.4226575,39.602837562561035,0,0
1596160188.4326575,41.40202045440674,0,0
1596160188.4426575,43.203091621398926,0,0
1596160188.4526575,45.0025749206543,0,0
1596160188.4626575,46.80184364318848,0,0
1596160188.4726574,48.60201358795166,0,0
1596160188.4826574,50.402870178222656,0,0
1596160188.4926574,52.200894355773926,0,0
1596160188.5026574,54.0003776550293,0,0
1596160188.5126574,55.802950859069824,0,0
1596160188.5226574,57.602434158325195,0,0
1596160188.5326574,59.40234661102295,0,0
1596160188.5426574,61.20105743408203,0,0
1596160188.5526574,63.0005407333374,0,0
1596160188.5626574,64.80010986328125,0,0
1596160188.5726573,66.60319805145264,0,0
1596160188.5826573,68.40195178985596,0,0
1596160188.5926573,70.20212173461914,0,0
1596160188.6026573,72.00061798095703,0,0
1596160188.6126573,73.80164623260498,0,0
1596160188.6226573,75.60267448425293,0,0
1596160188.6326573,77.4032735824585,0,0
1596160188.6426573,79.20228481292725,0,0
1596160188.6526573,81.00155353546143,0,0
1596160188.6626573,82.80241012573242,0,0
1596160188.6726573,84.60159301757812,0,0
1596160188.6826572,86.40073299407959,0,0
1596160188.6926572,88.2002592086792,0,0
1596160188.7026572,90.00137329101562,0,0
1596160188.7126572,91.8006420135498,0,0
1596160188.7226572,93.60132694244385,0,0
1596160188.7326572,95.40308475494385,0,0
1596160188.7426572,97.20076560974121,0,0
1596160188.7526572,99.0012788772583,0,0
1596160188.7626572,100.80136299133301,0,0
1596160188.7726572,102.60217666625977,0,0
1596160188.7826571,104.4014024734497,0,0
1596160188.7926571,106.20049953460693,0,0
1596160188.8026571,108.00182819366455,0,0
1596160188.812657,109.80036735534668,0,0
1596160188.822657,111.59989356994629,0,0
1596160188.832657,113.40169429779053,0,0
1596160188.842657,115.20315170288086,0,0
1596160188.852657,117.00143337249756,0,0
1596160188.862657,118.8017749786377,0,0
1596160188.872657,120.60177326202393,0,0
1596160188.882657,122.4018144607544,0,0
1596160188.892657,124.20297145843506,0,0
1596160188.902657,126.00005149841309,0,0
1596160188.912657,127.80095100402832,0,0
1596160188.922657,129.60322380065918,0,0
1596160188.932657,131.40034675598145,0,0
1596160188.942657,133.20030212402344,0,0
1596160188.952657,135.00197410583496,0,0
1596160188.962657,136.80137157440186,0,0
1596160188.972657,138.60089778900146,0,0
1596160188.982657,140.40218353271484,0,0
1596160188.992657,142.20102310180664,0,0
1596160189.002657,143.99999141693115,0,0
1596160189.012657,145.80063343048096,0,0
1596160189.022657,147.60033130645752,0,0
1596160189.032657,149.40243244171143,0,0
1596160189.042657,151.20127201080322,0,0
1596160189.052657,153.00152778625488,0,0
1596160189.0626569,154.7999382019043,0,0
1596160189.0726569,156.60100936889648,0,0
1596160189.0826569,158.401780128479,0,0
1596160189.0926569,160.20109176635742,0,0
1596160189.1026568,162.0029354095459,0,0
1596160189.1126568,163.80259037017822,0,0
1596160189.1226568,165.60306072235107,0,0
1596160189.1326568,167.40022659301758,0,0
1596160189.1426568,169.20108318328857,0,0
1596160189.1526568,171.0015106201172,0,0
1596160189.1626568,172.80232429504395,0,0
1596160189.1726568,174.6000051498413,0,0
1596160189.1826568,176.40026092529297,0,0
1596160189.1926568,178.20300579071045,0,0
1596160189.2026567,180.0022315979004,0,0
1596160189.2126567,181.8000841140747,0,0
1596160189.2226567,183.600811958313,0,0
1596160189.2326567,185.40115356445312,0,0
1596160189.2426567,187.2006368637085,0,0
1596160189.2439826,187.43847370147705,0,0
1596160189.2439826,360.0,0.9586751461029053,0
1596160189.2441094,360,0.9586751461029053,1
1596160189.2441094,0,0,0
1596160189.2541094,1.8015003204345703,0,0
1596160189.2641094,3.6002540588378906,0,0
1596160189.2690713,4.49315071105957,0,0
1596160189.2690713,50.73966338653527,0.25692507041930945,0
1596160189.2741094,51.64856746215783,0.25692507041930945,0
1596160189.2841094,53.44672038574181,0.25692507041930945,0
1596160189.2854583,53.68932082672082,0.25692507041930945,0
1596160189.2854583,360.0,1.958651065826416,0
1596160189.2855332,360,1.958651065826416,1
1596160189.2855332,0,0,0
1596160189.2955332,1.8002128601074219,0,0
1596160189.3005817,2.708730697631836,0,0
1596160189.3005817,31.069686841374466,0.15756086746523684,0
1596160189.3055332,31.962068509465286,0.15756086746523684,0
1596160189.3155332,33.76241011560543,0.15756086746523684,0
1596160189.3255332,35.56275172174556,0.15756086746523684,0
1596160189.3355331,37.36279292047603,0.15756086746523684,0
1596160189.3455331,39.16107459009273,0.15756086746523684,0
1596160189.3555331,40.96180243433101,0.15756086746523684,0
1596160189.365533,42.761285733586384,0.15756086746523684,0
1596160189.375533,44.56235690057857,0.15756086746523684,0
1596160189.385533,46.36214060724361,0.15756086746523684,0
1596160189.3869448,46.6150407308398,0.15756086746523684,0
1596160189.3869448,360.0,1.8985884189605713,0
1596160189.3870177,360,1.8985884189605713,1
1596160189.3870177,0,0,0
1596160189.3970177,1.8005561828613281,0,0
1596160189.4008307,2.4863433837890625,0,0
1596160189.4008307,28.618272256068483,0.14517738262377455,0
1596160189.4070177,29.733770798854128,0.14517738262377455,0
1596160189.4170177,31.533640336207643,0.14517738262377455,0
1596160189.4270177,33.333509873561155,0.14517738262377455,0
1596160189.4370177,35.13290734212805,0.14517738262377455,0
1596160189.4470177,36.93221898000647,0.14517738262377455,0
1596160189.4570177,38.733290146998655,0.14517738262377455,0
1596160189.4670177,40.53449006002356,0.14517738262377455,0
1596160189.4770176,42.3337158672135,0.14517738262377455,0
1596160189.4870176,44.13341374319006,0.14517738262377455,0
1596160189.4970176,45.93474240224768,0.14517738262377455,0
1596160189.5070176,47.73302407186438,0.14517738262377455,0
1596160189.5170176,49.534824799708616,0.14517738262377455,0
1596160189.5270176,51.33199067037512,0.14517738262377455,0
1596160189.5370176,53.134864281825315,0.14517738262377455,0
1596160189.5470176,54.93430466573645,0.14517738262377455,0
1596160189.5570176,56.73357338827063,0.14517738262377455,0
1596160189.5597029,57.2152552120011,0.14517738262377455,0
1596160189.5597029,360.0,1.827314853668213,0
1596160189.5597796,360,1.827314853668213,1
1596160189.5597796,0,0,0
1596160189.5697796,1.8023157119750977,0,0
1596160189.5748308,2.709202766418457,0,0
1596160189.5748308,31.07489053887317,0.15758715429141507,0
1596160189.5797796,31.968087598504518,0.15758715429141507,0
1596160189.5824432,32.44513456505725,0.15758715429141507,0
1596160189.5824432,358.8593115979976,1.9709992489188615,0
1596160189.5887861,360,1.9709992489188615,1
1596160189.5887861,0,0,0
1596160189.598786,1.8030023574829102,0,0
1596160189.6038206,2.7061986923217773,0,0
1596160189.6038206,31.041776100244977,0.15741987448846223,0
1596160189.608786,31.9376339112191,0.15741987448846223,0
1596160189.610188,32.18791619881676,0.15741987448846223,0
1596160189.610188,356.0239481785882,1.9565089410427483,0
1596160189.618786,357.57272003680356,1.9565089410427483,0
1596160189.628786,359.3740486958612,1.9565089410427483,0
1596160189.63228,360,1.9565089410427483,1
1596160189.63228,0,0,0
1596160189.64228,1.8015003204345703,0,0
1596160189.64657,2.572174072265625,0,0
1596160189.64657,29.56439907401754,0.14995680556528843,0
1596160189.65228,30.594581912457482,0.14995680556528843,0
1596160189.652942,30.711354564129845,0.14995680556528843,0
1596160189.652942,339.7475488425459,1.8668245515564885,0
1596160189.66228,341.4296157599653,1.8668245515564885,0
1596160189.67228,343.2311160803999,1.8668245515564885,0
1596160189.68228,345.03025605690135,1.8668245515564885,0
1596160189.69228,346.8300397635664,1.8668245515564885,0
1596160189.70228,348.63175466072215,1.8668245515564885,0
1596160189.71228,350.4287488700117,1.8668245515564885,0
1596160189.72228,352.23033502113475,1.8668245515564885,0
1596160189.73228,354.03054788124217,1.8668245515564885,0
1596160189.74228,355.8285291434492,1.8668245515564885,0
1596160189.75228,357.6295144797529,1.8668245515564885,0
1596160189.76228,359.4289119483198,1.8668245515564885,0
1596160189.7654746,360,1.8668245515564885,1
1596160189.7654746,0,0,0
1596160189.7754745,1.8014144897460938,0,0
1596160189.7805696,2.717099189758301,0,0
1596160189.7805696,31.16193420612451,0.1580268612020345,0
1596160189.7854745,32.046376535531245,0.1580268612020345,0
1596160189.7881966,32.534796068307124,0.1580268612020345,0
1596160189.7881966,359.84766616287493,1.9764316950607446,0
1596160189.7890506,360,1.9764316950607446,1
1596160189.7890506,0,0,0
1596160189.7990506,1.8015003204345703,0,0
1596160189.8090506,3.601069450378418,0,0
1596160189.8190506,5.402655601501465,0,0
1596160189.8290505,7.200207710266113,0,0
1596160189.8390505,9.001364707946777,0,0
1596160189.8490505,10.801835060119629,0,0
1596160189.8590505,12.600202560424805,0,0
1596160189.8690505,14.400887489318848,0,0
1596160189.8790505,16.20062828063965,0,0
1596160189.8890505,18.001270294189453,0,0
1596160189.8990505,19.800753593444824,0,0
1596160189.9090505,21.602296829223633,0,0
1596160189.9190505,23.402767181396484,0,0
1596160189.9290504,25.200276374816895,0,0
1596160189.9390504,27.003450393676758,0,0
1596160189.947077,28.444762229919434,0,0
1596160189.947077,314.7625017595344,1.5906541084978612,0
1596160189.9490504,315.11938576221996,1.5906541084978612,0
1596160189.955941,316.35800842762524,1.5906541084978612,0
1596160189.955941,360.0,1.8331096172332764,0
1596160189.956014,360,1.8331096172332764,1
1596160189.956014,0,0,0
1596160189.966014,1.8024873733520508,0,0
1596160189.9710727,2.710576057434082,0,0
1596160189.9710727,31.090028567960395,0.15766362505847953,0
1596160189.976014,31.980006976773872,0.15766362505847953,0
1596160189.9787035,32.463577075650825,0.15766362505847953,0
1596160189.9787035,359.0626066451725,1.9721026782224886,0
1596160189.9839184,360,1.9721026782224886,1
1596160189.9839184,0,0,0
1596160189.9939184,1.8032598495483398,0,0
1596160190.0039184,3.6031293869018555,0,0
1596160190.0139184,5.401153564453125,0,0
1596160190.0239184,7.2011518478393555,0,0
1596160190.0339184,9.002137184143066,0,0
1596160190.0439184,10.800719261169434,0,0
1596160190.0539184,12.602219581604004,0,0
1596160190.0639184,14.402904510498047,0,0
1596160190.0739183,16.2007999420166,0,0
1596160190.0839183,18.000497817993164,0,0
1596160190.0939183,19.80010986328125,0,0
1596160190.100069,20.907111167907715,0,0
1596160190.100069,231.6736446072489,1.1709251857741176,0
1596160190.1039183,232.36934525269567,1.1709251857741176,0
1596160190.1076915,233.04569107789098,1.1709251857741176,0
1596160190.1076915,360.0,1.8762269020080566,0
1596160190.1077635,360,1.8762269020080566,1
1596160190.1077635,0,0,0
1596160190.1177635,1.8021011352539062,0,0
1596160190.1277635,3.6024856567382812,0,0
1596160190.1290631,3.833928108215332,0,0
1596160190.1290631,43.472936361277554,0.22021671251701236,0
1596160190.1354597,44.6243121318464,0.22021671251701236,0
1596160190.1354597,360.0,1.972303867340088,0
1596160190.1355329,360,1.972303867340088,1
1596160190.1355329,0,0,0
1596160190.1455328,1.8025732040405273,0,0
1596160190.1555328,3.600296974182129,0,0
1596160190.1655328,5.402183532714844,0,0
1596160190.1755328,7.203340530395508,0,0
1596160190.1855328,9.000334739685059,0,0
1596160190.1955328,10.801105499267578,0,0
1596160190.2055328,12.602949142456055,0,0
1596160190.2155328,14.400801658630371,0,0
1596160190.2255328,16.202173233032227,0,0
1596160190.2355328,18.000540733337402,0,0
1596160190.2455328,19.80264186859131,0,0
1596160190.2555327,21.60010814666748,0,0
1596160190.2655327,23.402466773986816,0,0
1596160190.2755327,25.201692581176758,0,0
1596160190.2855327,27.003235816955566,0,0
1596160190.2955327,28.801774978637695,0,0
1596160190.3055327,30.602331161499023,0,0
1596160190.3155327,32.40168571472168,0,0
1596160190.3255327,34.20310020446777,0,0
1596160190.3355327,36.001338958740234,0,0
1596160190.3455327,37.80163764953613,0,0
1596160190.3555326,39.60043430328369,0,0
1596160190.3605754,40.50766468048096,0,0
1596160190.3605754,360.0,1.7749574184417725,0
1596160190.3606558,360,1.7749574184417725,1
1596160190.3606558,0,0,0
1596160190.3706558,1.8007707595825195,0,0
1596160190.3719482,2.032642364501953,0,0
1596160190.3719482,23.617045896389794,0.11991335295493244,0
1596160190.3806558,25.187103765347313,0.11991335295493244,0
1596160190.3906558,26.986544149258446,0.11991335295493244,0
1596160190.4006557,28.784868734219383,0.11991335295493244,0
1596160190.4106557,30.584824102261376,0.11991335295493244,0
1596160190.4206557,32.387011068203755,0.11991335295493244,0
1596160190.4306557,34.18718101296694,0.11991335295493244,0
1596160190.4406557,35.987308042385884,0.11991335295493244,0
1596160190.4506557,37.785074727871724,0.11991335295493244,0
1596160190.4606557,39.586060064175435,0.11991335295493244,0
1596160190.4706557,41.385543363430806,0.11991335295493244,0
1596160190.4806557,43.18721534524233,0.11991335295493244,0
1596160190.4906557,44.98777152810366,0.11991335295493244,0
1596160190.5006557,46.78738357339174,0.11991335295493244,0
1596160190.5058222,47.71435500893862,0.11991335295493244,0
1596160190.5058222,360.0,1.8548336029052734,0
1596160190.505897,360,1.8548336029052734,1
1596160190.505897,0,0,0
1596160190.5121832,1.1315059661865234,0,0
1596160190.5121832,13.683660434742704,0.06973419149197878,0
1596160190.515897,14.35266773607327,0.06973419149197878,0
1596160190.525897,16.153695987721218,0.06973419149197878,0
1596160190.535897,17.95313637163235,0.06973419149197878,0
1596160190.545897,19.75287716295315,0.06973419149197878,0
1596160190.555897,21.554806636830104,0.06973419149197878,0
1596160190.565897,23.35480492021634,0.06973419149197878,0
1596160190.575897,25.15428821947171,0.06973419149197878,0
1596160190.585897,26.95329944994046,0.06973419149197878,0
1596160190.595897,28.753168987293975,0.06973419149197878,0
1596160190.605897,30.552652286549346,0.06973419149197878,0
1596160190.615897,32.35350887682034,0.06973419149197878,0
1596160190.625897,34.15440838243558,0.06973419149197878,0
1596160190.635897,35.953977512379424,0.06973419149197878,0
1596160190.645897,37.753246234913604,0.06973419149197878,0
1596160190.655897,39.55414574052884,0.06973419149197878,0
1596160190.665897,41.35392944719388,0.06973419149197878,0
1596160190.675897,43.154013561268584,0.06973419149197878,0
1596160190.6858969,44.95272438432767,0.06973419149197878,0
1596160190.6958969,46.754053043385284,0.06973419149197878,0
1596160190.7058969,48.555252956410186,0.06973419149197878,0
1596160190.7158968,50.35250465776517,0.06973419149197878,0
1596160190.7258968,52.154777454396026,0.06973419149197878,0
1596160190.7358968,53.9522437324722,0.06973419149197878,0
1596160190.7458968,55.7540015449722,0.06973419149197878,0
1596160190.7558968,57.55249779131009,0.06973419149197878,0
1596160190.7623131,58.70704929735257,0.06973419149197878,0
1596160190.7623131,360.0,1.7435839176177979,0
1596160190.7623992,360,1.7435839176177979,1
1596160190.7623992,0,0,0
1596160190.7723992,1.8013286590576172,0,0
1596160190.7823992,3.6028289794921875,0,0
1596160190.7923992,5.400252342224121,0,0
1596160190.8023992,7.201023101806641,0,0
1596160190.808685,8.331456184387207,0,0
1596160190.808685,93.04998162180775,0.47065847465233634,0
1596160190.8123991,93.71851685435169,0.47065847465233634,0
1596160190.815062,94.19783833414905,0.47065847465233634,0
1596160190.815062,360.0,1.9473371505737305,0
1596160190.815134,360,1.9473371505737305,1
1596160190.815134,0,0,0
1596160190.825134,1.8015003204345703,0,0
1596160190.82894,2.485055923461914,0,0
1596160190.82894,28.60408035379926,0.14510569127965192,0
1596160190.835134,29.72223964792768,0.14510569127965192,0
1596160190.845134,31.520349656167426,0.14510569127965192,0
1596160190.855134,33.32026210886518,0.14510569127965192,0
1596160190.865134,35.12017456156293,0.14510569127965192,0
1596160190.875134,36.92008701426069,0.14510569127965192,0
1596160190.885134,38.720128212991156,0.14510569127965192,0
1596160190.895134,40.52055564981977,0.14510569127965192,0
1596160190.905134,42.321927224221625,0.14510569127965192,0
1596160190.915134,44.12111011606733,0.14510569127965192,0
1596160190.925134,45.92042175394574,0.14510569127965192,0
1596160190.935134,47.719518815102965,0.14510569127965192,0
1596160190.945134,49.520032082620055,0.14510569127965192,0
1596160190.955134,51.32024494272748,0.14510569127965192,0
1596160190.965134,53.119299088540465,0.14510569127965192,0
1596160190.975134,54.92195812326947,0.14510569127965192,0
1596160190.985134,56.720325623574645,0.14510569127965192,0
1596160190.9951339,58.52165428263226,0.14510569127965192,0
1596160191.0051339,60.32139507395306,0.14510569127965192,0
1596160191.0078123,60.80110279184857,0.14510569127965192,0
1596160191.0078123,360.0,1.8073217868804934,0
1596160191.0078905,360,1.8073217868804934,1
1596160191.0078905,0,0,0
1596160191.0154417,1.3592147827148438,0,0
1596160191.0154417,16.19373488276154,0.08241400055581498,0
1596160191.0178905,16.635033367563786,0.08241400055581498,0
1596160191.0278904,18.436791180063786,0.08241400055581498,0
1596160191.0378904,20.235330341745914,0.08241400055581498,0
1596160191.0478904,22.03743147699982,0.08241400055581498,0
1596160191.0578904,23.836399792124336,0.08241400055581498,0
1596160191.0678904,25.636913059641426,0.08241400055581498,0
1596160191.0778904,27.43759798853547,0.08241400055581498,0
1596160191.0878904,29.234935520578926,0.08241400055581498,0
1596160191.0978904,31.03480505793244,0.08241400055581498,0
1596160191.1078904,32.836133716990055,0.08241400055581498,0
1596160191.1178904,34.63578867762238,0.08241400055581498,0
1596160191.1278903,36.435143230845036,0.08241400055581498,0
1596160191.1378903,38.23634314386994,0.08241400055581498,0
1596160191.1478903,40.03561186640412,0.08241400055581498,0
1596160191.1578903,41.835695980478825,0.08241400055581498,0
1596160191.1678903,43.63629507868439,0.08241400055581498,0
1596160191.1778903,45.435220478464664,0.08241400055581498,0
1596160191.1878903,47.23526167719513,0.08241400055581498,0
1596160191.1978903,49.03581786005646,0.08241400055581498,0
1596160191.20681,50.64003634302765,0.08241400055581498,0
1596160191.20681,360.0,1.8010804653167725,0
1596160191.2068856,360,1.8010804653167725,1
1596160191.2068856,0,0,0
1596160191.215674,1.5819025039672852,0,0
1596160191.215674,18.648460911930353,0.09481421337757259,0
1596160191.2168856,18.868187474430353,0.09481421337757259,0
1596160191.2268856,20.66681246680096,0.09481421337757259,0
1596160191.2368855,22.46676783484295,0.09481421337757259,0
1596160191.2468855,24.268697308719904,0.09481421337757259,0
1596160191.2568855,26.067966031254084,0.09481421337757259,0
1596160191.2668855,27.86684851569012,0.09481421337757259,0
1596160191.2768855,29.66684679907635,0.09481421337757259,0
1596160191.2868855,31.469720410526545,0.09481421337757259,0
1596160191.2968855,33.266886281193045,0.09481421337757259,0
1596160191.3068855,35.06722788733318,0.09481421337757259,0
1596160191.3168855,36.867912816227225,0.09481421337757259,0
1596160191.3268855,38.66709570807293,0.09481421337757259,0
1596160191.3368855,40.46958308142498,0.09481421337757259,0
1596160191.3468854,42.268422650516776,0.09481421337757259,0
1596160191.3532982,43.42082838934734,0.09481421337757259,0
1596160191.3532982,360.0,1.8535873889923096,0
1596160191.3533742,360,1.8535873889923096,1
1596160191.3533742,0,0,0
1596160191.3633742,1.8005132675170898,0,0
1596160191.3671813,2.4852705001831055,0,0
1596160191.3671813,28.606445670844117,0.14511763983700562,0
1596160191.3733742,29.723060012579957,0.14511763983700562,0
1596160191.3833742,31.52400243353943,0.14511763983700562,0
1596160191.3933742,33.32451570105652,0.14511763983700562,0
1596160191.4033742,35.122110725165406,0.14511763983700562,0
1596160191.4133742,36.921379447699586,0.14511763983700562,0
1596160191.4233742,38.72197854590515,0.14511763983700562,0
1596160191.4333742,40.52159059119324,0.14511763983700562,0
1596160191.4433742,42.322404266119996,0.14511763983700562,0
1596160191.4533741,44.12351834845642,0.14511763983700562,0
1596160191.4633741,45.92149961066346,0.14511763983700562,0
1596160191.4733741,47.72407281470399,0.14511763983700562,0
1596160191.483374,49.52278363776307,0.14511763983700562,0
1596160191.493374,51.32145154547791,0.14511763983700562,0
1596160191.503374,53.12200772833924,0.14511763983700562,0
1596160191.513374,54.921448112250374,0.14511763983700562,0
1596160191.523374,56.724150062323616,0.14511763983700562,0
1596160191.533374,58.5214017636786,0.14511763983700562,0
1596160191.543374,60.32311666083436,0.14511763983700562,0
1596160191.553374,62.12277162146668,0.14511763983700562,0
1596160191.563374,63.923199058295296,0.14511763983700562,0
1596160191.573374,65.72345483374696,0.14511763983700562,0
1596160191.579813,66.88015210700135,0.14511763983700562,0
1596160191.579813,360.0,1.7735612392425537,0
1596160191.5798924,360,1.7735612392425537,1
1596160191.5798924,0,0,0
1596160191.5886853,1.5827178955078125,0,0
1596160191.5886853,18.657449116700864,0.09485961789551696,0
1596160191.5898924,18.876188626283383,0.09485961789551696,0
1596160191.5998924,20.674942364686704,0.09485961789551696,0
1596160191.6098924,22.4778159761369,0.09485961789551696,0
1596160191.6198924,24.27506767749188,0.09485961789551696,0
1596160191.6298923,26.077469220155454,0.09485961789551696,0
1596160191.6398923,27.87660919665692,0.09485961789551696,0
1596160191.6498923,29.677208294862485,0.09485961789551696,0
1596160191.6598923,31.476777424806333,0.09485961789551696,0
1596160191.6698923,33.27707611560223,0.09485961789551696,0
1596160191.6798923,35.07728897570965,0.09485961789551696,0
1596160191.6898923,36.87758766650555,0.09485961789551696,0
1596160191.6998923,38.677414288514825,0.09485961789551696,0
1596160191.7098923,40.47754131793377,0.09485961789551696,0
1596160191.7198923,42.27578007220623,0.09485961789551696,0
1596160191.7298923,44.07590710162518,0.09485961789551696,0
1596160191.7398922,45.87787949084637,0.09485961789551696,0
1596160191.7498922,47.67564617633221,0.09485961789551696,0
1596160191.7598922,49.47641693591473,0.09485961789551696,0
1596160191.7698922,51.275728573793145,0.09485961789551696,0
1596160191.7798922,53.074997296327325,0.09485961789551696,0
1596160191.7898922,54.877227177613946,0.09485961789551696,0
1596160191.7913098,55.12986980914471,0.09485961789551696,0
1596160191.7913098,360.0,1.7885825634002686,0
1596160191.7913878,360,1.7885825634002686,1
1596160191.7913878,0,0,0
1596160191.8013878,1.8024444580078125,0,0
1596160191.802676,2.031869888305664,0,0
1596160191.802676,23.608530755028262,0.11987033814845888,0
1596160191.8113878,25.179575676903262,0.11987033814845888,0
1596160191.8213878,26.976999039635196,0.11987033814845888,0
1596160191.8313878,28.778284783348575,0.11987033814845888,0
1596160191.8413877,30.577725167259707,0.11987033814845888,0
1596160191.8513877,32.378796334251895,0.11987033814845888,0
1596160191.8613877,34.1779792260976,0.11987033814845888,0
1596160191.8713877,35.97952246187641,0.11987033814845888,0
1596160191.8813877,37.77711748598529,0.11987033814845888,0
1596160191.8913877,39.57913279055072,0.11987033814845888,0
1596160191.9013877,41.37719988344623,0.11987033814845888,0
1596160191.9113877,43.17719816683246,0.11987033814845888,0
1596160191.9213877,44.979084725365176,0.11987033814845888,0
1596160191.9313877,46.77801012514545,0.11987033814845888,0
1596160191.9413877,48.578866715416446,0.11987033814845888,0
1596160191.9513876,50.37946581362201,0.11987033814845888,0
1596160191.9613876,52.17856287477924,0.11987033814845888,0
1596160191.9713876,53.97727369783832,0.11987033814845888,0
1596160191.9813876,55.777400727257266,0.11987033814845888,0
1596160191.9913876,57.578214402184024,0.11987033814845888,0
1596160192.0013876,59.37786936281635,0.11987033814845888,0
1596160192.0113876,61.17988466738178,0.11987033814845888,0
1596160192.0213876,62.977179284081,0.11987033814845888,0
1596160192.0313876,64.7767054986806,0.11987033814845888,0
1596160192.0353012,65.48107504366351,0.11987033814845888,0
1596160192.0353012,360.0,1.7560865879058838,0
1596160192.0353804,360,1.7560865879058838,1
1596160192.0353804,0,0,0
1596160192.0416782,1.1336088180541992,0,0
1596160192.0416782,13.706840541782453,0.06985128735404586,0
1596160192.0453804,14.375547435703352,0.06985128735404586,0
1596160192.0553803,16.17387202066429,0.06985128735404586,0
1596160192.0653803,17.97387030405052,0.06985128735404586,0
1596160192.0753803,19.774598148288803,0.06985128735404586,0
1596160192.0853803,21.57421019357689,0.06985128735404586,0
1596160192.0953803,23.37515261453636,0.06985128735404586,0
1596160192.1053803,25.17497923654564,0.06985128735404586,0
1596160192.1153803,26.975749996128158,0.06985128735404586,0
1596160192.1253803,28.774332073154525,0.06985128735404586,0
1596160192.1353803,30.574115779819564,0.06985128735404586,0
1596160192.1453803,32.37480070871361,0.06985128735404586,0
1596160192.1553802,34.17325403970726,0.06985128735404586,0
1596160192.1653802,35.976599719944076,0.06985128735404586,0
1596160192.1753802,37.77475264352806,0.06985128735404586,0
1596160192.1853802,39.574922588291244,0.06985128735404586,0
1596160192.1953802,41.374877956333236,0.06985128735404586,0
1596160192.1955402,41.40200045389183,0.06985128735404586,0
1596160192.1955402,360.0,1.8398401737213135,0
1596160192.1956177,360,1.8398401737213135,1
1596160192.1956177,0,0,0
1596160192.201921,1.1345958709716797,0,0
1596160192.201921,13.717721000188865,0.06990625071787325,0
1596160192.2056177,14.384410872930564,0.06990625071787325,0
1596160192.2156177,16.183636680120504,0.06990625071787325,0
1596160192.2256176,17.986295714849508,0.06990625071787325,0
1596160192.2356176,19.785650268072164,0.06990625071787325,0
1596160192.2456176,21.58401776837734,0.06990625071787325,0
1596160192.2556176,23.386290565008203,0.06990625071787325,0
1596160192.2656176,25.18487264203457,0.06990625071787325,0
1596160192.2756176,26.98414136456875,0.06990625071787325,0
1596160192.2856176,28.785040870183984,0.06990625071787325,0
1596160192.2956176,30.584824576849023,0.06990625071787325,0
1596160192.3056176,32.38645364331631,0.06990625071787325,0
1596160192.3156176,34.18559361981777,0.06990625071787325,0
1596160192.3195384,34.88884736585049,0.06990625071787325,0
1596160192.3195384,360.0,1.8760793209075928,0
1596160192.3196137,360,1.8760793209075928,1
1596160192.3196137,0,0,0
1596160192.3259187,1.1348962783813477,0,0
1596160192.3259187,13.72103244405169,0.06992297869816858,0
1596160192.3296137,14.387293163351007,0.06992297869816858,0
1596160192.3396137,16.187119785360284,0.06992297869816858,0
1596160192.3496137,17.98801929097552,0.06992297869816858,0
1596160192.3596137,19.78801757436175,0.06992297869816858,0
1596160192.3696136,21.587844196371027,0.06992297869816858,0
1596160192.3796136,23.388099971822687,0.06992297869816858,0
1596160192.3896136,25.189385715536066,0.06992297869816858,0
1596160192.3996136,26.987409893087335,0.06992297869816858,0
1596160192.4096136,28.789167705587335,0.06992297869816858,0
1596160192.4196136,30.586118999532648,0.06992297869816858,0
1596160192.4296136,32.38787681203265,0.06992297869816858,0
1596160192.4396136,34.18748885732074,0.06992297869816858,0
1596160192.4496136,35.98748714070697,0.06992297869816858,0
1596160192.4596136,37.78847247701068,0.06992297869816858,0
1596160192.4696136,39.58752662282367,0.06992297869816858,0
1596160192.4796135,41.388340297750425,0.06992297869816858,0
1596160192.482285,41.866975132039975,0.06992297869816858,0
1596160192.482285,360.0,1.8373286724090576,0
1596160192.4823618,360,1.8373286724090576,1
1596160192.4823618,0,0,0
1596160192.4911625,1.5841341018676758,0,0
1596160192.4911625,18.673060209197043,0.09493847837405203,0
1596160192.4923618,18.891499311369895,0.09493847837405203,0
1596160192.5023618,20.69038179580593,0.09493847837405203,0
1596160192.5123618,22.490036756438254,0.09493847837405203,0
1596160192.5223618,24.289520055693625,0.09493847837405203,0
1596160192.5323617,26.090290815276145,0.09493847837405203,0
1596160192.5423617,27.889731199187278,0.09493847837405203,0
1596160192.5523617,29.690115720671653,0.09493847837405203,0
1596160192.5623617,31.489384443205832,0.09493847837405203,0
1596160192.5723617,33.289253980559344,0.09493847837405203,0
1596160192.5823617,35.09045389358425,0.09493847837405203,0
1596160192.5923617,36.890237600249286,0.09493847837405203,0
1596160192.6023617,38.69182375137233,0.09493847837405203,0
1596160192.6123617,40.492294103545184,0.09493847837405203,0
1596160192.6223617,42.290790349883075,0.09493847837405203,0
1596160192.6323617,44.091818601531024,0.09493847837405203,0
1596160192.6423616,45.88919904891872,0.09493847837405203,0
1596160192.6523616,47.69151476089382,0.09493847837405203,0
1596160192.6562922,48.39639929000759,0.09493847837405203,0
1596160192.6562922,360.0,1.8260695934295657,0
1596160192.656369,360,1.8260695934295657,1
1596160192.656369,0,0,0
1596160192.666369,1.802358627319336,0,0
1596160192.6701686,2.4839401245117188,0,0
1596160192.6701686,28.59178070516591,0.14504355878141217,0
1596160192.676369,29.708180470180558,0.14504355878141217,0
1596160192.686369,31.508779568386124,0.14504355878141217,0
1596160192.696369,33.30856327505116,0.14504355878141217,0
1596160192.706369,35.108561558437394,0.14504355878141217,0
1596160192.716369,36.909804386806535,0.14504355878141217,0
1596160192.726369,38.71074680776601,0.14504355878141217,0
1596160192.736369,40.50791267843251,0.14504355878141217,0
1596160192.746369,42.30872635335927,0.14504355878141217,0
1596160192.7563689,44.109582943630265,0.14504355878141217,0
1596160192.7663689,45.911083264064835,0.14504355878141217,0
1596160192.7763689,47.71056656332021,0.14504355878141217,0
1596160192.7863688,49.50816158742909,0.14504355878141217,0
1596160192.7963688,51.31073479146962,0.14504355878141217,0
1596160192.8063688,53.11004642934804,0.14504355878141217,0
1596160192.8163688,54.90819935293202,0.14504355878141217,0
1596160192.8263688,56.709184689235734,0.14504355878141217,0
1596160192.8363688,58.51025585622792,0.14504355878141217,0
1596160192.8463688,60.309696240139054,0.14504355878141217,0
1596160192.8563688,62.109437031459855,0.14504355878141217,0
1596160192.8663688,63.91080860586171,0.14504355878141217,0
1596160192.8763688,65.71084980459219,0.14504355878141217,0
1596160192.8863688,67.50998978109365,0.14504355878141217,0
1596160192.8963687,69.31054596395498,0.14504355878141217,0
1596160192.9052992,70.91527943105703,0.14504355878141217,0
1596160192.9052992,360.0,1.7510697841644287,0
1596160192.905375,360,1.7510697841644287,1
1596160192.905375,0,0,0
1596160192.912914,1.3570261001586914,0,0
1596160192.912914,16.16960864890384,0.08229212527080637,0
1596160192.915375,16.61382537711429,0.08229212527080637,0
1596160192.925375,18.413351591713898,0.08229212527080637,0
1596160192.935375,20.214937742836945,0.08229212527080637,0
1596160192.945375,22.01330524314212,0.08229212527080637,0
1596160192.955375,23.814762648232453,0.08229212527080637,0
1596160192.965375,25.61557632315921,0.08229212527080637,0
1596160192.975375,27.41385799277591,0.08229212527080637,0
1596160192.985375,29.215701635964386,0.08229212527080637,0
1596160192.995375,31.014455374367706,0.08229212527080637,0
1596160193.005375,32.81308036673831,0.08229212527080637,0
1596160193.015375,34.61518150199222,0.08229212527080637,0
1596160193.025375,36.41513687003421,0.08229212527080637,0
1596160193.0353749,38.21268897879886,0.08229212527080637,0
1596160193.0453749,40.01509052146243,0.08229212527080637,0
1596160193.0553749,41.8142304979639,0.08229212527080637,0
1596160193.0653749,43.61375671256351,0.08229212527080637,0
1596160193.0753748,45.41585784781741,0.08229212527080637,0
1596160193.0853748,47.214354094155304,0.08229212527080637,0
1596160193.0953748,49.01418071616458,0.08229212527080637,0
1596160193.1053748,50.812848623879425,0.08229212527080637,0
1596160193.1153748,52.61353355277347,0.08229212527080637,0
1596160193.1253748,54.41456180442142,0.08229212527080637,0
1596160193.1353748,56.21524673331546,0.08229212527080637,0
1596160193.1417828,57.365978773720734,0.08229212527080637,0
1596160193.1417828,360.0,1.76359224319458,0
1596160193.1418607,360,1.76359224319458,1
1596160193.1418607,0,0,0
1596160193.1518607,1.8014144897460938,0,0
1596160193.1531546,2.032899856567383,0,0
1596160193.1531546,23.619884276843656,0.11992769122375707,0
1596160193.1618607,25.189770484424223,0.11992769122375707,0
1596160193.1718607,26.987236762500395,0.11992769122375707,0
1596160193.1818607,28.789252067065824,0.11992769122375707,0
1596160193.1918607,30.58787705943643,0.11992769122375707,0
1596160193.2018607,32.38890531108438,0.11992769122375707,0
1596160193.2118607,34.187487388110746,0.11992769122375707,0
1596160193.2218606,35.987056518054594,0.11992769122375707,0
1596160193.2318606,37.790058875537504,0.11992769122375707,0
1596160193.2418606,39.587782645679106,0.11992769122375707,0
1596160193.2518606,41.38735177562295,0.11992769122375707,0
1596160193.2618606,43.189581656909574,0.11992769122375707,0
1596160193.2718606,44.9892366175419,0.11992769122375707,0
1596160193.2818606,46.78949239299356,0.11992769122375707,0
1596160193.2918606,48.587130332446684,0.11992769122375707,0
1596160193.3018606,50.38768651530801,0.11992769122375707,0
1596160193.3118606,52.18927266643106,0.11992769122375707,0
1596160193.3218606,53.98892762706338,0.11992769122375707,0
1596160193.3318605,55.78853967235147,0.11992769122375707,0
1596160193.3418605,57.58948209331094,0.11992769122375707,0
1596160193.3518605,59.38935163066446,0.11992769122375707,0
1596160193.3618605,61.188191199756254,0.11992769122375707,0
1596160193.3718605,62.98810365245401,0.11992769122375707,0
1596160193.3818605,64.78943231151162,0.11992769122375707,0
1596160193.3918605,66.58998849437295,0.11992769122375707,0
1596160193.4018605,68.39015843913613,0.11992769122375707,0
1596160193.4118605,70.18994214580117,0.11992769122375707,0
1596160193.4218605,71.98762300059853,0.11992769122375707,0
1596160193.4270337,72.91811349437295,0.11992769122375707,0
1596160193.4270337,360.0,1.714827060699463,0
1596160193.4271107,360,1.714827060699463,1
1596160193.4271107,0,0,0
1596160193.4346478,1.3566827774047852,0,0
1596160193.4346478,16.165824141632044,0.08227300757904032,0
1596160193.4371107,16.611285414825403,0.08227300757904032,0
1596160193.4471107,18.41038247598263,0.08227300757904032,0
1596160193.4571106,20.209694113861048,0.08227300757904032,0
1596160193.4671106,22.01235314859005,0.08227300757904032,0
1596160193.4771106,23.811278548370325,0.08227300757904032,0
1596160193.4871106,25.60968896401974,0.08227300757904032,0
1596160193.4971106,27.40942975534054,0.08227300757904032,0
1596160193.5071106,29.212088790069544,0.08227300757904032,0
1596160193.5171106,31.010027136932337,0.08227300757904032,0
1596160193.5271106,32.80942460549923,0.08227300757904032,0
1596160193.5371106,34.61212655557247,0.08227300757904032,0
1596160193.5471106,36.411352362762415,0.08227300757904032,0
1596160193.5571105,38.21117898477169,0.08227300757904032,0
1596160193.5671105,40.00997563851925,0.08227300757904032,0
1596160193.5771105,41.809373107086145,0.08227300757904032,0
1596160193.5871105,43.610658850799524,0.08227300757904032,0
1596160193.587275,43.63872548593136,0.08227300757904032,0
1596160193.587275,360.0,1.8398356437683105,0
1596160193.5873501,360,1.8398356437683105,1
1596160193.5873501,0,0,0
1596160193.5961514,1.5842199325561523,0,0
1596160193.5961514,18.674006336014976,0.09494325779699346,0
1596160193.5973501,18.89012800959896,0.09494325779699346,0
1596160193.60735,20.692486636918296,0.09494325779699346,0
1596160193.61735,22.492313258927574,0.09494325779699346,0
1596160193.62735,24.290337436478843,0.09494325779699346,0
1596160193.63735,26.090078227799644,0.09494325779699346,0
1596160193.6437702,27.245402210038414,0.09494325779699346,0
1596160193.6437702,301.5417447164965,1.6188118272773162,0
1596160193.64735,302.18865061554436,1.6188118272773162,0
1596160193.65735,303.98680353912835,1.6188118272773162,0
1596160193.66735,305.78611517700676,1.6188118272773162,0
1596160193.67735,307.5876584127856,1.6188118272773162,0
1596160193.68735,309.3862834051562,1.6188118272773162,0
1596160193.69735,311.18645334991936,1.6188118272773162,0
1596160193.70735,312.98662329468254,1.6188118272773162,0
1596160193.71735,314.78747988495354,1.6188118272773162,0
1596160193.72735,316.5881648138476,1.6188118272773162,0
