Type = Reachback Firefly,Function = Reachback Firefly (ln/e^),Refract = 0,Epsilon = 0.3,Start_phase = 294
Timestamp,Phase,Offset,Ping?
1596160312,294,0,0
1596160312.01,295.7972946166992,1.6333333333333333,0
1596160312.02,297.59707832336426,1.6333333333333333,0
1596160312.03,299.39793491363525,1.6333333333333333,0
1596160312.04,301.1995210647583,1.6333333333333333,0
1596160312.05,302.99775981903076,1.6333333333333333,0
1596160312.06,304.7996463775635,1.6333333333333333,0
1596160312.07,306.59968757629395,1.6333333333333333,0
1596160312.08,308.396767616272,1.6333333333333333,0
1596160312.09,310.1982250213623,1.6333333333333333,0
1596160312.1,311.99710750579834,1.6333333333333333,0
1596160312.11,313.79963779449463,1.6333333333333333,0
1596160312.12,315.59727573394775,1.6333333333333333,0
1596160312.1299999,317.39766025543213,1.6333333333333333,0
1596160312.1399999,319.19855976104736,1.6333333333333333,0
1596160312.1499999,320.99907302856445,1.6333333333333333,0
1596160312.1599998,322.7977409362793,1.6333333333333333,0
1596160312.1699998,324.5983829498291,1.6333333333333333,0
1596160312.1799998,326.3985958099365,1.6333333333333333,0
1596160312.1899998,328.19636249542236,1.6333333333333333,0
1596160312.1999998,329.9996223449707,1.6333333333333333,0
1596160312.2099998,331.7967882156372,1.6333333333333333,0
1596160312.2199998,333.5995759963989,1.6333333333333333,0
1596160312.2299998,335.39674186706543,1.6333333333333333,0
1596160312.2399998,337.1974267959595,1.6333333333333333,0
1596160312.2499998,338.9980688095093,1.6333333333333333,0
1596160312.2599998,340.7986249923706,1.6333333333333333,0
1596160312.2699997,342.59716415405273,1.6333333333333333,0
1596160312.2799997,344.39634704589844,1.6333333333333333,0
1596160312.2899997,346.19892024993896,1.6333333333333333,0
1596160312.2999997,347.9993476867676,1.6333333333333333,0
1596160312.3099997,349.79917430877686,1.6333333333333333,0
1596160312.3199997,351.5979709625244,1.6333333333333333,0
1596160312.3299997,353.39741134643555,1.6333333333333333,0
1596160312.3399997,355.19715213775635,1.6333333333333333,0
1596160312.3499997,356.9985237121582,1.6333333333333333,0
1596160312.3532193,357.5758638381958,1.6333333333333333,0
1596160312.3532193,357.5758638381958,1.6333333333333333,0
1596160312.3599997,358.79740619659424,1.6333333333333333,0
1596160312.3666964,360,1.6333333333333333,1
1596160312.3666964,0,0,0
1596160312.3766963,126.90239399944805,0.6950059185577246,0
1596160312.3866963,128.70342225109601,0.6950059185577246,0
1596160312.3966963,130.50423592602277,0.6950059185577246,0
1596160312.4066963,132.30226010357404,0.6950059185577246,0
1596160312.4166963,134.103288355222,0.6950059185577246,0
1596160312.4266963,135.9040591148045,0.6950059185577246,0
1596160312.4366963,137.70414322887922,0.6950059185577246,0
1596160312.4466963,139.50113743816877,0.6950059185577246,0
1596160312.4566963,141.3024660972264,0.6950059185577246,0
1596160312.4666963,143.10147732769514,0.6950059185577246,0
1596160312.4766963,144.90413636242414,0.6950059185577246,0
1596160312.4866962,146.70117348705793,0.6950059185577246,0
1596160312.4966962,148.5019013312962,0.6950059185577246,0
1596160312.5066962,150.3031012443211,0.6950059185577246,0
1596160312.5166962,152.10129708324934,0.6950059185577246,0
1596160312.5266962,153.90305489574934,0.6950059185577246,0
1596160312.5366962,155.70236653362775,0.6950059185577246,0
1596160312.5466962,157.5018069175389,0.6950059185577246,0
1596160312.5566962,159.30206269299055,0.6950059185577246,0
1596160312.5666962,161.10257596050764,0.6950059185577246,0
1596160312.5766962,162.90403336559797,0.6950059185577246,0
1596160312.5866961,164.70364541088605,0.6950059185577246,0
1596160312.5966961,166.5014120963719,0.6950059185577246,0
1596160312.6066961,168.30252617870832,0.6950059185577246,0
1596160312.6166961,170.10355443035627,0.6950059185577246,0
1596160312.626696,171.90136403118635,0.6950059185577246,0
1596160312.636696,173.70316475903059,0.6950059185577246,0
1596160312.646696,175.5012318519261,0.6950059185577246,0
1596160312.656696,177.30376214062238,0.6950059185577246,0
1596160312.666696,179.10152882610822,0.6950059185577246,0
1596160312.676696,180.90182751690412,0.6950059185577246,0
1596160312.686696,182.7017828849461,0.6950059185577246,0
1596160312.696696,184.5022961524632,0.6950059185577246,0
1596160312.706696,186.30165070568586,0.6950059185577246,0
1596160312.716696,188.10229271923566,0.6950059185577246,0
1596160312.726696,189.90190476452375,0.6950059185577246,0
1596160312.736696,191.70434922253156,0.6950059185577246,0
1596160312.746696,193.50117177044416,0.6950059185577246,0
1596160312.756696,195.30181378399396,0.6950059185577246,0
1596160312.766696,197.10254162823225,0.6950059185577246,0
1596160312.776696,198.901552858701,0.6950059185577246,0
1596160312.786696,200.70215195690656,0.6950059185577246,0
1596160312.796696,202.50240773235822,0.6950059185577246,0
1596160312.806696,204.3011185554173,0.6950059185577246,0
1596160312.816696,206.1032196906712,0.6950059185577246,0
1596160312.826696,207.9026171592381,0.6950059185577246,0
1596160312.836696,209.7025725272801,0.6950059185577246,0
1596160312.846696,211.50372952496076,0.6950059185577246,0
1596160312.856696,213.3011528876927,0.6950059185577246,0
1596160312.866696,215.10385483776594,0.6950059185577246,0
1596160312.8766959,216.90436810528303,0.6950059185577246,0
1596160312.8866959,218.7038514045384,0.6950059185577246,0
1596160312.8966959,220.50251931225324,0.6950059185577246,0
1596160312.9066958,222.3022171882298,0.6950059185577246,0
1596160312.9166958,224.1021725562718,0.6950059185577246,0
1596160312.9266958,225.90122670208478,0.6950059185577246,0
1596160312.9366958,227.7038857368138,0.6950059185577246,0
1596160312.9466958,229.5016095069554,0.6950059185577246,0
1596160312.9566958,231.30220860516096,0.6950059185577246,0
1596160312.9666958,233.10117692028547,0.6950059185577246,0
1596160312.9766958,234.9039647010472,0.6950059185577246,0
1596160312.9866958,236.70340508495832,0.6950059185577246,0
1596160312.9966958,238.5026738074925,0.6950059185577246,0
1596160313.0066957,240.3018566993382,0.6950059185577246,0
1596160313.0166957,242.10133999859357,0.6950059185577246,0
1596160313.0266957,243.9009949592259,0.6950059185577246,0
1596160313.0366957,245.7029673484471,0.6950059185577246,0
1596160313.0466957,247.50300854717756,0.6950059185577246,0
1596160313.0566957,249.30270642315412,0.6950059185577246,0
1596160313.0666957,251.10171765362287,0.6950059185577246,0
1596160313.0766957,252.90124386822248,0.6950059185577246,0
1596160313.0866957,254.70283001934553,0.6950059185577246,0
1596160313.0966957,256.50124043499494,0.6950059185577246,0
1596160313.1066957,258.3032986549046,0.6950059185577246,0
1596160313.1166956,260.1032540229466,0.6950059185577246,0
1596160313.1266956,261.90205067669416,0.6950059185577246,0
1596160313.1366956,263.7011906531956,0.6950059185577246,0
1596160313.1466956,265.503377619138,0.6950059185577246,0
1596160313.1566956,267.3034188178685,0.6950059185577246,0
1596160313.1666956,269.1019579795506,0.6950059185577246,0
1596160313.1766956,270.90251416241193,0.6950059185577246,0
1596160313.1866956,272.70126790081525,0.6950059185577246,0
1596160313.1966956,274.5026394752171,0.6950059185577246,0
1596160313.2066956,276.30242318188215,0.6950059185577246,0
1596160313.2166955,278.1019064811375,0.6950059185577246,0
1596160313.2266955,279.9018618491795,0.6950059185577246,0
1596160313.2366955,281.70379132305646,0.6950059185577246,0
1596160313.2466955,283.5015580085423,0.6950059185577246,0
1596160313.2566955,285.30099839245344,0.6950059185577246,0
1596160313.2666955,287.1014687446263,0.6950059185577246,0
1596160313.2766955,288.90365571056867,0.6950059185577246,0
1596160313.2866955,290.7010790733006,0.6950059185577246,0
1596160313.2966955,292.50219315563703,0.6950059185577246,0
1596160313.3066955,294.3039080527928,0.6950059185577246,0
1596160313.3166955,296.1024042991307,0.6950059185577246,0
1596160313.3266954,297.902960481992,0.6950059185577246,0
1596160313.3366954,299.7019287971165,0.6950059185577246,0
1596160313.3466954,301.50269955669904,0.6950059185577246,0
1596160313.3566954,303.3029553321507,0.6950059185577246,0
1596160313.3666954,305.10376900707746,0.6950059185577246,0
1596160313.3766954,306.90192193066144,0.6950059185577246,0
1596160313.3866954,308.7029501823094,0.6950059185577246,0
1596160313.3966954,310.5038067725804,0.6950059185577246,0
1596160313.4066954,312.3011013892796,0.6950059185577246,0
1596160313.4166954,314.10122841869855,0.6950059185577246,0
1596160313.4266953,315.90277165447736,0.6950059185577246,0
1596160313.4366953,317.70161122356916,0.6950059185577246,0
1596160313.4466953,319.5014807609227,0.6950059185577246,0
1596160313.4566953,321.3031527427342,0.6950059185577246,0
1596160313.4666953,323.1009623435643,0.6950059185577246,0
1596160313.4766953,324.90289181744123,0.6950059185577246,0
1596160313.4866953,326.703705492368,0.6950059185577246,0
1596160313.4966953,328.5026738074925,0.6950059185577246,0
1596160313.5008178,329.2429205802586,0.6950059185577246,0
1596160313.5008178,329.2429205802586,0.6950059185577246,0
1596160313.5066953,330.3015992072728,0.6950059185577246,0
1596160313.5166953,332.1033570197728,0.6950059185577246,0
1596160313.5266953,333.90206784283185,0.6950059185577246,0
1596160313.5366952,335.70133656536603,0.6950059185577246,0
1596160313.5466952,337.50223607098127,0.6950059185577246,0
1596160313.5566952,339.3009039786961,0.6950059185577246,0
1596160313.5666952,341.1035200980809,0.6950059185577246,0
1596160313.5766952,342.9027029899266,0.6950059185577246,0
1596160313.5866952,344.70218628918195,0.6950059185577246,0
1596160313.5966952,346.5014120963719,0.6950059185577246,0
1596160313.6066952,348.30256909405256,0.6950059185577246,0
1596160313.6166952,350.10153740917707,0.6950059185577246,0
1596160313.6266952,351.9041964439061,0.6950059185577246,0
1596160313.6366951,353.70256394421125,0.6950059185577246,0
1596160313.6466951,355.5010172752049,0.6950059185577246,0
1596160313.6566951,357.30170220409894,0.6950059185577246,0
1596160313.666695,359.1030737785008,0.6950059185577246,0
1596160313.6717036,360,0.6950059185577246,1
1596160313.6717036,0,0,0
1596160313.6817036,116.9902504942057,0.6399363088724996,0
1596160313.6917036,118.79102125378822,0.6399363088724996,0
1596160313.7017035,120.59033289166663,0.6399363088724996,0
1596160313.7117035,122.38870039197181,0.6399363088724996,0
1596160313.7217035,124.18904199811195,0.6399363088724996,0
1596160313.7317035,125.9889544508097,0.6399363088724996,0
1596160313.7417035,127.78951063367103,0.6399363088724996,0
1596160313.7517035,129.58959474774574,0.6399363088724996,0
1596160313.7617035,131.3887347242472,0.6399363088724996,0
1596160313.7717035,133.1897200605509,0.6399363088724996,0
1596160313.7817035,134.99160661908363,0.6399363088724996,0
1596160313.7917035,136.79104700299476,0.6399363088724996,0
1596160313.8017035,138.5915173551676,0.6399363088724996,0
1596160313.8117034,140.38885488721107,0.6399363088724996,0
1596160313.8217034,142.19104185315345,0.6399363088724996,0
1596160313.8317034,143.9900530836222,0.6399363088724996,0
1596160313.8417034,145.78992262097572,0.6399363088724996,0
1596160313.8517034,147.58889093610023,0.6399363088724996,0
1596160313.8617034,149.391507055485,0.6399363088724996,0
1596160313.8717034,151.19060411664222,0.6399363088724996,0
1596160313.8817034,152.99128904553626,0.6399363088724996,0
1596160313.8917034,154.7918452283976,0.6399363088724996,0
1596160313.9017034,156.59021272870277,0.6399363088724996,0
1596160313.9117033,158.3899964353678,0.6399363088724996,0
1596160313.9217033,160.19115343304847,0.6399363088724996,0
1596160313.9317033,161.9893492719767,0.6399363088724996,0
1596160313.9417033,163.78878965588783,0.6399363088724996,0
1596160313.9517033,165.59037580701087,0.6399363088724996,0
1596160313.9617033,167.38942995282386,0.6399363088724996,0
1596160313.9717033,169.19174566479896,0.6399363088724996,0
1596160313.9817033,170.99135771008704,0.6399363088724996,0
1596160313.9917033,172.79152765485023,0.6399363088724996,0
1596160314.0017033,174.5911397001383,0.6399363088724996,0
1596160314.0117033,176.39083757611488,0.6399363088724996,0
1596160314.0217032,178.1917370817301,0.6399363088724996,0
1596160314.0317032,179.99036207410072,0.6399363088724996,0
1596160314.0417032,181.79044618817542,0.6399363088724996,0
1596160314.0517032,183.5909594556925,0.6399363088724996,0
1596160314.0617032,185.3913439771769,0.6399363088724996,0
1596160314.0717032,187.19018354626868,0.6399363088724996,0
1596160314.0817032,188.98863687726234,0.6399363088724996,0
1596160314.0917032,190.79043760510658,0.6399363088724996,0
1596160314.1017032,192.59069338055824,0.6399363088724996,0
1596160314.1117032,194.39013376446937,0.6399363088724996,0
1596160314.1217031,196.19171991559242,0.6399363088724996,0
1596160314.1317031,197.98948660107826,0.6399363088724996,0
1596160314.1417031,199.78901281567786,0.6399363088724996,0
1596160314.1517031,201.59128561230872,0.6399363088724996,0
1596160314.161703,203.3885373136637,0.6399363088724996,0
1596160314.171703,205.1917542478678,0.6399363088724996,0
1596160314.181703,206.98866262646888,0.6399363088724996,0
1596160314.191703,208.79007711621497,0.6399363088724996,0
1596160314.201703,210.58986082288,0.6399363088724996,0
1596160314.211703,212.39033117505286,0.6399363088724996,0
1596160314.221703,214.1892136594889,0.6399363088724996,0
1596160314.231703,215.9892977735636,0.6399363088724996,0
1596160314.241703,217.79157057019447,0.6399363088724996,0
1596160314.251703,219.58847894879554,0.6399363088724996,0
1596160314.261703,221.38847723218177,0.6399363088724996,0
1596160314.271703,223.18890466901038,0.6399363088724996,0
1596160314.281703,224.99014749737952,0.6399363088724996,0
1596160314.291703,226.79014578076576,0.6399363088724996,0
1596160314.301703,228.58907118054603,0.6399363088724996,0
1596160314.311703,230.3907860777018,0.6399363088724996,0
1596160314.321703,232.19138517590736,0.6399363088724996,0
1596160314.331703,233.9893664381144,0.6399363088724996,0
1596160314.341703,235.78893556805824,0.6399363088724996,0
1596160314.351703,237.58992090436195,0.6399363088724996,0
1596160314.3534346,237.90011301251624,0.6399363088724996,0
1596160314.3534346,237.90011301251624,0.6399363088724996,0
1596160314.361703,239.39056291791175,0.6399363088724996,0
1596160314.371703,241.18918791028236,0.6399363088724996,0
1596160314.381703,242.99051656933997,0.6399363088724996,0
1596160314.391703,244.7890557310221,0.6399363088724996,0
1596160314.401703,246.58875360699867,0.6399363088724996,0
1596160314.4117029,248.39064016553138,0.6399363088724996,0
1596160314.4217029,250.18853559704993,0.6399363088724996,0
1596160314.4317029,251.9890059492228,0.6399363088724996,0
1596160314.4417028,253.7912358305094,0.6399363088724996,0
1596160314.4517028,255.58904543133949,0.6399363088724996,0
1596160314.4617028,257.39041700574137,0.6399363088724996,0
1596160314.4717028,259.188870336735,0.6399363088724996,0
1596160314.4817028,260.9886969587443,0.6399363088724996,0
1596160314.4917028,262.7907980939982,0.6399363088724996,0
1596160314.5017028,264.5889510175822,0.6399363088724996,0
1596160314.5117028,266.39109506818033,0.6399363088724996,0
1596160314.5217028,268.18847551556803,0.6399363088724996,0
1596160314.5317028,269.99070539685465,0.6399363088724996,0
1596160314.5417027,271.78877248975016,0.6399363088724996,0
1596160314.5517027,273.59121694775797,0.6399363088724996,0
1596160314.5617027,275.3899706861613,0.6399363088724996,0
1596160314.5717027,277.18932523938395,0.6399363088724996,0
1596160314.5817027,278.99065389844156,0.6399363088724996,0
1596160314.5917027,280.7900942823527,0.6399363088724996,0
1596160314.6017027,282.58867635937906,0.6399363088724996,0
1596160314.6117027,284.39017667981364,0.6399363088724996,0
1596160314.6217027,286.189659979069,0.6399363088724996,0
1596160314.6317027,287.9912890455363,0.6399363088724996,0
1596160314.6417027,289.79030027600504,0.6399363088724996,0
1596160314.6517026,291.5899123212931,0.6399363088724996,0
1596160314.6617026,293.3916701337931,0.6399363088724996,0
1596160314.6717026,295.18986597272135,0.6399363088724996,0
1596160314.6817026,296.99119463177897,0.6399363088724996,0
1596160314.6917026,298.7894333860514,0.6399363088724996,0
1596160314.7017026,300.590933706486,0.6399363088724996,0
1596160314.7117026,302.3898591062663,0.6399363088724996,0
1596160314.7217026,304.18835535260416,0.6399363088724996,0
1596160314.7317026,305.98886862012125,0.6399363088724996,0
1596160314.7417026,307.79105558606364,0.6399363088724996,0
1596160314.7517025,309.59071054669596,0.6399363088724996,0
1596160314.7617025,311.39156713696696,0.6399363088724996,0
1596160314.7717025,313.1914795896647,0.6399363088724996,0
1596160314.7817025,314.9883879682658,0.6399363088724996,0
1596160314.7917025,316.7897166273234,0.6399363088724996,0
1596160314.8017025,318.5915602705119,0.6399363088724996,0
1596160314.8117025,320.3898848554728,0.6399363088724996,0
1596160314.8217025,322.1914280912516,0.6399363088724996,0
1596160314.8317025,323.9908255598185,0.6399363088724996,0
1596160314.8417025,325.78902139874674,0.6399363088724996,0
1596160314.8517025,327.589920904362,0.6399363088724996,0
1596160314.8617024,329.3883742353556,0.6399363088724996,0
1596160314.8717024,331.18983164044596,0.6399363088724996,0
1596160314.8817024,332.98832788678385,0.6399363088724996,0
1596160314.8910508,334.67103853436686,0.6399363088724996,0
1596160314.8910508,334.67103853436686,0.6399363088724996,0
1596160314.8917024,334.7898282072184,0.6399363088724996,0
1596160314.9017024,336.5890969297526,0.6399363088724996,0
1596160314.9117024,338.389481451237,0.6399363088724996,0
1596160314.9217024,340.1906813642619,0.6399363088724996,0
1596160314.9317024,341.99029340954996,0.6399363088724996,0
1596160314.9417024,343.790077116215,0.6399363088724996,0
1596160314.9517024,345.5914057752726,0.6399363088724996,0
1596160314.9617023,347.3893441221354,0.6399363088724996,0
1596160314.9717023,349.1915310880778,0.6399363088724996,0
1596160314.9817023,350.9895981809733,0.6399363088724996,0
1596160314.9917023,352.79071226330973,0.6399363088724996,0
1596160315.0017023,354.58835020276285,0.6399363088724996,0
1596160315.0117023,356.3909234068034,0.6399363088724996,0
1596160315.0217023,358.19096460553385,0.6399363088724996,0
1596160315.0317023,359.9907483121989,0.6399363088724996,0
1596160315.031776,360,0.6399363088724996,1
1596160315.031776,0,0,0
1596160315.041776,202.1191444466862,1.1128836685145083,0
1596160315.051776,203.92120266659586,1.1128836685145083,0
1596160315.061776,205.7209863732609,1.1128836685145083,0
1596160315.071776,207.5205125878605,1.1128836685145083,0
1596160315.081776,209.3211546014103,1.1128836685145083,0
1596160315.091776,211.11969376309244,1.1128836685145083,0
1596160315.101776,212.9217519830021,1.1128836685145083,0
1596160315.1117759,214.72162152035563,1.1128836685145083,0
1596160315.1217759,216.5213193963322,1.1128836685145083,0
1596160315.1317759,218.32033062680094,1.1128836685145083,0
1596160315.1417758,220.12101555569498,1.1128836685145083,0
1596160315.1517758,221.92170048458902,1.1128836685145083,0
1596160315.1617758,223.72036839230387,1.1128836685145083,0
1596160315.1717758,225.5194654534611,1.1128836685145083,0
1596160315.1817758,227.32040787442057,1.1128836685145083,0
1596160315.1917758,229.12066364987223,1.1128836685145083,0
1596160315.2017758,230.92087650997965,1.1128836685145083,0
1596160315.2117758,232.7202310632023,1.1128836685145083,0
1596160315.2217758,234.52048683865397,1.1128836685145083,0
1596160315.2317758,236.31906891568033,1.1128836685145083,0
1596160315.2417758,238.1198825906071,1.1128836685145083,0
1596160315.2517757,239.91902256710856,1.1128836685145083,0
1596160315.2617757,241.72159577114908,1.1128836685145083,0
1596160315.2717757,243.51940537197916,1.1128836685145083,0
1596160315.2817757,245.31936074002115,1.1128836685145083,0
1596160315.2917757,247.12146187527506,1.1128836685145083,0
1596160315.3017757,248.91987229092447,1.1128836685145083,0
1596160315.3117757,250.72115803463785,1.1128836685145083,0
1596160315.3217757,252.52081299527018,1.1128836685145083,0
1596160315.3317757,254.32089710934488,1.1128836685145083,0
1596160315.3417757,256.12222576840253,1.1128836685145083,0
1596160315.3517756,257.92042160733075,1.1128836685145083,0
1596160315.3617756,259.72149277432294,1.1128836685145083,0
1596160315.3717756,261.5219631264958,1.1128836685145083,0
1596160315.3817756,263.3195581506047,1.1128836685145083,0
1596160315.3917756,265.1202001641545,1.1128836685145083,0
1596160315.4017756,266.92002678616376,1.1128836685145083,0
1596160315.4117756,268.7219562600407,1.1128836685145083,0
1596160315.4217756,270.52216912014813,1.1128836685145083,0
1596160315.4317756,272.32169533474774,1.1128836685145083,0
1596160315.4417756,274.11941910488935,1.1128836685145083,0
1596160315.4517756,275.91950321896405,1.1128836685145083,0
1596160315.4617755,277.721432692841,1.1128836685145083,0
1596160315.4717755,279.52100182278485,1.1128836685145083,0
1596160315.4724183,279.63468456967206,1.1128836685145083,0
1596160315.4724183,279.63468456967206,1.1128836685145083,0
1596160315.4817755,281.3191118310246,1.1128836685145083,0
1596160315.4917755,283.12026882870526,1.1128836685145083,0
1596160315.5017755,284.92078209622235,1.1128836685145083,0
1596160315.5117755,286.7196645806584,1.1128836685145083,0
1596160315.5217755,288.5219802926335,1.1128836685145083,0
1596160315.5317755,290.3215065072331,1.1128836685145083,0
1596160315.5417755,292.11897278530927,1.1128836685145083,0
1596160315.5517755,293.9203443597111,1.1128836685145083,0
1596160315.5617754,295.72047138913007,1.1128836685145083,0
1596160315.5717754,297.5208129952702,1.1128836685145083,0
1596160315.5817754,299.3212404320988,1.1128836685145083,0
1596160315.5917754,301.11935044033856,1.1128836685145083,0
1596160315.6017754,302.9206790993962,1.1128836685145083,0
1596160315.6117754,304.7201194833073,1.1128836685145083,0
1596160315.6217754,306.52149105770917,1.1128836685145083,0
1596160315.6317754,308.32144642575116,1.1128836685145083,0
1596160315.6417754,310.1211443017277,1.1128836685145083,0
1596160315.6517754,311.9199838708195,1.1128836685145083,0
1596160315.6617754,313.72054005368085,1.1128836685145083,0
1596160315.6717753,315.5203237603459,1.1128836685145083,0
1596160315.6817753,317.3196353982243,1.1128836685145083,0
1596160315.6917753,319.1212644646916,1.1128836685145083,0
1596160315.7017753,320.9205331872258,1.1128836685145083,0
1596160315.7117753,322.7210035393986,1.1128836685145083,0
1596160315.7217753,324.520486838654,1.1128836685145083,0
1596160315.7317753,326.3197555611882,1.1128836685145083,0
1596160315.7417753,328.12228584988446,1.1128836685145083,0
1596160315.7517753,329.9220695565495,1.1128836685145083,0
1596160315.7617753,331.7216816018376,1.1128836685145083,0
1596160315.7717752,333.52069283230634,1.1128836685145083,0
1596160315.7817752,335.31897450192304,1.1128836685145083,0
1596160315.7917752,337.11892986996503,1.1128836685145083,0
1596160315.8017752,338.92073059780927,1.1128836685145083,0
1596160315.8117752,340.7192697594914,1.1128836685145083,0
1596160315.8217752,342.5212850640568,1.1128836685145083,0
1596160315.8317752,344.3200817178044,1.1128836685145083,0
1596160315.8417752,346.1202945779118,1.1128836685145083,0
1596160315.8517752,347.9208936761174,1.1128836685145083,0
1596160315.8617752,349.7208061288151,1.1128836685145083,0
1596160315.8717752,351.5201606820378,1.1128836685145083,0
1596160315.8817751,353.31977272732587,1.1128836685145083,0
1596160315.8917751,355.12071514828534,1.1128836685145083,0
1596160315.9017751,356.91891098721356,1.1128836685145083,0
1596160315.911775,358.7202825616154,1.1128836685145083,0
1596160315.9188962,360,1.1128836685145083,1
1596160315.9188962,0,0,0
1596160315.9288962,99.63484426637957,0.5435147627802066,0
1596160315.9388962,101.43535753389666,0.5435147627802066,0
1596160315.9488962,103.23295255800555,0.5435147627802066,0
1596160315.9588962,105.0334229101784,0.5435147627802066,0
1596160315.9688962,106.83397909303973,0.5435147627802066,0
1596160315.9788961,108.63286157747577,0.5435147627802066,0
1596160315.9888961,110.43466230532,0.5435147627802066,0
1596160315.9988961,112.23311563631366,0.5435147627802066,0
1596160316.008896,114.0349163641579,0.5435147627802066,0
1596160316.018896,115.83448549410174,0.5435147627802066,0
1596160316.028896,117.63551374574969,0.5435147627802066,0
1596160316.038896,119.43263670107196,0.5435147627802066,0
1596160316.048896,121.23263498445819,0.5435147627802066,0
1596160316.058896,123.03568025728534,0.5435147627802066,0
1596160316.068896,124.835936032737,0.5435147627802066,0
1596160316.078896,126.63271566530535,0.5435147627802066,0
1596160316.088896,128.43361517092058,0.5435147627802066,0
1596160316.0975487,129.9901117910988,0.5435147627802066,0
1596160316.0975487,129.9901117910988,0.5435147627802066,0
1596160316.098896,130.2330555548317,0.5435147627802066,0
1596160316.108896,132.03528543611833,0.5435147627802066,0
1596160316.118896,133.83283754488298,0.5435147627802066,0
1596160316.128896,135.63408037325212,0.5435147627802066,0
1596160316.138896,137.43399282594987,0.5435147627802066,0
1596160316.148896,139.2338623633034,0.5435147627802066,0
1596160316.158896,141.0356201758034,0.5435147627802066,0
1596160316.168896,142.83265730043718,0.5435147627802066,0
1596160316.178896,144.63518758913347,0.5435147627802066,0
1596160316.188896,146.43544336458513,0.5435147627802066,0
1596160316.198896,148.23578497072526,0.5435147627802066,0
1596160316.208896,150.03518243929216,0.5435147627802066,0
1596160316.218896,151.83479448458024,0.5435147627802066,0
1596160316.228896,153.6353935827858,0.5435147627802066,0
1596160316.238896,155.4351343741066,0.5435147627802066,0
1596160316.248896,157.23375936647722,0.5435147627802066,0
1596160316.2588959,159.0357317556984,0.5435147627802066,0
1596160316.2688959,160.83405634065934,0.5435147627802066,0
1596160316.2788959,162.63547083040544,0.5435147627802066,0
1596160316.2888958,164.4359411825783,0.5435147627802066,0
1596160316.2988958,166.2356819738991,0.5435147627802066,0
1596160316.3088958,168.03507944246599,0.5435147627802066,0
1596160316.3188958,169.83318945070573,0.5435147627802066,0
1596160316.3288958,171.6326727499611,0.5435147627802066,0
1596160316.3388958,173.43327184816667,0.5435147627802066,0
1596160316.3488958,175.23314138552018,0.5435147627802066,0
1596160316.3588958,177.03562875887224,0.5435147627802066,0
1596160316.3688958,178.8344254126198,0.5435147627802066,0
1596160316.3788958,180.63343664308854,0.5435147627802066,0
1596160316.3888958,182.43343492647477,0.5435147627802066,0
1596160316.3988957,184.23459192415544,0.5435147627802066,0
1596160316.4088957,186.0329594244606,0.5435147627802066,0
1596160316.4188957,187.83484598299333,0.5435147627802066,0
1596160316.4251506,188.95845552584,0.5435147627802066,0
1596160316.4251506,188.95845552584,0.5435147627802066,0
1596160316.4288957,189.63351389070817,0.5435147627802066,0
1596160316.4388957,191.43359800478288,0.5435147627802066,0
1596160316.4488957,193.23479791780778,0.5435147627802066,0
1596160316.4588957,195.03406664034196,0.5435147627802066,0
1596160316.4688957,196.83415075441667,0.5435147627802066,0
1596160316.4788957,198.63397737642595,0.5435147627802066,0
1596160316.4888957,200.43586393495866,0.5435147627802066,0
1596160316.4988956,202.23302980562516,0.5435147627802066,0
1596160316.5088956,204.03474470278093,0.5435147627802066,0
1596160316.5188956,205.8333267798073,0.5435147627802066,0
1596160316.5288956,207.63581415315934,0.5435147627802066,0
1596160316.5388956,209.434267484153,0.5435147627802066,0
1596160316.5488956,211.23392244478532,0.5435147627802066,0
1596160316.5588956,213.03477903505632,0.5435147627802066,0
1596160316.5688956,214.83490606447526,0.5435147627802066,0
1596160316.5788956,216.6328873266823,0.5435147627802066,0
1596160316.5888956,218.43507429262468,0.5435147627802066,0
1596160316.5988955,220.23498674532243,0.5435147627802066,0
1596160316.6088955,222.03292509218522,0.5435147627802066,0
1596160316.6188955,223.83502622743913,0.5435147627802066,0
1596160316.6288955,225.63274999758073,0.5435147627802066,0
1596160316.6388955,227.43287702699968,0.5435147627802066,0
1596160316.6415262,227.90606161257097,0.5435147627802066,0
1596160316.6415262,227.90606161257097,0.5435147627802066,0
1596160316.6488955,229.2345490088112,0.5435147627802066,0
1596160316.6588955,231.0345043768532,0.5435147627802066,0
1596160316.6688955,232.83415933748552,0.5435147627802066,0
1596160316.6788955,234.63256975313493,0.5435147627802066,0
1596160316.6888955,236.43381258150407,0.5435147627802066,0
1596160316.6988955,238.23565622469255,0.5435147627802066,0
1596160316.7088954,240.0346674551613,0.5435147627802066,0
1596160316.7188954,241.83449407717058,0.5435147627802066,0
1596160316.7288954,243.63264700075456,0.5435147627802066,0
1596160316.7388954,245.4351343741066,0.5435147627802066,0
1596160316.7488954,247.2358622183449,0.5435147627802066,0
1596160316.7588954,249.03388639589616,0.5435147627802066,0
1596160316.7688954,250.8350004782326,0.5435147627802066,0
1596160316.7788954,252.63259550234147,0.5435147627802066,0
1596160316.7888954,254.43478246828386,0.5435147627802066,0
1596160316.7988954,256.2329783072121,0.5435147627802066,0
1596160316.8088953,258.03482195040056,0.5435147627802066,0
1596160316.8188953,259.83310362001725,0.5435147627802066,0
1596160316.8288953,261.6353335013039,0.5435147627802066,0
1596160316.8388953,263.43438764711686,0.5435147627802066,0
1596160316.8488953,265.2327122320778,0.5435147627802066,0
1596160316.8588953,267.03326841493913,0.5435147627802066,0
1596160316.8688953,268.8325371374733,0.5435147627802066,0
1596160316.8788953,270.63274999758073,0.5435147627802066,0
1596160316.8888953,272.4333490957863,0.5435147627802066,0
1596160316.8988953,274.2351069082863,0.5435147627802066,0
1596160316.9088953,276.0340752234108,0.5435147627802066,0
1596160316.9188952,277.8357042898781,0.5435147627802066,0
1596160316.9288952,279.634200536216,0.5435147627802066,0
1596160316.9388952,281.43570085665056,0.5435147627802066,0
1596160316.9488952,283.2338108648903,0.5435147627802066,0
1596160316.9588952,285.03406664034196,0.5435147627802066,0
1596160316.9688952,286.83346410890886,0.5435147627802066,0
1596160316.9788952,288.6348356833107,0.5435147627802066,0
1596160316.9888952,290.432688199485,0.5435147627802066,0
1596160316.9988952,292.2339739431984,0.5435147627802066,0
1596160317.0088952,294.03453012605974,0.5435147627802066,0
1596160317.0188951,295.8340134253151,0.5435147627802066,0
1596160317.0288951,297.6326384176857,0.5435147627802066,0
1596160317.0388951,299.4355120291359,0.5435147627802066,0
1596160317.0488951,301.23542448183366,0.5435147627802066,0
1596160317.058895,303.03392072817155,0.5435147627802066,0
1596160317.068895,304.8343910803444,0.5435147627802066,0
1596160317.078895,306.6331019034035,0.5435147627802066,0
1596160317.088895,308.4343447317726,0.5435147627802066,0
1596160317.098895,310.2346005072243,0.5435147627802066,0
1596160317.108895,312.0350279440529,0.5435147627802066,0
1596160317.118895,313.83292337557145,0.5435147627802066,0
1596160317.128895,315.6352820028908,0.5435147627802066,0
1596160317.138895,317.43532320162126,0.5435147627802066,0
1596160317.148895,319.2340769400246,0.5435147627802066,0
1596160317.158895,321.03257318636247,0.5435147627802066,0
1596160317.168895,322.8339018454201,0.5435147627802066,0
1596160317.178895,324.63471552034684,0.5435147627802066,0
1596160317.188895,326.4345421423561,0.5435147627802066,0
1596160317.198895,328.2350554098732,0.5435147627802066,0
1596160317.208895,330.0353541006691,0.5435147627802066,0
1596160317.218895,331.8351807226784,0.5435147627802066,0
1596160317.228895,333.6340202917702,0.5435147627802066,0
1596160317.238895,335.43573518892595,0.5435147627802066,0
1596160317.248895,337.2350897421486,0.5435147627802066,0
1596160317.258895,339.03251310488054,0.5435147627802066,0
1596160317.268895,340.8347859015114,0.5435147627802066,0
1596160317.278895,342.632509671653,0.5435147627802066,0
1596160317.288895,344.4341387381203,0.5435147627802066,0
1596160317.298895,346.23473783632585,0.5435147627802066,0
1596160317.3088949,348.0351223578102,0.5435147627802066,0
1596160317.309141,348.0767073263771,0.5435147627802066,0
1596160317.309141,348.0767073263771,0.5435147627802066,0
1596160317.3188949,349.83533521791765,0.5435147627802066,0
1596160317.3288949,351.63576265474626,0.5435147627802066,0
1596160317.3388948,353.435675107444,0.5435147627802066,0
1596160317.3488948,355.23533006807634,0.5435147627802066,0
1596160317.3588948,357.032882176841,0.5435147627802066,0
1596160317.3688948,358.83536955019304,0.5435147627802066,0
1596160317.3753965,360,0.5435147627802066,1
1596160317.3753965,0,0,0
1596160317.3853965,314.90132506203946,1.7394422786937982,0
1596160317.3953965,316.7022245676547,1.7394422786937982,0
1596160317.4053965,318.5016220362216,1.7394422786937982,0
1596160317.4153965,320.2997749598056,1.7394422786937982,0
1596160317.4253964,322.10140402627286,1.7394422786937982,0
1596160317.4353964,323.8996427805453,1.7394422786937982,0
1596160317.4453964,325.69998438668546,1.7394422786937982,0
1596160317.4553964,327.50105555367765,1.7394422786937982,0
1596160317.4653964,329.3025558741122,1.7394422786937982,0
1596160317.4753964,331.10075171304044,1.7394422786937982,0
1596160317.4853964,332.90139372659024,1.7394422786937982,0
1596160317.4953964,334.70272238564786,1.7394422786937982,0
1596160317.5053964,336.50199110818204,1.7394422786937982,0
1596160317.5153964,338.3001011164218,1.7394422786937982,0
1596160317.5253963,340.1021164209872,1.7394422786937982,0
1596160317.5353963,341.9006126673251,1.7394422786937982,0
1596160317.5453963,343.7021559031039,1.7394422786937982,0
1596160317.5553963,345.50056631875333,1.7394422786937982,0
1596160317.5653963,347.30030711007413,1.7394422786937982,0
1596160317.5753963,349.1018932611972,1.7394422786937982,0
1596160317.5853963,350.90283568215665,1.7394422786937982,0
1596160317.5953963,352.6999157221347,1.7394422786937982,0
1596160317.6053963,354.5019310267001,1.7394422786937982,0
1596160317.6153963,356.302229717496,1.7394422786937982,0
1596160317.6253963,358.09999640298184,1.7394422786937982,0
1596160317.6353962,359.90153963876065,1.7394422786937982,0
1596160317.6359591,360,1.7394422786937982,1
1596160317.6359591,0,0,0
1596160317.6459591,1.8015432357788086,0,0
1596160317.6559591,3.6014556884765625,0,0
1596160317.6659591,5.400981903076172,0,0
1596160317.675959,7.201623916625977,0,0
1596160317.685959,9.002909660339355,0,0
1596160317.695959,10.801835060119629,0,0
1596160317.705959,12.602648735046387,0,0
1596160317.715959,14.401960372924805,0,0
1596160317.725959,16.202731132507324,0,0
1596160317.735959,18.002943992614746,0,0
1596160317.745959,19.802556037902832,0,0
1596160317.755959,21.602683067321777,0,0
1596160317.765959,23.401994705200195,0,0
1596160317.775959,25.20310878753662,0,0
1596160317.785959,27.00018882751465,0,0
1596160317.795959,28.803062438964844,0,0
1596160317.805959,30.600013732910156,0,0
1596160317.815959,32.40297317504883,0,0
1596160317.825959,34.20151233673096,0,0
1596160317.835959,36.00099563598633,0,0
1596160317.845959,37.80318260192871,0,0
1596160317.855959,39.60215091705322,0,0
1596160317.865959,41.401119232177734,0,0
1596160317.875959,43.20004463195801,0,0
1596160317.885959,45.001630783081055,0,0
1596160317.895959,46.801414489746094,0,0
1596160317.905959,48.60184192657471,0,0
1596160317.915959,50.40149688720703,0,0
1596160317.9259589,52.20132350921631,0,0
1596160317.9359589,54.00209426879883,0,0
1596160317.9459589,55.80239295959473,0,0
1596160317.9559588,57.60260581970215,0,0
1596160317.9659588,59.40234661102295,0,0
1596160317.9759588,61.2007999420166,0,0
1596160317.9859588,63.00131320953369,0,0
1596160317.9959588,64.80144023895264,0,0
1596160318.0059588,66.60070896148682,0,0
1596160318.0130067,67.86855697631836,0,0
1596160318.0130067,67.86855697631836,0,0
1596160318.0159588,68.40229511260986,0,0
1596160318.0259588,70.20164966583252,0,0
1596160318.0359588,72.00151920318604,0,0
1596160318.0459588,73.80087375640869,0,0
1596160318.0559587,75.60215950012207,0,0
1596160318.0659587,77.40245819091797,0,0
1596160318.0759587,79.20228481292725,0,0
1596160318.0859587,81.00022315979004,0,0
1596160318.0959587,82.80095100402832,0,0
1596160318.1059587,84.60193634033203,0,0
1596160318.1159587,86.40283584594727,0,0
1596160318.1259587,88.20223331451416,0,0
1596160318.1359587,90.00081539154053,0,0
1596160318.1459587,91.80145740509033,0,0
1596160318.1559587,93.60064029693604,0,0
1596160318.1659586,95.40098190307617,0,0
1596160318.1759586,97.20003604888916,0,0
1596160318.1859586,99.00226593017578,0,0
1596160318.1959586,100.80243587493896,0,0
1596160318.2059586,102.60050296783447,0,0
1596160318.2159586,104.40075874328613,0,0
1596160318.2259586,106.2007999420166,0,0
1596160318.2359586,108.00028324127197,0,0
1596160318.2459586,109.8019552230835,0,0
1596160318.2559586,111.6016960144043,0,0
1596160318.2659585,113.40238094329834,0,0
1596160318.2759585,115.20049095153809,0,0
1596160318.2859585,117.0000171661377,0,0
1596160318.2959585,118.8021183013916,0,0
1596160318.3059585,120.6007432937622,0,0
1596160318.3159585,122.40224361419678,0,0
1596160318.3259585,124.20207023620605,0,0
1596160318.3359585,126.00146770477295,0,0
1596160318.3459585,127.80232429504395,0,0
1596160318.3559585,129.6016788482666,0,0
1596160318.3659585,131.40270709991455,0,0
1596160318.3759584,133.20051670074463,0,0
1596160318.3859584,135.00107288360596,0,0
1596160318.3959584,136.80248737335205,0,0
1596160318.4059584,138.60214233398438,0,0
1596160318.4159584,140.40209770202637,0,0
1596160318.4259584,142.20110893249512,0,0
1596160318.4359584,144.00097846984863,0,0
1596160318.4459584,145.80312252044678,0,0
1596160318.4559584,147.5998592376709,0,0
1596160318.4659584,149.40281867980957,0,0
1596160318.4759583,151.20032787322998,0,0
1596160318.4859583,153.00045490264893,0,0
1596160318.4959583,154.80298519134521,0,0
1596160318.5056174,156.5384817123413,0,0
1596160318.5056174,156.5384817123413,0,0
1596160318.5059583,156.60118103027344,0,0
1596160318.5159583,158.40117931365967,0,0
1596160318.5259583,160.20079135894775,0,0
1596160318.5359583,162.00220584869385,0,0
1596160318.5459583,163.80224704742432,0,0
1596160318.5559583,165.60224533081055,0,0
1596160318.5659583,167.4019432067871,0,0
1596160318.5759583,169.202241897583,0,0
1596160318.5859582,171.00262641906738,0,0
1596160318.5959582,172.8022813796997,0,0
1596160318.6059582,174.60232257843018,0,0
1596160318.6159582,176.40060424804688,0,0
1596160318.6259582,178.20133209228516,0,0
1596160318.6359582,180.0003433227539,0,0
1596160318.6459582,181.80235862731934,0,0
1596160318.6559582,183.6003828048706,0,0
1596160318.6659582,185.40274143218994,0,0
1596160318.6759582,187.20145225524902,0,0
1596160318.6859581,189.00119304656982,0,0
1596160318.6959581,190.80144882202148,0,0
1596160318.7059581,192.60290622711182,0,0
1596160318.715958,194.40294742584229,0,0
1596160318.725958,196.20131492614746,0,0
1596160318.735958,198.00161361694336,0,0
1596160318.745958,199.80101108551025,0,0
1596160318.755958,201.60006523132324,0,0
1596160318.765958,203.4001922607422,0,0
1596160318.775958,205.20246505737305,0,0
1596160318.785958,207.00109004974365,0,0
1596160318.795958,208.80164623260498,0,0
1596160318.805958,210.6011724472046,0,0
1596160318.815958,212.40065574645996,0,0
1596160318.825958,214.20086860656738,0,0
1596160318.835958,216.0009527206421,0,0
1596160318.8407326,216.85921669006348,0,0
1596160318.8407326,216.85921669006348,0,0
1596160318.845958,217.80004978179932,0,0
1596160318.855958,219.60318088531494,0,0
1596160318.865958,221.40223503112793,0,0
1596160318.875958,223.20163249969482,0,0
1596160318.885958,225.00171661376953,0,0
1596160318.895958,226.802659034729,0,0
1596160318.905958,228.60167026519775,0,0
1596160318.915958,230.40081024169922,0,0
1596160318.925958,232.20115184783936,0,0
1596160318.935958,234.0000343322754,0,0
1596160318.945958,235.802264213562,0,0
1596160318.955958,237.60170459747314,0,0
1596160318.9659579,239.40226078033447,0,0
1596160318.9759579,241.20140075683594,0,0
1596160318.9859579,243.00079822540283,0,0
1596160318.9959579,244.8004961013794,0,0
1596160319.0059578,246.59985065460205,0,0
1596160319.0159578,248.4031105041504,0,0
1596160319.0259578,250.1998472213745,0,0
1596160319.0359578,252.00310707092285,0,0
1596160319.0459578,253.80284786224365,0,0
1596160319.0559578,255.60125827789307,0,0
1596160319.0659578,257.40142822265625,0,0
1596160319.0759578,259.2026710510254,0,0
1596160319.0859578,261.0026693344116,0,0
1596160319.0959578,262.79987812042236,0,0
1596160319.1059577,264.6000051498413,0,0
1596160319.1159577,266.4015483856201,0,0
1596160319.1259577,268.20043087005615,0,0
1596160319.1359577,270.000901222229,0,0
1596160319.1459577,271.8009853363037,0,0
1596160319.1559577,273.6019277572632,0,0
1596160319.1659577,275.40029525756836,0,0
1596160319.1759577,277.20093727111816,0,0
1596160319.1859577,279.0028667449951,0,0
1596160319.1959577,280.80119132995605,0,0
1596160319.2059577,282.6005458831787,0,0
1596160319.2159576,284.4020462036133,0,0
1596160319.2259576,286.20110034942627,0,0
1596160319.2359576,288.002986907959,0,0
1596160319.2459576,289.8009252548218,0,0
1596160319.2559576,291.60255432128906,0,0
1596160319.2659576,293.4024667739868,0,0
1596160319.2759576,295.199933052063,0,0
1596160319.2859576,297.0017337799072,0,0
1596160319.2959576,298.8005304336548,0,0
1596160319.3059576,300.60190200805664,0,0
1596160319.3159575,302.40009784698486,0,0
1596160319.3259575,304.2006540298462,0,0
1596160319.3359575,305.9997081756592,0,0
1596160319.3459575,307.80245304107666,0,0
1596160319.3559575,309.59983348846436,0,0
1596160319.3659575,311.4024496078491,0,0
1596160319.3671024,311.6057825088501,0,0
1596160319.3671024,311.6057825088501,0,0
1596160319.3759575,313.20266246795654,0,0
1596160319.3859575,314.99969959259033,0,0
1596160319.3959575,316.80004119873047,0,0
1596160319.4059575,318.6019706726074,0,0
1596160319.4159575,320.4012393951416,0,0
1596160319.4259574,322.20239639282227,0,0
1596160319.4359574,324.00290966033936,0,0
1596160319.4459574,325.8015775680542,0,0
1596160319.4559574,327.6020908355713,0,0
1596160319.4659574,329.4028615951538,0,0
1596160319.4759574,331.20165824890137,0,0
1596160319.4859574,333.00294399261475,0,0
1596160319.4959574,334.80066776275635,0,0
1596160319.5059574,336.6020393371582,0,0
1596160319.5159574,338.40117931365967,0,0
1596160319.5259573,340.2021646499634,0,0
1596160319.5359573,342.0009183883667,0,0
1596160319.5459573,343.80005836486816,0,0
1596160319.5559573,345.6011724472046,0,0
1596160319.5659573,347.4028015136719,0,0
1596160319.5759573,349.2023706436157,0,0
1596160319.5859573,351.00022315979004,0,0
1596160319.5959573,352.8014659881592,0,0
1596160319.6059573,354.5997905731201,0,0
1596160319.6159573,356.4012908935547,0,0
1596160319.6259573,358.20021629333496,0,0
1596160319.6359751,360,0,1
1596160319.6359751,0,0,0
1596160319.645975,265.2022161975543,1.4633272968481208,0
1596160319.655975,267.0007124438922,1.4633272968481208,0
1596160319.665975,268.7989941135089,1.4633272968481208,0
1596160319.675975,270.59933571964905,1.4633272968481208,0
1596160319.685975,272.40122227818176,1.4633272968481208,0
1596160319.695975,274.2014351382892,1.4633272968481208,0
1596160319.705975,276.0019484058063,1.4633272968481208,0
1596160319.715975,277.8005733981769,1.4633272968481208,0
1596160319.725975,279.6008720889728,1.4633272968481208,0
1596160319.735975,281.40001206547424,1.4633272968481208,0
1596160319.745975,283.2018127933185,1.4633272968481208,0
1596160319.755975,285.00018029362366,1.4633272968481208,0
1596160319.765975,286.799663592879,1.4633272968481208,0
1596160319.775975,288.6007347598712,1.4633272968481208,0
1596160319.785975,290.4022350803058,1.4633272968481208,0
1596160319.795975,292.1994438663165,1.4633272968481208,0
1596160319.805975,294.00068669468567,1.4633272968481208,0
1596160319.815975,295.7992258563678,1.4633272968481208,0
1596160319.825975,297.6003399387042,1.4633272968481208,0
1596160319.835975,299.3995228305499,1.4633272968481208,0
1596160319.845975,301.20132355839417,1.4633272968481208,0
1596160319.855975,303.0014076724689,1.4633272968481208,0
1596160319.865975,304.80080514103577,1.4633272968481208,0
1596160319.875975,306.60166173130676,1.4633272968481208,0
1596160319.885975,308.3992996707599,1.4633272968481208,0
1596160319.8959749,310.1992979541461,1.4633272968481208,0
1596160319.9059749,312.00075535923645,1.4633272968481208,0
1596160319.9159749,313.799552012984,1.4633272968481208,0
1596160319.9259748,315.59924988896057,1.4633272968481208,0
1596160319.9359748,317.3989048495929,1.4633272968481208,0
1596160319.9459748,319.1996756091754,1.4633272968481208,0
1596160319.9559748,321.00023179203674,1.4633272968481208,0
1596160319.9659748,322.7993717685382,1.4633272968481208,0
1596160319.9759748,324.60048585087463,1.4633272968481208,0
1596160319.9859748,326.40082745701477,1.4633272968481208,0
1596160319.9959748,328.2009115710895,1.4633272968481208,0
1596160320.0059748,330.0004807010333,1.4633272968481208,0
1596160320.0159748,331.8014231219928,1.4633272968481208,0
1596160320.0259748,333.5998335376422,1.4633272968481208,0
1596160320.0359747,335.3997889056842,1.4633272968481208,0
1596160320.0459747,337.1994009509723,1.4633272968481208,0
1596160320.0559747,338.999485065047,1.4633272968481208,0
1596160320.0659747,340.80188660771057,1.4633272968481208,0
1596160320.0759747,342.5997820392291,1.4633272968481208,0
1596160320.0859747,344.4008532062213,1.4633272968481208,0
1596160320.0959747,346.20166688114807,1.4633272968481208,0
1596160320.1059747,347.999991466109,1.4633272968481208,0
1596160320.1159747,349.80144887119934,1.4633272968481208,0
1596160320.1259747,351.6005888477008,1.4633272968481208,0
1596160320.1359746,353.40028672367737,1.4633272968481208,0
1596160320.1459746,355.1995983615558,1.4633272968481208,0
1596160320.1559746,357.00144200474426,1.4633272968481208,0
1596160320.1659746,358.7989941135089,1.4633272968481208,0
1596160320.1726615,360,1.4633272968481208,1
1596160320.1726615,0,0,0
1596160320.1826615,1.802058219909668,0,0
1596160320.1926615,3.602614402770996,0,0
1596160320.2026615,5.401368141174316,0,0
1596160320.2126615,7.202053070068359,0,0
1596160320.2226615,9.003338813781738,0,0
1596160320.2326615,10.800676345825195,0,0
1596160320.2426615,12.600288391113281,0,0
1596160320.2526615,14.400973320007324,0,0
1596160320.2626615,16.202688217163086,0,0
1596160320.2726614,18.001785278320312,0,0
1596160320.2826614,19.8008394241333,0,0
1596160320.2926614,21.60208225250244,0,0
1596160320.3026614,23.401565551757812,0,0
1596160320.3126614,25.20289421081543,0,0
1596160320.3226614,27.000274658203125,0,0
1596160320.3326614,28.800272941589355,0,0
1596160320.3426614,30.601859092712402,0,0
1596160320.3526614,32.40250110626221,0,0
1596160320.3626614,34.2024564743042,0,0
1596160320.3726614,36.00292682647705,0,0
1596160320.3826613,37.8004789352417,0,0
1596160320.3926613,39.60146427154541,0,0
1596160320.4026613,41.3999605178833,0,0
1596160320.4126613,43.200087547302246,0,0
1596160320.4226613,45.001845359802246,0,0
1596160320.4326613,46.803345680236816,0,0
1596160320.4426613,48.601627349853516,0,0
1596160320.4526613,50.40025234222412,0,0
1596160320.4626613,52.20020771026611,0,0
1596160320.4726613,54.00248050689697,0,0
1596160320.4826612,55.80037593841553,0,0
1596160320.4926612,57.60299205780029,0,0
1596160320.5026612,59.4025182723999,0,0
1596160320.504701,59.7670841217041,0,0
1596160320.504701,59.7670841217041,0,0
1596160320.5126612,61.203203201293945,0,0
1596160320.5226612,63.00251483917236,0,0
1596160320.5326612,64.8008394241333,0,0
1596160320.5426612,66.60006523132324,0,0
1596160320.5526612,68.4005355834961,0,0
1596160320.5626612,70.20242214202881,0,0
1596160320.5726612,72.00006008148193,0,0
1596160320.5826612,73.80117416381836,0,0
1596160320.5926611,75.60070037841797,0,0
1596160320.6026611,77.40297317504883,0,0
1596160320.6126611,79.20322895050049,0,0
1596160320.622661,81.00318431854248,0,0
1596160320.632661,82.80022144317627,0,0
1596160320.642661,84.60004806518555,0,0
1596160320.652661,86.40103340148926,0,0
1596160320.662661,88.20094585418701,0,0
1596160320.672661,90.00021457672119,0,0
1596160320.682661,91.80034160614014,0,0
1596160320.692661,93.60106945037842,0,0
1596160320.702661,95.40166854858398,0,0
1596160320.712661,97.20055103302002,0,0
1596160320.722661,99.00312423706055,0,0
1596160320.732661,100.80222129821777,0,0
1596160320.742661,102.60149002075195,0,0
1596160320.752661,104.40234661102295,0,0
1596160320.762661,106.20075702667236,0,0
1596160320.772661,108.00268650054932,0,0
1596160320.782661,109.80302810668945,0,0
1596160320.792661,111.60251140594482,0,0
1596160320.802661,113.40117931365967,0,0
1596160320.812661,115.20160675048828,0,0
1596160320.822661,117.00297832489014,0,0
1596160320.832661,118.8015604019165,0,0
1596160320.842661,120.60087203979492,0,0
1596160320.852661,122.40078449249268,0,0
1596160320.862661,124.20258522033691,0,0
1596160320.8726609,126.00292682647705,0,0
1596160320.8826609,127.80133724212646,0,0
1596160320.8926609,129.60309505462646,0,0
1596160320.9026608,131.4010763168335,0,0
1596160320.9126608,133.20000171661377,0,0
1596160320.9226608,135.00154495239258,0,0
1596160320.9326608,136.8019723892212,0,0
1596160320.9426608,138.6011552810669,0,0
1596160320.9526608,140.40029525756836,0,0
1596160320.9626608,142.2022247314453,0,0
1596160320.9726608,144.00020599365234,0,0
1596160320.9826608,145.80286502838135,0,0
1596160320.9926608,147.60217666625977,0,0
1596160321.0026608,149.4025182723999,0,0
1596160321.0126607,151.2024736404419,0,0
1596160321.0226607,153.00101280212402,0,0
1596160321.0326607,154.80156898498535,0,0
1596160321.0426607,156.6024684906006,0,0
1596160321.0526607,158.40293884277344,0,0
1596160321.0626607,160.20019054412842,0,0
1596160321.0726607,162.00302124023438,0,0
1596160321.0826607,163.80061626434326,0,0
1596160321.0898242,165.08927822113037,0,0
1596160321.0898242,165.08927822113037,0,0
1596160321.0926607,165.60190200805664,0,0
1596160321.1026607,167.40099906921387,0,0
1596160321.1126606,169.20005321502686,0,0
1596160321.1226606,171.00090980529785,0,0
1596160321.1326606,172.8026247024536,0,0
1596160321.1426606,174.6015501022339,0,0
1596160321.1526606,176.40043258666992,0,0
1596160321.1626606,178.20257663726807,0,0
1596160321.1726606,180.00218868255615,0,0
1596160321.1826606,181.80171489715576,0,0
1596160321.1926606,183.6005973815918,0,0
1596160321.2026606,185.40299892425537,0,0
1596160321.2126606,187.20055103302002,0,0
1596160321.2226605,189.00226593017578,0,0
1596160321.2326605,190.80127716064453,0,0
1596160321.2426605,192.60260581970215,0,0
1596160321.2526605,194.403076171875,0,0
1596160321.2626605,196.20131492614746,0,0
1596160321.2726605,198.00071239471436,0,0
1596160321.2826605,199.80191230773926,0,0
1596160321.2926605,201.60255432128906,0,0
1596160321.3026605,203.4019947052002,0,0
1596160321.3126605,205.20074844360352,0,0
1596160321.3226604,207.00250625610352,0,0
1596160321.3326604,208.80194664001465,0,0
1596160321.3426604,210.60104370117188,0,0
1596160321.3526604,212.40129947662354,0,0
1596160321.3626604,214.20001029968262,0,0
1596160321.3674488,215.06170749664307,0,0
1596160321.3674488,215.06170749664307,0,0
1596160321.3726604,216.00030899047852,0,0
1596160321.3826604,217.8011655807495,0,0
1596160321.3926604,219.6009922027588,0,0
1596160321.4026604,221.40292167663574,0,0
1596160321.4126604,223.20176124572754,0,0
1596160321.4226604,225.00154495239258,0,0
1596160321.4326603,226.80192947387695,0,0
1596160321.4426603,228.60304355621338,0,0
1596160321.4526603,230.40106773376465,0,0
1596160321.4626603,232.20050811767578,0,0
1596160321.4726603,234.00175094604492,0,0
1596160321.4826603,235.80020427703857,0,0
1596160321.4926603,237.60213375091553,0,0
1596160321.5026603,239.40088748931885,0,0
1596160321.5126603,241.20122909545898,0,0
1596160321.5226603,243.0031156539917,0,0
1596160321.5326602,244.79980945587158,0,0
1596160321.5426602,246.6028118133545,0,0
1596160321.5526602,248.40002059936523,0,0
1596160321.5626602,250.20001888275146,0,0
1596160321.5726602,252.0009183883667,0,0
1596160321.5826602,253.80048751831055,0,0
1596160321.5926602,255.59975624084473,0,0
1596160321.6026602,257.4002265930176,0,0
1596160321.6126602,259.200439453125,0,0
1596160321.6226602,261.00112438201904,0,0
1596160321.6326602,262.80073642730713,0,0
1596160321.6426601,264.5997905731201,0,0
1596160321.6526601,266.40013217926025,0,0
1596160321.6626601,268.2012462615967,0,0
1596160321.67266,270.00150203704834,0,0
1596160321.68266,271.8018865585327,0,0
1596160321.69266,273.6006832122803,0,0
1596160321.70266,275.4006814956665,0,0
1596160321.71266,277.2020959854126,0,0
1596160321.72266,279.000506401062,0,0
1596160321.73266,280.80071926116943,0,0
1596160321.74266,282.60106086730957,0,0
1596160321.75266,284.40178871154785,0,0
1596160321.76266,286.2001132965088,0,0
1596160321.77266,288.000283241272,0,0
1596160321.78266,289.80199813842773,0,0
1596160321.79266,291.6005802154541,0,0
1596160321.80266,293.4001922607422,0,0
1596160321.81266,295.20134925842285,0,0
1596160321.82266,297.0018196105957,0,0
1596160321.83266,298.80297660827637,0,0
1596160321.84266,300.5997133255005,0,0
1596160321.85266,302.4020290374756,0,0
1596160321.86266,304.20026779174805,0,0
1596160321.87266,306.00236892700195,0,0
1596160321.88266,307.80163764953613,0,0
1596160321.89266,309.60240840911865,0,0
1596160321.90266,311.4012050628662,0,0
1596160321.91266,313.20279121398926,0,0
1596160321.9226599,315.00261783599854,0,0
1596160321.9326599,316.8005561828613,0,0
1596160321.9426599,318.60300064086914,0,0
1596160321.9526598,320.4030418395996,0,0
1596160321.9626598,322.1999502182007,0,0
1596160321.9726598,324.00076389312744,0,0
1596160321.975064,324.4324493408203,0,0
1596160321.975064,324.4324493408203,0,0
1596160321.9826598,325.8008050918579,0,0
1596160321.9926598,327.60170459747314,0,0
1596160322.0026598,329.40277576446533,0,0
1596160322.0126598,331.19972705841064,0,0
1596160322.0226598,332.99993991851807,0,0
1596160322.0326598,334.80079650878906,0,0
1596160322.0426598,336.6022539138794,0,0
1596160322.0526597,338.4015655517578,0,0
1596160322.0626597,340.199933052063,0,0
1596160322.0726597,342.0024633407593,0,0
1596160322.0826597,343.8010883331299,0,0
1596160322.0926597,345.60211658477783,0,0
1596160322.1026597,347.40108489990234,0,0
1596160322.1126597,349.20275688171387,0,0
1596160322.1226597,351.0017681121826,0,0
1596160322.1326597,352.8004789352417,0,0
1596160322.1426597,354.602108001709,0,0
1596160322.1526597,356.400089263916,0,0
1596160322.1626596,358.2024908065796,0,0
1596160322.17267,360,0,1
1596160322.17267,0,0,0
1596160322.1826699,269.2167765150833,1.485637562280655,0
1596160322.1926699,271.0153585921097,1.485637562280655,0
1596160322.2026699,272.81707348926545,1.485637562280655,0
1596160322.2126698,274.61694302661897,1.485637562280655,0
1596160322.2226698,276.4159113417435,1.485637562280655,0
1596160322.2326698,278.2181412230301,1.485637562280655,0
1596160322.2426698,280.016637469368,1.485637562280655,0
1596160322.2526698,281.8172794829178,1.485637562280655,0
1596160322.2626698,283.6176640044022,1.485637562280655,0
1596160322.2726698,285.4151731978226,1.485637562280655,0
1596160322.2826698,287.21778931720735,1.485637562280655,0
1596160322.2926698,289.0163713942337,1.485637562280655,0
1596160322.3026698,290.81624093158723,1.485637562280655,0
1596160322.3126698,292.6160675535965,1.485637562280655,0
1596160322.3226697,294.4176966200638,1.485637562280655,0
1596160322.3326697,296.2155062208939,1.485637562280655,0
1596160322.3426697,298.01546158893586,1.485637562280655,0
1596160322.3526697,299.8178202162552,1.485637562280655,0
1596160322.3626697,301.61760392292024,1.485637562280655,0
1596160322.3726697,303.41760220630647,1.485637562280655,0
1596160322.3826697,305.21699967487336,1.485637562280655,0
1596160322.3926697,307.0169121275711,1.485637562280655,0
1596160322.4026697,308.81738247974397,1.485637562280655,0
1596160322.4126697,310.6172520170975,1.485637562280655,0
1596160322.4226696,312.4156624327469,1.485637562280655,0
1596160322.4326696,314.21591820819856,1.485637562280655,0
1596160322.4426696,316.015959406929,1.485637562280655,0
1596160322.4526696,317.81776013477327,1.485637562280655,0
1596160322.4626696,319.6171146879959,1.485637562280655,0
1596160322.4726696,321.41698422534944,1.485637562280655,0
1596160322.4826696,323.21496548755647,1.485637562280655,0
1596160322.4926696,325.017538691597,1.485637562280655,0
1596160322.5026696,326.81530537708284,1.485637562280655,0
1596160322.5126696,328.6165911207962,1.485637562280655,0
1596160322.5226696,330.41693272693635,1.485637562280655,0
1596160322.5326695,332.21688809497834,1.485637562280655,0
1596160322.5426695,334.01710095508577,1.485637562280655,0
1596160322.5526695,335.818000460701,1.485637562280655,0
1596160322.5626695,337.6149517546463,1.485637562280655,0
1596160322.5726695,339.4146925459671,1.485637562280655,0
1596160322.5826695,341.21649327381135,1.485637562280655,0
1596160322.5926695,343.0147320280838,1.485637562280655,0
1596160322.6026695,344.81696190937043,1.485637562280655,0
1596160322.6126695,346.61738934619905,1.485637562280655,0
1596160322.6226695,348.41498437030793,1.485637562280655,0
1596160322.6326694,350.21699967487336,1.485637562280655,0
1596160322.6426694,352.0173412810135,1.485637562280655,0
1596160322.6526694,353.81489338977815,1.485637562280655,0
1596160322.6626694,355.61574998004915,1.485637562280655,0
1596160322.6726694,357.41673531635286,1.485637562280655,0
1596160322.6826694,359.21780648334504,1.485637562280655,0
1596160322.6870346,360,1.485637562280655,1
1596160322.6870346,0,0,0
1596160322.6970346,1.8014144897460938,0,0
1596160322.7070346,3.600640296936035,0,0
1596160322.7170346,5.40003776550293,0,0
1596160322.7270346,7.201366424560547,0,0
1596160322.7370346,9.001665115356445,0,0
1596160322.7470345,10.802264213562012,0,0
1596160322.7570345,12.600631713867188,0,0
1596160322.7670345,14.402046203613281,0,0
1596160322.7770345,16.201486587524414,0,0
1596160322.7870345,18.00234317779541,0,0
1596160322.7970345,19.801526069641113,0,0
1596160322.8070345,21.60238265991211,0,0
1596160322.8170345,23.403024673461914,0,0
1596160322.8270345,25.20087718963623,0,0
1596160322.8370345,27.002463340759277,0,0
1596160322.8470345,28.801774978637695,0,0
1596160322.8570344,30.60168743133545,0,0
1596160322.8670344,32.40237236022949,0,0
1596160322.8770344,34.20069694519043,0,0
1596160322.8870344,36.00241184234619,0,0
1596160322.8970344,37.802796363830566,0,0
1596160322.9070344,39.60189342498779,0,0
1596160322.9170344,41.40056133270264,0,0
1596160322.9270344,43.20021629333496,0,0
1596160322.9370344,45.00321865081787,0,0
1596160322.9470344,46.80042743682861,0,0
1596160322.9570343,48.60278606414795,0,0
1596160322.9670343,50.403127670288086,0,0
1596160322.9770343,52.20170974731445,0,0
1596160322.9870343,54.00175094604492,0,0
1596160322.9970343,55.80007553100586,0,0
1596160323.0070343,57.60230541229248,0,0
1596160323.0170343,59.4001579284668,0,0
1596160323.0270343,61.200199127197266,0,0
1596160323.0370343,63.00058364868164,0,0
1596160323.0470343,64.80281352996826,0,0
1596160323.0570343,66.60255432128906,0,0
1596160323.0670342,68.40083599090576,0,0
1596160323.0770342,70.20250797271729,0,0
1596160323.0870342,72.00100421905518,0,0
1596160323.090162,72.56293773651123,0,0
1596160323.090162,72.56293773651123,0,0
1596160323.0970342,73.80289077758789,0,0
1596160323.1070342,75.60147285461426,0,0
1596160323.1170342,77.40001201629639,0,0
1596160323.1270342,79.20086860656738,0,0
1596160323.1370342,81.00095272064209,0,0
1596160323.1470342,82.80107975006104,0,0
1596160323.1570342,84.60202217102051,0,0
1596160323.1670341,86.40017509460449,0,0
1596160323.1770341,88.20274829864502,0,0
1596160323.1870341,90.00120162963867,0,0
1596160323.1970341,91.80094242095947,0,0
1596160323.207034,93.60325813293457,0,0
1596160323.217034,95.40222644805908,0,0
1596160323.227034,97.20325469970703,0,0
1596160323.237034,99.00119304656982,0,0
1596160323.247034,100.800461769104,0,0
1596160323.257034,102.60170459747314,0,0
1596160323.267034,104.40165996551514,0,0
1596160323.277034,106.20067119598389,0,0
1596160323.287034,108.00135612487793,0,0
1596160323.297034,109.8008394241333,0,0
1596160323.307034,111.60178184509277,0,0
1596160323.317034,113.40298175811768,0,0
1596160323.327034,115.20019054412842,0,0
1596160323.337034,117.00177669525146,0,0
1596160323.347034,118.80259037017822,0,0
1596160323.357034,120.6024169921875,0,0
1596160323.367034,122.40211486816406,0,0
1596160323.377034,124.20305728912354,0,0
1596160323.387034,126.0010814666748,0,0
1596160323.397034,127.80086517333984,0,0
1596160323.407034,129.60185050964355,0,0
1596160323.417034,131.40172004699707,0,0
1596160323.427034,133.200945854187,0,0
1596160323.437034,135.00102996826172,0,0
1596160323.447034,136.80145740509033,0,0
1596160323.4570339,138.601713180542,0,0
1596160323.4670339,140.40098190307617,0,0
1596160323.4770339,142.2027826309204,0,0
1596160323.4870338,144.00067806243896,0,0
1596160323.4970338,145.80222129821777,0,0
1596160323.5070338,147.6018762588501,0,0
1596160323.5170338,149.40097332000732,0,0
1596160323.5270338,151.2013578414917,0,0
1596160323.5370338,153.0013132095337,0,0
1596160323.5470338,154.80225563049316,0,0
1596160323.5570338,156.60032272338867,0,0
1596160323.5670338,158.40096473693848,0,0
1596160323.5770338,160.20066261291504,0,0
1596160323.5870337,162.00242042541504,0,0
1596160323.5970337,163.80151748657227,0,0
1596160323.6070337,165.6031036376953,0,0
1596160323.6170337,167.40044116973877,0,0
1596160323.6270337,169.2000961303711,0,0
1596160323.6370337,171.00249767303467,0,0
1596160323.6470337,172.80279636383057,0,0
1596160323.6570337,174.6015501022339,0,0
1596160323.6670337,176.40244960784912,0,0
1596160323.6770337,178.20073127746582,0,0
1596160323.6870337,180.0006866455078,0,0
1596160323.6970336,181.802659034729,0,0
1596160323.7070336,183.602614402771,0,0
1596160323.7170336,185.40132522583008,0,0
1596160323.7270336,187.20308303833008,0,0
1596160323.7315326,188.00963401794434,0,0
1596160323.7315326,188.00963401794434,0,0
1596160323.7370336,188.99990558624268,0,0
1596160323.7470336,190.80187797546387,0,0
1596160323.7570336,192.60058879852295,0,0
1596160323.7670336,194.40200328826904,0,0
1596160323.7770336,196.2026882171631,0,0
1596160323.7870336,198.00225734710693,0,0
1596160323.7970335,199.80126857757568,0,0
1596160323.8070335,201.6025972366333,0,0
1596160323.8170335,203.39980602264404,0,0
1596160323.8270335,205.20156383514404,0,0
1596160323.8370335,207.00048923492432,0,0
1596160323.8470335,208.8019895553589,0,0
1596160323.8570335,210.6017303466797,0,0
1596160323.8670335,212.40074157714844,0,0
1596160323.8770335,214.20095443725586,0,0
1596160323.8870335,216.00048065185547,0,0
1596160323.8970335,217.80056476593018,0,0
1596160323.9070334,219.60124969482422,0,0
1596160323.9170334,221.39987468719482,0,0
1596160323.9270334,223.20184707641602,0,0
1596160323.9370334,225.00171661376953,0,0
1596160323.9470334,226.80081367492676,0,0
1596160323.9570334,228.60248565673828,0,0
1596160323.9670334,230.4008960723877,0,0
1596160323.9754074,231.90709590911865,0,0
1596160323.9754074,231.90709590911865,0,0
1596160323.9770334,232.20050811767578,0,0
1596160323.9870334,234.00007724761963,0,0
1596160323.9970334,235.8010196685791,0,0
1596160324.0070333,237.60170459747314,0,0
1596160324.0170333,239.40131664276123,0,0
1596160324.0270333,241.2026023864746,0,0
1596160324.0370333,243.00036907196045,0,0
1596160324.0470333,244.80221271514893,0,0
1596160324.0570333,246.60306930541992,0,0
1596160324.0670333,248.40079307556152,0,0
1596160324.0770333,250.20134925842285,0,0
1596160324.0870333,252.00109004974365,0,0
1596160324.0970333,253.80186080932617,0,0
1596160324.1070333,255.6022024154663,0,0
1596160324.1170332,257.4006128311157,0,0
1596160324.1270332,259.2016410827637,0,0
1596160324.1370332,261.0015106201172,0,0
1596160324.1470332,262.8009080886841,0,0
1596160324.1570332,264.600133895874,0,0
1596160324.1670332,266.40069007873535,0,0
1596160324.1770332,268.2006883621216,0,0
1596160324.1870332,270.00197410583496,0,0
1596160324.1970332,271.80227279663086,0,0
1596160324.2070332,273.60278606414795,0,0
1596160324.2170331,275.4010248184204,0,0
1596160324.2270331,277.20102310180664,0,0
1596160324.2370331,279.00230884552,0,0
1596160324.247033,280.8014917373657,0,0
1596160324.257033,282.60157585144043,0,0
1596160324.267033,284.4024324417114,0,0
1596160324.277033,286.2011432647705,0,0
1596160324.287033,288.0023002624512,0,0
1596160324.297033,289.80169773101807,0,0
1596160324.307033,291.6020393371582,0,0
1596160324.317033,293.4010934829712,0,0
1596160324.327033,295.2009630203247,0,0
1596160324.337033,297.00074672698975,0,0
1596160324.347033,298.8020324707031,0,0
1596160324.357033,300.6020736694336,0,0
1596160324.367033,302.40065574645996,0,0
1596160324.377033,304.2021131515503,0,0
1596160324.387033,306.0006093978882,0,0
1596160324.397033,307.80009269714355,0,0
1596160324.407033,309.6029233932495,0,0
1596160324.417033,311.40069007873535,0,0
1596160324.427033,313.20223331451416,0,0
1596160324.437033,315.0021457672119,0,0
1596160324.447033,316.8023157119751,0,0
1596160324.457033,318.6019706726074,0,0
1596160324.467033,320.40016651153564,0,0
1596160324.477033,322.2023105621338,0,0
1596160324.487033,324.0004634857178,0,0
1596160324.4970329,325.79986095428467,0,0
1596160324.5070329,327.6028633117676,0,0
1596160324.5170329,329.40303325653076,0,0
1596160324.5270329,331.1998987197876,0,0
1596160324.5370328,333.00272941589355,0,0
1596160324.5470328,334.80135440826416,0,0
1596160324.5570328,336.60233974456787,0,0
1596160324.5670328,338.4027671813965,0,0
1596160324.5770328,340.2016496658325,0,0
1596160324.5870328,342.00066089630127,0,0
1596160324.5970328,343.8018608093262,0,0
1596160324.6070328,345.6026315689087,0,0
1596160324.6170328,347.4013423919678,0,0
1596160324.6270328,349.20116901397705,0,0
1596160324.6370327,351.0008239746094,0,0
1596160324.6392694,351.40225410461426,0,0
1596160324.6392694,351.40225410461426,0,0
1596160324.6470327,352.8012943267822,0,0
1596160324.6570327,354.60240840911865,0,0
1596160324.6670327,356.40021800994873,0,0
1596160324.6770327,358.2007312774658,0,0
1596160324.6870387,360,0,1
1596160324.6870387,0,0,0
1596160324.6970387,297.0415381893298,1.6402195715820242,0
1596160324.7070386,298.8423947796008,1.6402195715820242,0
1596160324.7170386,300.63973231164425,1.6402195715820242,0
1596160324.7270386,302.44037432519406,1.6402195715820242,0
1596160324.7370386,304.24234671441525,1.6402195715820242,0
1596160324.7470386,306.04049963799923,1.6402195715820242,0
1596160324.7570386,307.84139914361447,1.6402195715820242,0
1596160324.7670386,309.6427707180163,1.6402195715820242,0
1596160324.7770386,311.4413957103869,1.6402195715820242,0
1596160324.7870386,313.23993487206906,1.6402195715820242,0
1596160324.7970386,315.0412635311267,1.6402195715820242,0
1596160324.8070385,316.8416051372668,1.6402195715820242,0
1596160324.8170385,318.6425904735705,1.6402195715820242,0
1596160324.8270385,320.4395846828601,1.6402195715820242,0
1596160324.8370385,322.2400121196887,1.6402195715820242,0
1596160324.8470385,324.0426711544177,1.6402195715820242,0
1596160324.8570385,325.83966536370724,1.6402195715820242,0
1596160324.8670385,327.6415948375842,1.6402195715820242,0
1596160324.8770385,329.44185061303585,1.6402195715820242,0
1596160324.8870385,331.2421063884875,1.6402195715820242,0
1596160324.8970385,333.0403880581042,1.6402195715820242,0
1596160324.9070385,334.8427037700793,1.6402195715820242,0
1596160324.9170384,336.6421870693347,1.6402195715820242,0
1596160324.9270384,338.4406833156726,1.6402195715820242,0
1596160324.9370384,340.2404670223376,1.6402195715820242,0
1596160324.9470384,342.04080862847775,1.6402195715820242,0
1596160324.9570384,343.8423089489123,1.6402195715820242,0
1596160324.9670384,345.64243597833126,1.6402195715820242,0
1596160324.9770384,347.4400739177844,1.6402195715820242,0
1596160324.9870384,349.2402438625476,1.6402195715820242,0
1596160324.9970384,351.0406712993762,1.6402195715820242,0
1596160325.0070384,352.8421287044665,1.6402195715820242,0
1596160325.0170383,354.64122576562374,1.6402195715820242,0
1596160325.0270383,356.4411382183215,1.6402195715820242,0
1596160325.0370383,358.24002070275753,1.6402195715820242,0
1596160325.0468354,360,1.6402195715820242,1
1596160325.0468354,0,0,0
1596160325.0568354,1.8007707595825195,0,0
1596160325.0668354,3.6028289794921875,0,0
1596160325.0768354,5.400938987731934,0,0
1596160325.0868354,7.199993133544922,0,0
1596160325.0968354,9.000720977783203,0,0
1596160325.1068354,10.803337097167969,0,0
1596160325.1168354,12.600717544555664,0,0
1596160325.1268353,14.401659965515137,0,0
1596160325.1368353,16.20230197906494,0,0
1596160325.1468353,18.000197410583496,0,0
1596160325.1568353,19.802684783935547,0,0
1596160325.1668353,21.601438522338867,0,0
1596160325.1768353,23.403282165527344,0,0
1596160325.1868353,25.200448036193848,0,0
1596160325.1968353,27.00061798095703,0,0
1596160325.2068353,28.802590370178223,0,0
1596160325.2168353,30.600571632385254,0,0
1596160325.2268353,32.401299476623535,0,0
1596160325.2368352,34.202327728271484,0,0
1596160325.2468352,36.00249767303467,0,0
1596160325.2568352,37.80318260192871,0,0
1596160325.2668352,39.60288047790527,0,0
1596160325.2768352,41.402363777160645,0,0
1596160325.2868352,43.202104568481445,0,0
1596160325.2968352,45.00021457672119,0,0
1596160325.3068352,46.80025577545166,0,0
1596160325.3168352,48.601155281066895,0,0
1596160325.3268352,50.40055274963379,0,0
1596160325.3368351,52.201151847839355,0,0
1596160325.3468351,54.00333881378174,0,0
1596160325.3568351,55.80080509185791,0,0
1596160325.366835,57.60153293609619,0,0
1596160325.376835,59.40140247344971,0,0
1596160325.386835,61.2019157409668,0,0
1596160325.396835,63.00079822540283,0,0
1596160325.406835,64.80234146118164,0,0
1596160325.416835,66.60135269165039,0,0
1596160325.426835,68.40315341949463,0,0
1596160325.436835,70.2022933959961,0,0
1596160325.446835,72.00212001800537,0,0
1596160325.456835,73.80186080932617,0,0
1596160325.466835,75.60211658477783,0,0
1596160325.476835,77.40039825439453,0,0
1596160325.486835,79.20026779174805,0,0
1596160325.496835,81.0033130645752,0,0
1596160325.506835,82.80168056488037,0,0
1596160325.516835,84.60270881652832,0,0
1596160325.526835,86.4030933380127,0,0
1596160325.536835,88.20103168487549,0,0
1596160325.546835,90.00253200531006,0,0
1596160325.556835,91.80102825164795,0,0
1596160325.566835,93.60098361968994,0,0
1596160325.576835,95.40132522583008,0,0
1596160325.586835,97.20059394836426,0,0
1596160325.596835,99.00102138519287,0,0
1596160325.606835,100.80127716064453,0,0
1596160325.6168349,102.60269165039062,0,0
1596160325.6268349,104.40135955810547,0,0
1596160325.6368349,106.20088577270508,0,0
1596160325.6468349,107.99989700317383,0,0
1596160325.6568348,109.80247020721436,0,0
1596160325.6668348,111.6029405593872,0,0
1596160325.6768348,113.40019226074219,0,0
1596160325.6868348,115.2009630203247,0,0
1596160325.6968348,117.0012617111206,0,0
1596160325.7068348,118.8001012802124,0,0
1596160325.7168348,120.60306072235107,0,0
1596160325.7268348,122.40151405334473,0,0
1596160325.731882,123.30840110778809,0,0
1596160325.731882,123.30840110778809,0,0
1596160325.7368348,124.20112609863281,0,0
1596160325.7468348,126.00009441375732,0,0
1596160325.7568347,127.80009269714355,0,0
1596160325.7668347,129.60120677947998,0,0
1596160325.7768347,131.40202045440674,0,0
1596160325.7868347,133.20236206054688,0,0
1596160325.7968347,135.00047206878662,0,0
1596160325.8068347,136.80235862731934,0,0
1596160325.8168347,138.60046863555908,0,0
1596160325.8268347,140.40188312530518,0,0
1596160325.8368347,142.20282554626465,0,0
1596160325.8468347,144.0030813217163,0,0
1596160325.8568347,145.79986095428467,0,0
1596160325.8668346,147.60329246520996,0,0
1596160325.8768346,149.40011501312256,0,0
1596160325.8868346,151.20028495788574,0,0
1596160325.8968346,153.00169944763184,0,0
1596160325.9068346,154.8013973236084,0,0
1596160325.9168346,156.60208225250244,0,0
1596160325.9268346,158.402681350708,0,0
1596160325.9368346,160.20126342773438,0,0
1596160325.9468346,162.00190544128418,0,0
1596160325.9568346,163.80083084106445,0,0
1596160325.9668345,165.60267448425293,0,0
1596160325.9768345,167.40310192108154,0,0
1596160325.9868345,169.2024564743042,0,0
1596160325.9968345,171.00060939788818,0,0
1596160326.0068345,172.80017852783203,0,0
1596160326.0168345,174.60064888000488,0,0
1596160326.0268345,176.40167713165283,0,0
1596160326.0368345,178.2024908065796,0,0
1596160326.0468345,180.0,0,0
1596160326.0568345,181.80180072784424,0,0
1596160326.0668344,183.60111236572266,0,0
1596160326.0768344,185.40218353271484,0,0
1596160326.0868344,187.20140933990479,0,0
1596160326.0968344,189.00286674499512,0,0
1596160326.1068344,190.80230712890625,0,0
1596160326.1168344,192.60046005249023,0,0
1596160326.1268344,194.40277576446533,0,0
1596160326.1368344,196.20294570922852,0,0
1596160326.1468344,198.00285816192627,0,0
1596160326.1568344,199.80289936065674,0,0
1596160326.1668344,201.60272598266602,0,0
1596160326.1768343,203.40014934539795,0,0
1596160326.1868343,205.2004051208496,0,0
1596160326.1968343,207.0012617111206,0,0
1596160326.2068343,208.80027294158936,0,0
1596160326.2168343,210.60082912445068,0,0
1596160326.2268343,212.4014711380005,0,0
1596160326.2368343,214.20061111450195,0,0
1596160326.2468343,216.0005235671997,0,0
1596160326.2568343,217.80292510986328,0,0
1596160326.2668343,219.6013355255127,0,0
1596160326.2768342,221.40034675598145,0,0
1596160326.2868342,223.2006025314331,0,0
1596160326.2968342,225.000901222229,0,0
1596160326.3068342,226.80257320404053,0,0
1596160326.3168342,228.60162734985352,0,0
1596160326.3268342,230.40136814117432,0,0
1596160326.3368342,232.20046520233154,0,0
1596160326.3468342,234.0010643005371,0,0
1596160326.3568342,235.80144882202148,0,0
1596160326.3668342,237.60003089904785,0,0
1596160326.3768342,239.40114498138428,0,0
1596160326.3868341,241.20217323303223,0,0
1596160326.3968341,243.00062656402588,0,0
1596160326.4068341,244.80186939239502,0,0
1596160326.416834,246.6012668609619,0,0
1596160326.426834,248.40027809143066,0,0
1596160326.436834,250.20199298858643,0,0
1596160326.446834,252.0016050338745,0,0
1596160326.456834,253.8021183013916,0,0
1596160326.466834,255.60147285461426,0,0
1596160326.476834,257.40065574645996,0,0
1596160326.486834,259.20318603515625,0,0
1596160326.496834,261.0028409957886,0,0
1596160326.506834,262.8014659881592,0,0
1596160326.516834,264.6023225784302,0,0
1596160326.5182433,264.85342025756836,0,0
1596160326.5182433,264.85342025756836,0,0
1596160326.526834,266.40056133270264,0,0
1596160326.536834,268.2026195526123,0,0
1596160326.546834,270.0025749206543,0,0
1596160326.556834,271.80047035217285,0,0
1596160326.566834,273.60055446624756,0,0
1596160326.576834,275.40274143218994,0,0
1596160326.586834,277.2024393081665,0,0
1596160326.596834,279.0030813217163,0,0
1596160326.606834,280.8015775680542,0,0
1596160326.616834,282.6006317138672,0,0
1596160326.626834,284.4026041030884,0,0
1596160326.636834,286.20062828063965,0,0
1596160326.6383498,286.47258281707764,0,0
1596160326.6383498,286.47258281707764,0,0
1596160326.646834,288.00307273864746,0,0
1596160326.656834,289.8007535934448,0,0
1596160326.6668339,291.6004943847656,0,0
1596160326.6768339,293.40259552001953,0,0
1596160326.6868339,295.2013063430786,0,0
1596160326.6968338,297.00031757354736,0,0
1596160326.7068338,298.80083084106445,0,0
1596160326.7168338,300.60258865356445,0,0
1596160326.7268338,302.40254402160645,0,0
1596160326.7368338,304.2005681991577,0,0
1596160326.7468338,306.0008668899536,0,0
1596160326.7568338,307.7999210357666,0,0
1596160326.7668338,309.6016788482666,0,0
1596160326.7768338,311.40056133270264,0,0
1596160326.7868338,313.19995880126953,0,0
1596160326.7968338,315.0018882751465,0,0
1596160326.8068337,316.8003845214844,0,0
1596160326.8168337,318.60119819641113,0,0
1596160326.8268337,320.4009819030762,0,0
1596160326.8368337,322.1998643875122,0,0
1596160326.8468337,324.00076389312744,0,0
1596160326.8568337,325.8025646209717,0,0
1596160326.8668337,327.6011037826538,0,0
1596160326.8768337,329.40178871154785,0,0
1596160326.8868337,331.20161533355713,0,0
1596160326.8968337,333.0017423629761,0,0
1596160326.9068336,334.8004102706909,0,0
1596160326.9168336,336.59985065460205,0,0
1596160326.9268336,338.4025526046753,0,0
1596160326.9368336,340.2010917663574,0,0
1596160326.9468336,342.0029354095459,0,0
1596160326.9568336,343.8006591796875,0,0
1596160326.9668336,345.6006145477295,0,0
1596160326.9768336,347.40164279937744,0,0
1596160326.9868336,349.19992446899414,0,0
1596160326.9968336,351.00249767303467,0,0
