Type = Reachback Firefly,Function = Reachback Firefly (ln/e^),Refract = 0,Epsilon = 0.3,Start_phase = 301
Timestamp,Phase,Offset,Ping?
1596160520,301,0,0
1596160520.01,302.7984962463379,1.6722222222222223,0
1596160520.02,304.5962200164795,1.6722222222222223,0
1596160520.03,306.39703369140625,1.6722222222222223,0
1596160520.04,308.1963882446289,1.6722222222222223,0
1596160520.05,309.997802734375,1.6722222222222223,0
1596160520.06,311.796856880188,1.6722222222222223,0
1596160520.07,313.59599685668945,1.6722222222222223,0
1596160520.08,315.39857006073,1.6722222222222223,0
1596160520.09,317.1984395980835,1.6722222222222223,0
1596160520.1,318.99766540527344,1.6722222222222223,0
1596160520.11,320.7981786727905,1.6722222222222223,0
1596160520.12,322.5971899032593,1.6722222222222223,0
1596160520.1299999,324.3984327316284,1.6722222222222223,0
1596160520.1399999,326.1956844329834,1.6722222222222223,0
1596160520.1499999,327.9959831237793,1.6722222222222223,0
1596160520.1599998,329.79881381988525,1.6722222222222223,0
1596160520.1699998,331.59718132019043,1.6722222222222223,0
1596160520.1799998,333.397780418396,1.6722222222222223,0
1596160520.1899998,335.195761680603,1.6722222222222223,0
1596160520.1999998,336.9977340698242,1.6722222222222223,0
1596160520.2023153,337.41242504119873,1.6722222222222223,0
1596160520.2023153,337.41242504119873,1.6722222222222223,0
1596160520.2099998,338.7966594696045,1.6722222222222223,0
1596160520.2199998,340.598331451416,1.6722222222222223,0
1596160520.2299998,342.39721393585205,1.6722222222222223,0
1596160520.2399998,344.19854259490967,1.6722222222222223,0
1596160520.2499998,345.99703884124756,1.6722222222222223,0
1596160520.2599998,347.79798126220703,1.6722222222222223,0
1596160520.2699997,349.5966920852661,1.6722222222222223,0
1596160520.2799997,351.39690494537354,1.6722222222222223,0
1596160520.2899997,353.19608783721924,1.6722222222222223,0
1596160520.2999997,354.99763107299805,1.6722222222222223,0
1596160520.3099997,356.7987880706787,1.6722222222222223,0
1596160520.3199997,358.5958251953125,1.6722222222222223,0
1596160520.3278089,360,1.6722222222222223,1
1596160520.3278089,0,0,0
1596160520.3378088,119.84949646700301,0.6558150482568961,0
1596160520.3478088,121.64704857576766,0.6558150482568961,0
1596160520.3578088,123.4488493036119,0.6558150482568961,0
1596160520.3678088,125.24992047060408,0.6558150482568961,0
1596160520.3778088,127.04764424074568,0.6558150482568961,0
1596160520.3878088,128.84738503206648,0.6558150482568961,0
1596160520.3978088,130.648155791649,0.6558150482568961,0
1596160520.4078088,132.44836865175643,0.6558150482568961,0
1596160520.4178088,134.2495256494371,0.6558150482568961,0
1596160520.4278088,136.04742108095564,0.6558150482568961,0
1596160520.4378088,137.8480201791612,0.6558150482568961,0
1596160520.4478087,139.6488767694322,0.6558150482568961,0
1596160520.4578087,141.44870339144148,0.6558150482568961,0
1596160520.4678087,143.24904499758162,0.6558150482568961,0
1596160520.4778087,145.04681168306746,0.6558150482568961,0
1596160520.4878087,146.84959946382918,0.6558150482568961,0
1596160520.4978087,148.64676533449568,0.6558150482568961,0
1596160520.5078087,150.44672070253768,0.6558150482568961,0
1596160520.5178087,152.24890766848006,0.6558150482568961,0
1596160520.5278087,154.04839096773543,0.6558150482568961,0
1596160520.5378087,155.8484321664659,0.6558150482568961,0
1596160520.5478086,157.64774380434432,0.6558150482568961,0
1596160520.5578086,159.4473558496324,0.6558150482568961,0
1596160520.5678086,161.24735413301863,0.6558150482568961,0
1596160520.5778086,163.04735241640486,0.6558150482568961,0
1596160520.5878086,164.84979687441268,0.6558150482568961,0
1596160520.5978086,166.648550612816,0.6558150482568961,0
1596160520.6078086,168.44945011843123,0.6558150482568961,0
1596160520.6178086,170.24919090975203,0.6558150482568961,0
1596160520.6278086,172.04725800264754,0.6558150482568961,0
1596160520.6378086,173.84948788393416,0.6558150482568961,0
1596160520.6478086,175.6498294900743,0.6558150482568961,0
1596160520.6578085,177.44742451418318,0.6558150482568961,0
1596160520.6678085,179.24866734255232,0.6558150482568961,0
1596160520.6778085,181.04673443544783,0.6558150482568961,0
1596160520.6878085,182.84965096224226,0.6558150482568961,0
1596160520.6978085,184.64716015566268,0.6558150482568961,0
1596160520.7078085,186.4497333597032,0.6558150482568961,0
1596160520.7178085,188.24951706636824,0.6558150482568961,0
1596160520.7278085,190.04869995821394,0.6558150482568961,0
1596160520.7378085,191.8497282098619,0.6558150482568961,0
1596160520.7478085,193.64989815462508,0.6558150482568961,0
1596160520.7578084,195.447321517357,0.6558150482568961,0
1596160520.7678084,197.24719105471053,0.6558150482568961,0
1596160520.7778084,199.04787598360457,0.6558150482568961,0
1596160520.7878084,200.847187621483,0.6558150482568961,0
1596160520.7978084,202.64813004244246,0.6558150482568961,0
1596160520.8078084,204.44997368563094,0.6558150482568961,0
1596160520.8178084,206.24851284731307,0.6558150482568961,0
1596160520.8278084,208.04971276033797,0.6558150482568961,0
1596160520.8378084,209.84709320772566,0.6558150482568961,0
1596160520.8478084,211.64760647524275,0.6558150482568961,0
1596160520.8578084,213.44889221895613,0.6558150482568961,0
1596160520.8678083,215.24854717958846,0.6558150482568961,0
1596160520.8778083,217.04863129366316,0.6558150482568961,0
1596160520.8878083,218.8469558786241,0.6558150482568961,0
1596160520.8978083,220.64965782869734,0.6558150482568961,0
1596160520.9078083,222.4496990274278,0.6558150482568961,0
1596160520.9178083,224.24961148012557,0.6558150482568961,0
1596160520.9278083,226.04763565767684,0.6558150482568961,0
1596160520.9378083,227.8476768564073,0.6558150482568961,0
1596160520.9478083,229.6488767694322,0.6558150482568961,0
1596160520.9578083,231.44969044435896,0.6558150482568961,0
1596160520.9678082,233.24754296053328,0.6558150482568961,0
1596160520.9778082,235.0483137201158,0.6558150482568961,0
1596160520.9878082,236.84702454317488,0.6558150482568961,0
1596160520.9978082,238.64882527101912,0.6558150482568961,0
1596160521.0078082,240.44706402529158,0.6558150482568961,0
1596160521.0178082,242.2478347848741,0.6558150482568961,0
1596160521.0278082,244.04963551271834,0.6558150482568961,0
1596160521.0378082,245.84783135164656,0.6558150482568961,0
1596160521.0478082,247.64847336519637,0.6558150482568961,0
1596160521.0578082,249.4471412729112,0.6558150482568961,0
1596160521.0678082,251.24795494783797,0.6558150482568961,0
1596160521.0778081,253.0480819772569,0.6558150482568961,0
1596160521.0878081,254.84923897493758,0.6558150482568961,0
1596160521.0978081,256.6475635598985,0.6558150482568961,0
1596160521.107808,258.4481626581041,0.6558150482568961,0
1596160521.117808,260.2490621637193,0.6558150482568961,0
1596160521.127808,262.0480304788438,0.6558150482568961,0
1596160521.137808,263.8483291696397,0.6558150482568961,0
1596160521.147808,265.64875660646834,0.6558150482568961,0
1596160521.157808,267.4496990274278,0.6558150482568961,0
1596160521.167808,269.2492252420274,0.6558150482568961,0
1596160521.177808,271.04866562593855,0.6558150482568961,0
1596160521.187808,272.8473335336534,0.6558150482568961,0
1596160521.197808,274.6487480233995,0.6558150482568961,0
1596160521.207808,276.4476305078355,0.6558150482568961,0
1596160521.217808,278.2493883203355,0.6558150482568961,0
1596160521.227808,280.0486570428697,0.6558150482568961,0
1596160521.237808,281.8469387124864,0.6558150482568961,0
1596160521.247808,283.647537810692,0.6558150482568961,0
1596160521.257808,285.4496389459459,0.6558150482568961,0
1596160521.267808,287.24753437746443,0.6558150482568961,0
1596160521.277808,289.0494638513414,0.6558150482568961,0
1596160521.287808,290.8476596902696,0.6558150482568961,0
1596160521.297808,292.6491600107042,0.6558150482568961,0
1596160521.307808,294.44967327822127,0.6558150482568961,0
1596160521.317808,296.24679623354353,0.6558150482568961,0
1596160521.327808,298.04868279207625,0.6558150482568961,0
1596160521.337808,299.8493677209703,0.6558150482568961,0
1596160521.347808,301.6492372583238,0.6558150482568961,0
1596160521.3578079,303.44957886446394,0.6558150482568961,0
1596160521.3678079,305.2473455499498,0.6558150482568961,0
1596160521.3778079,307.04760132540144,0.6558150482568961,0
1596160521.3878078,308.84781418550887,0.6558150482568961,0
1596160521.3978078,310.64867077577986,0.6558150482568961,0
1596160521.4078078,312.4487978051988,0.6558150482568961,0
1596160521.4178078,314.24725113619246,0.6558150482568961,0
1596160521.4278078,316.0492664407579,0.6558150482568961,0
1596160521.4378078,317.8490072320787,0.6558150482568961,0
1596160521.4478078,319.6473318170396,0.6558150482568961,0
1596160521.4578078,321.44857464540877,0.6558150482568961,0
1596160521.4678078,323.2471996377794,0.6558150482568961,0
1596160521.4778078,325.0477558206407,0.6558150482568961,0
1596160521.4878078,326.84878407228865,0.6558150482568961,0
1596160521.4978077,328.64762364138045,0.6558150482568961,0
1596160521.5078077,330.4479652475206,0.6558150482568961,0
1596160521.5178077,332.24869309175887,0.6558150482568961,0
1596160521.5278077,334.0469318460313,0.6558150482568961,0
1596160521.5378077,335.84959088076033,0.6558150482568961,0
1596160521.5478077,337.64791546572127,0.6558150482568961,0
1596160521.5578077,339.4483858178941,0.6558150482568961,0
1596160521.5678077,341.2492424081651,0.6558150482568961,0
1596160521.5778077,343.0484253000108,0.6558150482568961,0
1596160521.5878077,344.84941063631453,0.6558150482568961,0
1596160521.5978076,346.64949475038924,0.6558150482568961,0
1596160521.6078076,348.4485488962022,0.6558150482568961,0
1596160521.6178076,350.2474742959825,0.6558150482568961,0
1596160521.6278076,352.04906044710555,0.6558150482568961,0
1596160521.6378076,353.8484150003282,0.6558150482568961,0
1596160521.6478076,355.64901409853377,0.6558150482568961,0
1596160521.6578076,357.44862614382185,0.6558150482568961,0
1596160521.6678076,359.24926815737166,0.6558150482568961,0
1596160521.6720026,360,0.6558150482568961,1
1596160521.6720026,0,0,0
1596160521.6820025,1.8032598495483398,0,0
1596160521.6920025,3.6010265350341797,0,0
1596160521.7020025,5.4015398025512695,0,0
1596160521.7120025,7.202353477478027,0,0
1596160521.7220025,9.0012788772583,0,0
1596160521.7320025,10.802350044250488,0,0
1596160521.7420025,12.600717544555664,0,0
1596160521.7520025,14.401917457580566,0,0
1596160521.7549195,14.925055503845215,0,0
1596160521.7549195,14.925055503845215,0,0
1596160521.7620025,16.200928688049316,0,0
1596160521.7720025,18.001785278320312,0,0
1596160521.7820024,19.80212688446045,0,0
1596160521.7920024,21.600322723388672,0,0
1596160521.8020024,23.40263843536377,0,0
1596160521.8120024,25.203237533569336,0,0
1596160521.8220024,27.001776695251465,0,0
1596160521.8320024,28.800315856933594,0,0
1596160521.8420024,30.601344108581543,0,0
1596160521.8520024,32.40121364593506,0,0
1596160521.8620024,34.201040267944336,0,0
1596160521.8720024,36.00112438201904,0,0
1596160521.8820024,37.80142307281494,0,0
1596160521.8920023,39.60069179534912,0,0
1596160521.9020023,41.40180587768555,0,0
1596160521.9120023,43.2022762298584,0,0
1596160521.9220023,45.00025749206543,0,0
1596160521.9320023,46.802616119384766,0,0
1596160521.9420023,48.60197067260742,0,0
1596160521.9520023,50.400638580322266,0,0
1596160521.9620023,52.200937271118164,0,0
1596160521.9720023,54.001193046569824,0,0
1596160521.9820023,55.8021354675293,0,0
1596160521.9920022,57.60149002075195,0,0
1596160522.0020022,59.401702880859375,0,0
1596160522.0120022,61.20075702667236,0,0
1596160522.0220022,63.00238609313965,0,0
1596160522.0320022,64.80221271514893,0,0
1596160522.0420022,66.60019397735596,0,0
1596160522.0520022,68.40208053588867,0,0
1596160522.0620022,70.20177841186523,0,0
1596160522.0720022,72.00109004974365,0,0
1596160522.0820022,73.80284786224365,0,0
1596160522.0920022,75.6000566482544,0,0
1596160522.1020021,77.4018144607544,0,0
1596160522.1120021,79.20142650604248,0,0
1596160522.1220021,81.00056648254395,0,0
1596160522.132002,82.80099391937256,0,0
1596160522.142002,84.60227966308594,0,0
1596160522.152002,86.40305042266846,0,0
1596160522.162002,88.20133209228516,0,0
1596160522.172002,89.99995708465576,0,0
1596160522.182002,91.80222988128662,0,0
1596160522.192002,93.60231399536133,0,0
1596160522.2012854,95.27090549468994,0,0
1596160522.2012854,95.27090549468994,0,0
1596160522.202002,95.40256977081299,0,0
1596160522.212002,97.19999313354492,0,0
1596160522.222002,99.00243759155273,0,0
1596160522.232002,100.8010196685791,0,0
1596160522.242002,102.6016616821289,0,0
1596160522.252002,104.40281867980957,0,0
1596160522.262002,106.20174407958984,0,0
1596160522.272002,108.00234317779541,0,0
1596160522.282002,109.80191230773926,0,0
1596160522.292002,111.60130977630615,0,0
1596160522.302002,113.40075016021729,0,0
1596160522.312002,115.20259380340576,0,0
1596160522.322002,117.00014591217041,0,0
1596160522.332002,118.8012170791626,0,0
1596160522.342002,120.60160160064697,0,0
1596160522.352002,122.40301609039307,0,0
1596160522.362002,124.20022487640381,0,0
1596160522.372002,126.00322723388672,0,0
1596160522.3820019,127.80262470245361,0,0
1596160522.3920019,129.60073471069336,0,0
1596160522.4020019,131.40283584594727,0,0
1596160522.4120018,133.20146083831787,0,0
1596160522.4220018,135.00047206878662,0,0
1596160522.4320018,136.8000841140747,0,0
1596160522.4420018,138.60124111175537,0,0
1596160522.4520018,140.40231227874756,0,0
1596160522.4620018,142.20196723937988,0,0
1596160522.4720018,144.00299549102783,0,0
1596160522.4820018,145.80230712890625,0,0
1596160522.4920018,147.60307788848877,0,0
1596160522.5020018,149.40097332000732,0,0
1596160522.5120018,151.20264530181885,0,0
1596160522.5220017,153.00251483917236,0,0
1596160522.5320017,154.8004961013794,0,0
1596160522.5420017,156.6013526916504,0,0
1596160522.5520017,158.40002059936523,0,0
1596160522.5620017,160.19997596740723,0,0
1596160522.5720017,162.0020341873169,0,0
1596160522.5820017,163.80284786224365,0,0
1596160522.5920017,165.60254573822021,0,0
1596160522.6020017,167.4009132385254,0,0
1596160522.6120017,169.20254230499268,0,0
1596160522.6220016,171.00249767303467,0,0
1596160522.6320016,172.80210971832275,0,0
1596160522.6420016,174.60124969482422,0,0
1596160522.6520016,176.4005184173584,0,0
1596160522.6620016,178.20184707641602,0,0
1596160522.6720016,180.0002145767212,0,0
1596160522.6820016,181.80248737335205,0,0
1596160522.6920016,183.6005973815918,0,0
1596160522.7020016,185.40008068084717,0,0
1596160522.7120016,187.20308303833008,0,0
1596160522.7139094,187.5432300567627,0,0
1596160522.7139094,187.5432300567627,0,0
1596160522.7220016,188.99999141693115,0,0
1596160522.7320015,190.8002471923828,0,0
1596160522.7420015,192.60080337524414,0,0
1596160522.7520015,194.40157413482666,0,0
1596160522.7620015,196.20092868804932,0,0
1596160522.7720015,198.00024032592773,0,0
1596160522.7820015,199.80165481567383,0,0
1596160522.7920015,201.6025972366333,0,0
1596160522.8020015,203.40117931365967,0,0
1596160522.8120015,205.20203590393066,0,0
1596160522.8220015,207.00074672698975,0,0
1596160522.8320014,208.80207538604736,0,0
1596160522.8420014,210.6007432937622,0,0
1596160522.8520014,212.4003553390503,0,0
1596160522.8620014,214.20219898223877,0,0
1596160522.8720014,216.00159645080566,0,0
1596160522.8820014,217.80099391937256,0,0
1596160522.8920014,219.60064888000488,0,0
1596160522.9020014,221.40056133270264,0,0
1596160522.9120014,223.20107460021973,0,0
1596160522.9220014,225.00266075134277,0,0
1596160522.9320014,226.80102825164795,0,0
1596160522.9420013,228.60051155090332,0,0
1596160522.9520013,230.40188312530518,0,0
1596160522.9620013,232.20080852508545,0,0
1596160522.9720013,234.00170803070068,0,0
1596160522.9820013,235.80054759979248,0,0
1596160522.9920013,237.60269165039062,0,0
1596160523.0020013,239.4007158279419,0,0
1596160523.0120013,241.20118618011475,0,0
1596160523.0220013,243.00208568572998,0,0
1596160523.0320013,244.8015260696411,0,0
1596160523.0420012,246.60302639007568,0,0
1596160523.0520012,248.4030246734619,0,0
1596160523.0620012,250.20092010498047,0,0
1596160523.0720012,251.99975967407227,0,0
1596160523.0820012,253.80263328552246,0,0
1596160523.0890138,255.06202697753906,0,0
1596160523.0890138,255.06202697753906,0,0
1596160523.0920012,255.60288906097412,0,0
1596160523.1020012,257.4015140533447,0,0
1596160523.1120012,259.2032289505005,0,0
1596160523.1220012,261.0003089904785,0,0
1596160523.1320012,262.8011655807495,0,0
1596160523.1420012,264.60172176361084,0,0
1596160523.1520011,266.40090465545654,0,0
1596160523.1620011,268.2009029388428,0,0
1596160523.1720011,270.00227451324463,0,0
1596160523.182001,271.8005132675171,0,0
1596160523.192001,273.5998249053955,0,0
1596160523.202001,275.4028272628784,0,0
1596160523.212001,277.2003364562988,0,0
1596160523.222001,279.0018367767334,0,0
1596160523.232001,280.8026075363159,0,0
1596160523.242001,282.60127544403076,0,0
1596160523.252001,284.40178871154785,0,0
1596160523.262001,286.20062828063965,0,0
1596160523.272001,288.00195693969727,0,0
1596160523.282001,289.8010540008545,0,0
1596160523.292001,291.5999364852905,0,0
1596160523.302001,293.4012222290039,0,0
1596160523.312001,295.2018642425537,0,0
1596160523.322001,297.002592086792,0,0
1596160523.332001,298.80040168762207,0,0
1596160523.342001,300.6022024154663,0,0
1596160523.352001,302.4016857147217,0,0
1596160523.362001,304.2014694213867,0,0
1596160523.372001,306.00000858306885,0,0
1596160523.382001,307.80223846435547,0,0
1596160523.392001,309.60193634033203,0,0
1596160523.402001,311.4003038406372,0,0
1596160523.412001,313.20188999176025,0,0
1596160523.422001,315.00163078308105,0,0
1596160523.4320009,316.80047035217285,0,0
1596160523.4420009,318.60132694244385,0,0
1596160523.4520009,320.4013681411743,0,0
1596160523.4620008,322.2015380859375,0,0
1596160523.4720008,324.00299549102783,0,0
1596160523.4820008,325.8023929595947,0,0
1596160523.4920008,327.60170459747314,0,0
1596160523.5020008,329.402174949646,0,0
1596160523.5120008,331.2004566192627,0,0
1596160523.5220008,333.00084114074707,0,0
1596160523.5320008,334.80225563049316,0,0
1596160523.5420008,336.60118103027344,0,0
1596160523.5520008,338.40238094329834,0,0
1596160523.5620008,340.2001905441284,0,0
1596160523.5720007,342.00121879577637,0,0
1596160523.5820007,343.8028907775879,0,0
1596160523.5920007,345.6010437011719,0,0
1596160523.6020007,347.4020719528198,0,0
1596160523.6120007,349.202241897583,0,0
1596160523.6220007,351.003098487854,0,0
1596160523.6320007,352.80120849609375,0,0
1596160523.6420007,354.60163593292236,0,0
1596160523.6520007,356.3998746871948,0,0
1596160523.6620007,358.20008754730225,0,0
1596160523.6720176,360,0,1
1596160523.6720176,0,0,0
1596160523.6820176,195.20280240435903,1.0744576387085023,0
1596160523.6920176,197.0048606242687,1.0744576387085023,0
1596160523.7020175,198.80528806109731,1.0744576387085023,0
1596160523.7120175,200.60537217517202,1.0744576387085023,0
1596160523.7220175,202.40571378131216,1.0744576387085023,0
1596160523.7320175,204.20399545092886,1.0744576387085023,0
1596160523.7420175,206.00532410998647,1.0744576387085023,0
1596160523.7520175,207.80493615527456,1.0744576387085023,0
1596160523.7620175,209.60514901538198,1.0744576387085023,0
1596160523.7720175,211.4050185527355,1.0744576387085023,0
1596160523.7820175,213.2056605662853,1.0744576387085023,0
1596160523.7920175,215.00437138934439,1.0744576387085023,0
1596160523.8020175,216.8036830272228,1.0744576387085023,0
1596160523.8120174,218.60239385028189,1.0744576387085023,0
1596160523.8220174,220.4049670543224,1.0744576387085023,0
1596160523.8320174,222.20565198321646,1.0744576387085023,0
1596160523.8420174,224.0036332454235,1.0744576387085023,0
1596160523.8520174,225.80307362933462,1.0744576387085023,0
1596160523.8620174,227.6049172725231,1.0744576387085023,0
1596160523.8720174,229.40461514849966,1.0744576387085023,0
1596160523.8820174,231.20401261706655,1.0744576387085023,0
1596160523.8920174,233.0023372020275,1.0744576387085023,0
1596160523.9020174,234.8046529140026,1.0744576387085023,0
1596160523.9120173,236.60259126086538,1.0744576387085023,0
1596160523.9220173,238.40533612628286,1.0744576387085023,0
1596160523.9320173,240.20408986468618,1.0744576387085023,0
1596160523.9420173,242.00511811633413,1.0744576387085023,0
1596160523.9520173,243.80378602404897,1.0744576387085023,0
1596160523.9620173,245.60541509051626,1.0744576387085023,0
1596160523.9720173,247.402623876527,1.0744576387085023,0
1596160523.9820173,249.20545457263296,1.0744576387085023,0
1596160523.9920173,251.0030066813976,1.0744576387085023,0
1596160524.0020173,252.80549405474966,1.0744576387085023,0
1596160524.0120173,254.60377572436636,1.0744576387085023,0
1596160524.0220172,256.40330193896597,1.0744576387085023,0
1596160524.0320172,258.20501683612173,1.0744576387085023,0
1596160524.0420172,260.00454305072134,1.0744576387085023,0
1596160524.0520172,261.80484174151724,1.0744576387085023,0
1596160524.0620172,263.60278008838003,1.0744576387085023,0
1596160524.0720172,265.4030787791759,1.0744576387085023,0
1596160524.0820172,267.2025620784313,1.0744576387085023,0
1596160524.0920172,269.0046632136852,1.0744576387085023,0
1596160524.1020172,270.8047473277599,1.0744576387085023,0
1596160524.1120172,272.60440228839224,1.0744576387085023,0
1596160524.1220171,274.40525887866323,1.0744576387085023,0
1596160524.1320171,276.20298264880483,1.0744576387085023,0
1596160524.1420171,278.0047833766491,1.0744576387085023,0
1596160524.152017,279.8048674907238,1.0744576387085023,0
1596160524.162017,281.60422204394644,1.0744576387085023,0
1596160524.172017,283.4043919887096,1.0744576387085023,0
1596160524.182017,285.2050340022594,1.0744576387085023,0
1596160524.1903772,286.7071139659435,1.0744576387085023,0
1596160524.1903772,286.7071139659435,1.0744576387085023,0
1596160524.192017,287.0028436030895,1.0744576387085023,0
1596160524.202017,288.80365727801626,1.0744576387085023,0
1596160524.212017,290.6025397624523,1.0744576387085023,0
1596160524.222017,292.40446923632925,1.0744576387085023,0
1596160524.232017,294.204381689027,1.0744576387085023,0
1596160524.242017,296.0039079036266,1.0744576387085023,0
1596160524.252017,297.80300496478384,1.0744576387085023,0
1596160524.262017,299.6036040629894,1.0744576387085023,0
1596160524.272017,301.40338776965444,1.0744576387085023,0
1596160524.282017,303.2034289683849,1.0744576387085023,0
1596160524.292017,305.0036847438366,1.0744576387085023,0
1596160524.302017,306.80565713305776,1.0744576387085023,0
1596160524.312017,308.6055266704113,1.0744576387085023,0
1596160524.322017,310.40355084796255,1.0744576387085023,0
1596160524.332017,312.20372079272573,1.0744576387085023,0
1596160524.342017,314.0037619914562,1.0744576387085023,0
1596160524.352017,315.80345986743276,1.0744576387085023,0
1596160524.362017,317.60431645770376,1.0744576387085023,0
1596160524.372017,319.40358518023794,1.0744576387085023,0
1596160524.382017,321.2030255641491,1.0744576387085023,0
1596160524.392017,323.004225477174,1.0744576387085023,0
1596160524.4020169,324.80460999865835,1.0744576387085023,0
1596160524.4120169,326.6042649592907,1.0744576387085023,0
1596160524.4220169,328.4040057506115,1.0744576387085023,0
1596160524.4320168,330.2036607112438,1.0744576387085023,0
1596160524.4420168,332.0055043544323,1.0744576387085023,0
1596160524.4520168,333.8032281245739,1.0744576387085023,0
1596160524.4620168,335.60464261431997,1.0744576387085023,0
1596160524.4720168,337.4040829982311,1.0744576387085023,0
1596160524.4820168,339.2038237895519,1.0744576387085023,0
1596160524.4920168,341.0036933269054,1.0744576387085023,0
1596160524.5020168,342.8029620494396,1.0744576387085023,0
1596160524.5120168,344.60274575610464,1.0744576387085023,0
1596160524.516746,345.4534995402843,1.0744576387085023,0
1596160524.516746,345.4534995402843,1.0744576387085023,0
1596160524.5220168,346.40471814532583,1.0744576387085023,0
1596160524.5320168,348.2038581218273,1.0744576387085023,0
1596160524.5420167,350.00364182849233,1.0744576387085023,0
1596160524.5520167,351.8054854716808,1.0744576387085023,0
1596160524.5620167,353.60423921008413,1.0744576387085023,0
1596160524.5720167,355.40445207019155,1.0744576387085023,0
1596160524.5820167,357.2041499461681,1.0744576387085023,0
1596160524.5920167,359.00380490680044,1.0744576387085023,0
1596160524.5975766,360,1.0744576387085023,1
1596160524.5975766,0,0,0
1596160524.6075766,222.97004662597473,1.228705324654463,0
1596160524.6175766,224.76995907867249,1.228705324654463,0
1596160524.6275766,226.56866990173157,1.228705324654463,0
1596160524.6375766,228.36896859252747,1.228705324654463,0
1596160524.6475766,230.17012559020813,1.228705324654463,0
1596160524.6575766,231.96733437621887,1.228705324654463,0
1596160524.6675766,233.76870595062073,1.228705324654463,0
1596160524.6775765,235.56973420226868,1.228705324654463,0
1596160524.6875765,237.36823044860657,1.228705324654463,0
1596160524.6975765,239.1694732769757,1.228705324654463,0
1596160524.7075765,240.9677549465924,1.228705324654463,0
1596160524.7175765,242.7697273358136,1.228705324654463,0
1596160524.7275765,244.56865273559387,1.228705324654463,0
1596160524.7375765,246.36933766448792,1.228705324654463,0
1596160524.7475765,248.16852055633362,1.228705324654463,0
1596160524.7575765,249.96972046935852,1.228705324654463,0
1596160524.7675765,251.76710091674622,1.228705324654463,0
1596160524.7775764,253.56830082977112,1.228705324654463,0
1596160524.7875764,255.36705456817444,1.228705324654463,0
1596160524.7975764,257.16958485687076,1.228705324654463,0
1596160524.8075764,258.9673515423566,1.228705324654463,0
1596160524.8175764,260.76704941833316,1.228705324654463,0
1596160524.8275764,262.5669189556867,1.228705324654463,0
1596160524.8375764,264.3681188687116,1.228705324654463,0
1596160524.8475764,266.16884671294986,1.228705324654463,0
1596160524.8575764,267.96824418151675,1.228705324654463,0
1596160524.8675764,269.7682853802472,1.228705324654463,0
1596160524.8775764,271.56738244140445,1.228705324654463,0
1596160524.8875763,273.36802445495425,1.228705324654463,0
1596160524.8975763,275.16999684417544,1.228705324654463,0
1596160524.9075763,276.96840725982486,1.228705324654463,0
1596160524.9175763,278.7672039135724,1.228705324654463,0
1596160524.9275763,280.5691763027936,1.228705324654463,0
1596160524.9375763,282.3690029248029,1.228705324654463,0
1596160524.9475763,284.16861497009097,1.228705324654463,0
1596160524.9575763,285.96891366088687,1.228705324654463,0
1596160524.9675763,287.7695985897809,1.228705324654463,0
1596160524.9775763,289.5689960583478,1.228705324654463,0
1596160524.9875762,291.3669344052106,1.228705324654463,0
1596160524.9975762,293.1689067944318,1.228705324654463,0
1596160525.0075762,294.96869050109683,1.228705324654463,0
1596160525.0175762,296.76778756225406,1.228705324654463,0
1596160525.0275762,298.5698028668195,1.228705324654463,0
1596160525.0375762,300.369672404173,1.228705324654463,0
1596160525.0475762,302.1672674282819,1.228705324654463,0
1596160525.0575762,303.9688106640607,1.228705324654463,0
1596160525.0675762,305.76773606384097,1.228705324654463,0
1596160525.0775762,307.5672622784406,1.228705324654463,0
1596160525.0875762,309.36829053008853,1.228705324654463,0
1596160525.0975761,311.1677738293439,1.228705324654463,0
1596160525.1075761,312.96768628204165,1.228705324654463,0
1596160525.1175761,314.7679420574933,1.228705324654463,0
1596160525.127576,316.5676828488141,1.228705324654463,0
1596160525.137576,318.3683248623639,1.228705324654463,0
1596160525.147576,320.1680656536847,1.228705324654463,0
1596160525.157576,321.96694813812076,1.228705324654463,0
1596160525.167576,323.77003632629214,1.228705324654463,0
1596160525.177576,325.56990586364566,1.228705324654463,0
1596160525.187576,327.36762963378726,1.228705324654463,0
1596160525.197576,329.1676279171735,1.228705324654463,0
1596160525.207576,330.968398676756,1.228705324654463,0
1596160525.217576,332.7687831982404,1.228705324654463,0
1596160525.227576,334.56715069854556,1.228705324654463,0
1596160525.237576,336.37015305602847,1.228705324654463,0
1596160525.247576,338.1692501171857,1.228705324654463,0
1596160525.257576,339.96693097198306,1.228705324654463,0
1596160525.267576,341.7694183453351,1.228705324654463,0
1596160525.277576,343.56941662872134,1.228705324654463,0
1596160525.287576,345.3673978909284,1.228705324654463,0
1596160525.297576,347.16937028014956,1.228705324654463,0
1596160525.307576,348.96911107147037,1.228705324654463,0
1596160525.317576,350.7688947781354,1.228705324654463,0
1596160525.327576,352.56889306152163,1.228705324654463,0
1596160525.337576,354.3670459851056,1.228705324654463,0
1596160525.347576,356.16949044311343,1.228705324654463,0
1596160525.350607,356.7124124630719,1.228705324654463,0
1596160525.350607,356.7124124630719,1.228705324654463,0
1596160525.357576,357.96691380584537,1.228705324654463,0
1596160525.367576,359.76888619506656,1.228705324654463,0
1596160525.3688881,360,1.228705324654463,1
1596160525.3688881,0,0,0
1596160525.3788881,126.60180996799569,0.6933276626216096,0
1596160525.3888881,128.39901875400642,0.6933276626216096,0
1596160525.398888,130.20021866703132,0.6933276626216096,0
1596160525.408888,132.002276886941,0.6933276626216096,0
1596160525.418888,133.80133103275398,0.6933276626216096,0
1596160525.428888,135.60068558597663,0.6933276626216096,0
1596160525.438888,137.40068386936287,0.6933276626216096,0
1596160525.448888,139.1997809305201,0.6933276626216096,0
1596160525.458888,141.0005516901026,0.6933276626216096,0
1596160525.468888,142.80123661899665,0.6933276626216096,0
1596160525.478888,144.59926079654792,0.6933276626216096,0
1596160525.488888,146.39960240268806,0.6933276626216096,0
1596160525.498888,148.20178936863044,0.6933276626216096,0
1596160525.508888,150.00144432926277,0.6933276626216096,0
1596160525.518888,151.799640168191,0.6933276626216096,0
1596160525.5194836,151.9061560525904,0.6933276626216096,0
1596160525.5194836,151.9061560525904,0.6933276626216096,0
1596160525.528888,153.600496758462,0.6933276626216096,0
1596160525.538888,155.3995938196192,0.6933276626216096,0
1596160525.548888,157.20238160038093,0.6933276626216096,0
1596160525.558888,159.00195073032478,0.6933276626216096,0
1596160525.568888,160.80018948459724,0.6933276626216096,0
1596160525.578888,162.599200715066,0.6933276626216096,0
1596160525.588888,164.40168808841804,0.6933276626216096,0
1596160525.598888,166.1992401971827,0.6933276626216096,0
1596160525.608888,167.99936722660163,0.6933276626216096,0
1596160525.618888,169.8008675470362,0.6933276626216096,0
1596160525.628888,171.59979294681648,0.6933276626216096,0
1596160525.638888,173.40210865879158,0.6933276626216096,0
1596160525.6488879,175.2015490427027,0.6933276626216096,0
1596160525.6588879,177.0008177652369,0.6933276626216096,0
1596160525.6688879,178.8020176782618,0.6933276626216096,0
1596160525.6788878,180.60038517856697,0.6933276626216096,0
1596160525.6888878,182.39943932437995,0.6933276626216096,0
1596160525.6988878,184.2017979516993,0.6933276626216096,0
1596160525.7088878,185.99982212925056,0.6933276626216096,0
1596160525.7188878,187.7996058359156,0.6933276626216096,0
1596160525.7288878,189.60119198703865,0.6933276626216096,0
1596160525.7388878,191.40063237094978,0.6933276626216096,0
1596160525.7488878,193.19925736332038,0.6933276626216096,0
1596160525.7588878,195.00097226047615,0.6933276626216096,0
1596160525.7688878,196.8008847131739,0.6933276626216096,0
1596160525.7788877,198.60036801242927,0.6933276626216096,0
1596160525.7888877,200.40122460270027,0.6933276626216096,0
1596160525.7988877,202.20152329349617,0.6933276626216096,0
1596160525.8088877,204.00156449222663,0.6933276626216096,0
1596160525.8188877,205.8021635904322,0.6933276626216096,0
1596160525.8288877,207.5997586145411,0.6933276626216096,0
1596160525.8388877,209.4010872735987,0.6933276626216096,0
1596160525.8408473,209.751619805337,0.6933276626216096,0
1596160525.8408473,209.751619805337,0.6933276626216096,0
1596160525.8488877,211.20022725010017,0.6933276626216096,0
1596160525.8588877,213.00086926364997,0.6933276626216096,0
1596160525.8688877,214.80000924015144,0.6933276626216096,0
1596160525.8788877,216.5989346399317,0.6933276626216096,0
1596160525.8888876,218.40060662174324,0.6933276626216096,0
1596160525.8988876,220.19957493686775,0.6933276626216096,0
1596160525.9088876,221.9991440668116,0.6933276626216096,0
1596160525.9188876,223.80085896396736,0.6933276626216096,0
1596160525.9288876,225.59999894046882,0.6933276626216096,0
1596160525.9388876,227.40137051487068,0.6933276626216096,0
1596160525.9488876,229.2017979516993,0.6933276626216096,0
1596160525.9588876,230.99990795993904,0.6933276626216096,0
1596160525.9688876,232.80080746555427,0.6933276626216096,0
1596160525.9788876,234.59973286533454,0.6933276626216096,0
1596160525.9888875,236.39938782596687,0.6933276626216096,0
1596160525.9988875,238.2011885538111,0.6933276626216096,0
1596160526.0088875,240.00041436100105,0.6933276626216096,0
1596160526.0188875,241.79899643802742,0.6933276626216096,0
1596160526.0288875,243.60161255741218,0.6933276626216096,0
1596160526.0388875,245.39976548099617,0.6933276626216096,0
1596160526.0488875,247.2013516321192,0.6933276626216096,0
1596160526.0588875,249.0013070001612,0.6933276626216096,0
1596160526.0688875,250.80117653751472,0.6933276626216096,0
1596160526.0788875,252.59902905368904,0.6933276626216096,0
1596160526.0888875,254.39885567569831,0.6933276626216096,0
1596160526.0988874,256.200913895608,0.6933276626216096,0
1596160526.1088874,258.00151299381355,0.6933276626216096,0
1596160526.1188874,259.7992796792994,0.6933276626216096,0
1596160526.1288874,261.5992779626856,0.6933276626216096,0
1596160526.1388874,263.40219448948005,0.6933276626216096,0
1596160526.1488874,265.1995320215235,0.6933276626216096,0
1596160526.1588874,267.0008177652369,0.6933276626216096,0
1596160526.1688874,268.80154560947517,0.6933276626216096,0
1596160526.1788874,270.60128640079597,0.6933276626216096,0
1596160526.1888874,272.3989243402491,0.6933276626216096,0
1596160526.1988873,274.1997809305201,0.6933276626216096,0
1596160526.2088873,275.9990925683985,0.6933276626216096,0
1596160526.2188873,277.79930542850593,0.6933276626216096,0
1596160526.2288873,279.6013636484156,0.6933276626216096,0
1596160526.2388873,281.39934491062263,0.6933276626216096,0
1596160526.2488873,283.2010598077784,0.6933276626216096,0
1596160526.2588873,285.0009293451319,0.6933276626216096,0
1596160526.2688873,286.8019146814356,0.6933276626216096,0
1596160526.2788873,288.5999817743311,0.6933276626216096,0
1596160526.2888873,290.39998005771736,0.6933276626216096,0
1596160526.2988873,292.1998495950709,0.6933276626216096,0
1596160526.3088872,294.0004916086207,0.6933276626216096,0
1596160526.3188872,295.8020777597437,0.6933276626216096,0
1596160526.3288872,297.59928654575447,0.6933276626216096,0
1596160526.3388872,299.40057228946785,0.6933276626216096,0
1596160526.3488872,301.2006993188868,0.6933276626216096,0
1596160526.3588872,303.00061177158454,0.6933276626216096,0
1596160526.3688872,304.8015112771998,0.6933276626216096,0
1596160526.3788872,306.6010374917994,0.6933276626216096,0
1596160526.3888872,308.39970539951423,0.6933276626216096,0
1596160526.3988872,310.19888829135994,0.6933276626216096,0
1596160526.4088871,311.9998307123194,0.6933276626216096,0
1596160526.4188871,313.79948567295173,0.6933276626216096,0
1596160526.4288871,315.5990977182398,0.6933276626216096,0
1596160526.4388871,317.4012846841822,0.6933276626216096,0
1596160526.448887,319.2003388299952,0.6933276626216096,0
1596160526.458887,320.9994358911524,0.6933276626216096,0
1596160526.468887,322.79909085178474,0.6933276626216096,0
1596160526.478887,324.5994324579249,0.6933276626216096,0
1596160526.488887,326.4014477624903,0.6933276626216096,0
1596160526.498887,328.2014889612208,0.6933276626216096,0
1596160526.4997234,328.34933232212165,0.6933276626216096,0
1596160526.4997234,328.34933232212165,0.6933276626216096,0
1596160526.508887,330.00097226047615,0.6933276626216096,0
1596160526.518887,331.8017859354029,0.6933276626216096,0
1596160526.528887,333.60169838810066,0.6933276626216096,0
1596160526.538887,335.3994650735865,0.6933276626216096,0
1596160526.548887,337.2021241083155,0.6933276626216096,0
1596160526.558887,339.00212239170173,0.6933276626216096,0
1596160526.568887,340.7987732782374,0.6933276626216096,0
1596160526.578887,342.6006598367701,0.6933276626216096,0
1596160526.588887,344.40091561222175,0.6933276626216096,0
1596160526.598887,346.2000555887232,0.6933276626216096,0
1596160526.608887,348.0000109567652,0.6933276626216096,0
1596160526.618887,349.7989363565455,0.6933276626216096,0
1596160526.628887,351.60052250766853,0.6933276626216096,0
1596160526.638887,353.4009070291529,0.6933276626216096,0
1596160526.648887,355.20146321201423,0.6933276626216096,0
1596160526.658887,356.99978779697517,0.6933276626216096,0
1596160526.668887,358.800258149148,0.6933276626216096,0
1596160526.675573,360,0.6933276626216096,1
1596160526.675573,0,0,0
1596160526.685573,243.2079376982883,1.3411392449268784,0
1596160526.695573,245.00720642082248,1.3411392449268784,0
1596160526.705573,246.807977180405,1.3411392449268784,0
1596160526.715573,248.60780380241428,1.3411392449268784,0
1596160526.725573,250.40694377891575,1.3411392449268784,0
1596160526.735573,252.20578334800754,1.3411392449268784,0
1596160526.745573,254.00539539329563,1.3411392449268784,0
1596160526.755573,255.80753944389377,1.3411392449268784,0
1596160526.765573,257.60599277488745,1.3411392449268784,0
1596160526.775573,259.4069351958469,1.3411392449268784,0
1596160526.785573,261.2065043257908,1.3411392449268784,0
1596160526.795573,263.00585887901343,1.3411392449268784,0
1596160526.805573,264.8061146544651,1.3411392449268784,0
1596160526.815573,266.60512588493384,1.3411392449268784,0
1596160526.825573,268.40666912071265,1.3411392449268784,0
1596160526.835573,270.207053642197,1.3411392449268784,0
1596160526.845573,272.0066227721409,1.3411392449268784,0
1596160526.855573,273.806063156052,1.3411392449268784,0
1596160526.865573,275.60773513786353,1.3411392449268784,0
1596160526.875573,277.4052014159397,1.3411392449268784,0
1596160526.885573,279.2064871596531,1.3411392449268784,0
1596160526.895573,281.0079445647434,1.3411392449268784,0
1596160526.905573,282.8058829116062,1.3411392449268784,0
1596160526.915573,284.6080698775486,1.3411392449268784,0
1596160526.9255729,286.406480293198,1.3411392449268784,0
1596160526.9355729,288.205534439011,1.3411392449268784,0
1596160526.9455729,290.00677726738013,1.3411392449268784,0
1596160526.9555728,291.8061318206028,1.3411392449268784,0
1596160526.9655728,293.60673091880835,1.3411392449268784,0
1596160526.9755728,295.406085472031,1.3411392449268784,0
1596160526.9855728,297.20788619987525,1.3411392449268784,0
1596160526.9955728,299.0064253615574,1.3411392449268784,0
1596160527.0055728,300.8061661528782,1.3411392449268784,0
1596160527.0155728,302.6064648436741,1.3411392449268784,0
1596160527.0255728,304.40650604240454,1.3411392449268784,0
1596160527.0355728,306.2069763945774,1.3411392449268784,0
1596160527.0455728,308.00779006950415,1.3411392449268784,0
1596160527.0555727,309.8052134322361,1.3411392449268784,0
1596160527.0655727,311.6061987685398,1.3411392449268784,0
1596160527.0755727,313.407269935532,1.3411392449268784,0
1596160527.0855727,315.207053642197,1.3411392449268784,0
1596160527.0955727,317.00572154991187,1.3411392449268784,0
1596160527.1055727,318.80541942588843,1.3411392449268784,0
1596160527.1155727,320.60606143943824,1.3411392449268784,0
1596160527.1255727,322.4053301619724,1.3411392449268784,0
1596160527.1355727,324.2081608580784,1.3411392449268784,0
1596160527.1455727,326.00618503562964,1.3411392449268784,0
1596160527.1555727,327.80614040367163,1.3411392449268784,0
1596160527.1655726,329.60532329551734,1.3411392449268784,0
1596160527.1755726,331.40729568473853,1.3411392449268784,0
1596160527.1855726,333.2075514601902,1.3411392449268784,0
1596160527.1955726,335.00544689170874,1.3411392449268784,0
1596160527.2055726,336.80720470420874,1.3411392449268784,0
1596160527.2155726,338.6064305113987,1.3411392449268784,0
1596160527.2255726,340.40793083183326,1.3411392449268784,0
1596160527.2355726,342.2079291152195,1.3411392449268784,0
1596160527.2455726,344.00560997001685,1.3411392449268784,0
1596160527.2555726,345.806852798386,1.3411392449268784,0
1596160527.2655725,347.6056923674778,1.3411392449268784,0
1596160527.2755725,349.40830848686255,1.3411392449268784,0
1596160527.2855725,351.2053026961521,1.3411392449268784,0
1596160527.2955725,353.00577304832495,1.3411392449268784,0
1596160527.3055725,354.8049988555149,1.3411392449268784,0
1596160527.3155725,356.6052117156223,1.3411392449268784,0
1596160527.3255725,358.40812824241675,1.3411392449268784,0
1596160527.3344507,360,1.3411392449268784,1
1596160527.3344507,0,0,0
1596160527.3444507,1.8004274368286133,0,0
1596160527.3544507,3.6005115509033203,0,0
1596160527.358588,4.3447065353393555,0,0
1596160527.358588,4.3447065353393555,0,0
1596160527.3644507,5.400295257568359,0,0
1596160527.3744507,7.201881408691406,0,0
1596160527.3844507,9.003252983093262,0,0
1596160527.3944507,10.801749229431152,0,0
1596160527.4044507,12.601232528686523,0,0
1596160527.4144506,14.401788711547852,0,0
1596160527.4244506,16.2007999420166,0,0
1596160527.4344506,18.00084114074707,0,0
1596160527.4444506,19.803285598754883,0,0
1596160527.4544506,21.60182476043701,0,0
1596160527.4644506,23.40139389038086,0,0
1596160527.4744506,25.203280448913574,0,0
1596160527.4844506,27.00143337249756,0,0
1596160527.4944506,28.801345825195312,0,0
1596160527.5044506,30.601258277893066,0,0
1596160527.5144506,32.40323066711426,0,0
1596160527.5244505,34.20292854309082,0,0
1596160527.5344505,36.002068519592285,0,0
1596160527.5444505,37.803053855895996,0,0
1596160527.5544505,39.60124969482422,0,0
1596160527.5644505,41.40116214752197,0,0
1596160527.5744505,43.202362060546875,0,0
1596160527.5844505,45.00047206878662,0,0
1596160527.5944505,46.80244445800781,0,0
1596160527.6044505,48.60102653503418,0,0
1596160527.6144505,50.4032564163208,0,0
1596160527.6244504,52.20162391662598,0,0
1596160527.6344504,54.00256633758545,0,0
1596160527.6444504,55.8001184463501,0,0
1596160527.6544504,57.60007381439209,0,0
1596160527.6644504,59.400930404663086,0,0
1596160527.6744504,61.20114326477051,0,0
1596160527.6844504,63.00028324127197,0,0
1596160527.6944504,64.80264186859131,0,0
1596160527.7044504,66.60328388214111,0,0
1596160527.7144504,68.40156555175781,0,0
1596160527.7244503,70.20203590393066,0,0
1596160527.7344503,72.00263500213623,0,0
1596160527.7444503,73.80138874053955,0,0
1596160527.7544503,75.60250282287598,0,0
1596160527.7644503,77.40232944488525,0,0
1596160527.7744503,79.2007827758789,0,0
1596160527.7844503,81.00266933441162,0,0
1596160527.7944503,82.80288219451904,0,0
1596160527.8044503,84.60004806518555,0,0
1596160527.8144503,86.40111923217773,0,0
1596160527.8244503,88.20223331451416,0,0
1596160527.8344502,90.00047206878662,0,0
1596160527.842454,91.44058227539062,0,0
1596160527.842454,91.44058227539062,0,0
1596160527.8444502,91.80021286010742,0,0
1596160527.8544502,93.60248565673828,0,0
1596160527.8644502,95.40098190307617,0,0
1596160527.8744502,97.20261096954346,0,0
1596160527.8844502,99.00170803070068,0,0
1596160527.8944502,100.80312252044678,0,0
1596160527.9044502,102.60024547576904,0,0
1596160527.9144502,104.40174579620361,0,0
1596160527.9244502,106.20041370391846,0,0
1596160527.9344501,108.00281524658203,0,0
1596160527.9444501,109.80247020721436,0,0
1596160527.9544501,111.6007947921753,0,0
1596160527.9644501,113.40010643005371,0,0
1596160527.97445,115.20057678222656,0,0
1596160527.98445,117.00199127197266,0,0
1596160527.99445,118.8006591796875,0,0
1596160528.00445,120.60245990753174,0,0
1596160528.01445,122.40323066711426,0,0
1596160528.02445,124.20013904571533,0,0
1596160528.03445,126.0016393661499,0,0
1596160528.04445,127.80022144317627,0,0
1596160528.05445,129.6004343032837,0,0
1596160528.06445,131.40133380889893,0,0
1596160528.07445,133.20231914520264,0,0
1596160528.08445,135.00261783599854,0,0
1596160528.09445,136.80205821990967,0,0
1596160528.10445,138.60300064086914,0,0
1596160528.11445,140.402569770813,0,0
1596160528.12445,142.20072269439697,0,0
1596160528.13445,144.00265216827393,0,0
1596160528.14445,145.80097675323486,0,0
1596160528.15445,147.59990215301514,0,0
1596160528.16445,149.4016170501709,0,0
1596160528.17445,151.2028169631958,0,0
1596160528.18445,153.00281524658203,0,0
1596160528.19445,154.80032444000244,0,0
1596160528.1975665,155.36084175109863,0,0
1596160528.1975665,155.36084175109863,0,0
1596160528.20445,156.59997940063477,0,0
1596160528.21445,158.40023517608643,0,0
1596160528.2244499,160.20169258117676,0,0
1596160528.2344499,162.001690864563,0,0
1596160528.2444499,163.80035877227783,0,0
1596160528.2526846,165.28209686279297,0,0
1596160528.2526846,165.28209686279297,0,0
1596160528.2544498,165.60138702392578,0,0
1596160528.2644498,167.4003553390503,0,0
1596160528.2744498,169.20202732086182,0,0
1596160528.2844498,171.0019826889038,0,0
1596160528.2944498,172.80219554901123,0,0
1596160528.3044498,174.6023654937744,0,0
1596160528.3144498,176.40103340148926,0,0
1596160528.3244498,178.20231914520264,0,0
1596160528.3344498,180.00008583068848,0,0
1596160528.3444498,181.80072784423828,0,0
1596160528.3544497,183.6000394821167,0,0
1596160528.3644497,185.40209770202637,0,0
1596160528.3744497,187.2024393081665,0,0
1596160528.3844497,189.00132179260254,0,0
1596160528.3944497,190.80295085906982,0,0
1596160528.4044497,192.60149002075195,0,0
1596160528.4144497,194.4016170501709,0,0
1596160528.4244497,196.2024736404419,0,0
1596160528.4344497,198.00036907196045,0,0
1596160528.4444497,199.80212688446045,0,0
1596160528.4544497,201.60096645355225,0,0
1596160528.4644496,203.40075016021729,0,0
1596160528.4744496,205.20272254943848,0,0
1596160528.4844496,207.0021629333496,0,0
1596160528.4944496,208.79980087280273,0,0
1596160528.5044496,210.60125827789307,0,0
1596160528.5144496,212.401385307312,0,0
1596160528.5244496,214.20091152191162,0,0
1596160528.5344496,216.00236892700195,0,0
1596160528.5444496,217.80198097229004,0,0
1596160528.5544496,219.5998764038086,0,0
1596160528.5644495,221.40313625335693,0,0
1596160528.5744495,223.2002592086792,0,0
1596160528.5844495,225.00283241271973,0,0
1596160528.5944495,226.80171489715576,0,0
1596160528.6044495,228.59991073608398,0,0
1596160528.6144495,230.4011106491089,0,0
1596160528.6244495,232.20282554626465,0,0
1596160528.6344495,233.9999485015869,0,0
1596160528.6444495,235.80196380615234,0,0
1596160528.6544495,237.59994506835938,0,0
1596160528.6644495,239.39985752105713,0,0
1596160528.6744494,241.20075702667236,0,0
1596160528.6844494,243.00101280212402,0,0
1596160528.6944494,244.80023860931396,0,0
1596160528.7044494,246.60075187683105,0,0
1596160528.7144494,248.40079307556152,0,0
1596160528.7244494,250.2004909515381,0,0
1596160528.7344494,252.00018882751465,0,0
1596160528.7444494,253.80151748657227,0,0
1596160528.7544494,255.60314655303955,0,0
1596160528.7644494,257.4020290374756,0,0
1596160528.7744493,259.1997528076172,0,0
1596160528.7844493,261.0017681121826,0,0
1596160528.7944493,262.80052185058594,0,0
1596160528.8044493,264.60193634033203,0,0
1596160528.8144493,266.4014196395874,0,0
1596160528.8244493,268.2027053833008,0,0
1596160528.8344493,270.0007724761963,0,0
1596160528.8444493,271.79991245269775,0,0
1596160528.8544493,273.6002540588379,0,0
1596160528.8644493,275.40128231048584,0,0
1596160528.8744493,277.2007656097412,0,0
1596160528.8844492,279.0017509460449,0,0
1596160528.8944492,280.8031225204468,0,0
1596160528.9044492,282.60161876678467,0,0
1596160528.9144492,284.40191745758057,0,0
1596160528.9244492,286.2013578414917,0,0
1596160528.9344492,288.00114154815674,0,0
1596160528.9444492,289.8016119003296,0,0
1596160528.9544492,291.5997648239136,0,0
1596160528.9644492,293.4018659591675,0,0
1596160528.9744492,295.2019929885864,0,0
1596160528.9844491,297.0019483566284,0,0
1596160528.9944491,298.8001012802124,0,0
1596160529.0044491,300.6022882461548,0,0
1596160529.0144491,302.4029731750488,0,0
1596160529.024449,304.20207023620605,0,0
1596160529.034449,306.0026693344116,0,0
1596160529.044449,307.8009080886841,0,0
1596160529.054449,309.6011209487915,0,0
1596160529.064449,311.4016342163086,0,0
1596160529.074449,313.20077419281006,0,0
1596160529.084449,315.00231742858887,0,0
1596160529.094449,316.80012702941895,0,0
1596160529.104449,318.5996961593628,0,0
1596160529.114449,320.4005527496338,0,0
1596160529.124449,322.20055103302,0,0
1596160529.134449,324.0001630783081,0,0
1596160529.144449,325.80307960510254,0,0
1596160529.154449,327.6019620895386,0,0
1596160529.164449,329.3997287750244,0,0
1596160529.174449,331.2022590637207,0,0
1596160529.184449,333.0025577545166,0,0
1596160529.194449,334.7998523712158,0,0
1596160529.204449,336.6030693054199,0,0
1596160529.214449,338.40293884277344,0,0
1596160529.224449,340.2010488510132,0,0
1596160529.234449,341.9999313354492,0,0
1596160529.244449,343.79980087280273,0,0
1596160529.254449,345.60155868530273,0,0
1596160529.264449,347.4013423919678,0,0
1596160529.2744489,349.2030143737793,0,0
1596160529.2844489,351.00103855133057,0,0
1596160529.2944489,352.8029680252075,0,0
1596160529.3044488,354.6008634567261,0,0
1596160529.3144488,356.39978885650635,0,0
1596160529.3244488,358.2015895843506,0,0
1596160529.334456,360,0,1
1596160529.334456,0,0,0
1596160529.344456,147.49314130767638,0.8093949060431485,0
1596160529.354456,149.29202379211242,0.8093949060431485,0
1596160529.364456,151.0942107580548,0.8093949060431485,0
1596160529.374456,152.89120496734435,0.8093949060431485,0
1596160529.384456,154.6929198645001,0.8093949060431485,0
1596160529.394456,156.49180234893615,0.8093949060431485,0
1596160529.404456,158.29381765350158,0.8093949060431485,0
1596160529.414456,160.09136976226623,0.8093949060431485,0
1596160529.424456,161.8941146276837,0.8093949060431485,0
1596160529.4344559,163.69248212798888,0.8093949060431485,0
1596160529.4444559,165.49363912566955,0.8093949060431485,0
1596160529.4544559,167.29260744079406,0.8093949060431485,0
1596160529.4644558,169.0929490469342,0.8093949060431485,0
1596160529.4744558,170.8921319387799,0.8093949060431485,0
1596160529.4844558,172.694447650755,0.8093949060431485,0
1596160529.4944558,174.4917422674542,0.8093949060431485,0
1596160529.5044558,176.29182638152892,0.8093949060431485,0
1596160529.5144558,178.09238256439025,0.8093949060431485,0
1596160529.5244558,179.891393794859,0.8093949060431485,0
1596160529.5344558,181.69323743804748,0.8093949060431485,0
1596160529.5444558,183.4916478536969,0.8093949060431485,0
1596160529.5544558,185.29237569793517,0.8093949060431485,0
1596160529.5644557,187.09190191253478,0.8093949060431485,0
1596160529.5690563,187.9191380880719,0.8093949060431485,0
1596160529.5690563,187.9191380880719,0.8093949060431485,0
1596160529.5744557,188.89374555572326,0.8093949060431485,0
1596160529.5844557,190.69279970153625,0.8093949060431485,0
1596160529.5944557,192.4924975775128,0.8093949060431485,0
1596160529.6044557,194.29416955932433,0.8093949060431485,0
1596160529.6144557,196.09180749877746,0.8093949060431485,0
1596160529.6191647,196.93865598663146,0.8093949060431485,0
1596160529.6191647,196.93865598663146,0.8093949060431485,0
1596160529.6244557,197.8919345281964,0.8093949060431485,0
1596160529.6344557,199.6913319967633,0.8093949060431485,0
1596160529.6444557,201.49369062408263,0.8093949060431485,0
1596160529.6544557,203.29334558471496,0.8093949060431485,0
1596160529.6644557,205.09398759826476,0.8093949060431485,0
1596160529.6744556,206.89145387634093,0.8093949060431485,0
1596160529.6844556,208.69304002746398,0.8093949060431485,0
1596160529.6944556,210.4932528875714,0.8093949060431485,0
1596160529.7044556,212.29325117095763,0.8093949060431485,0
1596160529.7144556,214.09174741729552,0.8093949060431485,0
1596160529.7244556,215.89367689117248,0.8093949060431485,0
1596160529.7344556,217.6918727301007,0.8093949060431485,0
1596160529.7444556,219.49281515106017,0.8093949060431485,0
1596160529.7544556,221.29422964080626,0.8093949060431485,0
1596160529.7644556,223.09268297179992,0.8093949060431485,0
1596160529.7744555,224.8910504721051,0.8093949060431485,0
1596160529.7844555,226.69207872375304,0.8093949060431485,0
1596160529.7944555,228.49151910766417,0.8093949060431485,0
1596160529.8044555,230.2920752905255,0.8093949060431485,0
1596160529.8144555,232.09379018768126,0.8093949060431485,0
1596160529.8244555,233.89305891021544,0.8093949060431485,0
1596160529.8344555,235.6940871618634,0.8093949060431485,0
1596160529.8444555,237.49116720184142,0.8093949060431485,0
1596160529.8544555,239.2936974905377,0.8093949060431485,0
1596160529.8644555,241.09189332946593,0.8093949060431485,0
1596160529.8744555,242.8922778509503,0.8093949060431485,0
1596160529.8844554,244.69330610259826,0.8093949060431485,0
1596160529.8944554,246.49210275634582,0.8093949060431485,0
1596160529.9044554,248.29162897094542,0.8093949060431485,0
1596160529.9144554,250.09214223846251,0.8093949060431485,0
1596160529.9244554,251.8929988287335,0.8093949060431485,0
1596160529.9344554,253.69123758300597,0.8093949060431485,0
1596160529.9444554,255.49376787170226,0.8093949060431485,0
1596160529.9544554,257.2925216101056,0.8093949060431485,0
1596160529.9644554,259.0934640310651,0.8093949060431485,0
1596160529.9744554,260.89183153137026,0.8093949060431485,0
1596160529.9844553,262.69135774596987,0.8093949060431485,0
1596160529.9944553,264.49242891296205,0.8093949060431485,0
1596160530.0044553,266.2911826513654,0.8093949060431485,0
1596160530.0144553,268.0915242575055,0.8093949060431485,0
1596160530.0244553,269.893367900694,0.8093949060431485,0
1596160530.0344553,271.69237913116274,0.8093949060431485,0
1596160530.0444553,273.49121870025454,0.8093949060431485,0
1596160530.0544553,275.2916890524274,0.8093949060431485,0
1596160530.0644553,277.0923310659772,0.8093949060431485,0
1596160530.0744553,278.8936597250348,0.8093949060431485,0
1596160530.0844553,280.6931430242902,0.8093949060431485,0
1596160530.0944552,282.4936992071515,0.8093949060431485,0
1596160530.1044552,284.293568744505,0.8093949060431485,0
1596160530.1055484,284.487717761839,0.8093949060431485,0
1596160530.1055484,284.487717761839,0.8093949060431485,0
1596160530.1144552,286.0909491918927,0.8093949060431485,0
1596160530.1244552,287.8930074118024,0.8093949060431485,0
1596160530.1344552,289.69116033538637,0.8093949060431485,0
1596160530.1444552,291.4930468939191,0.8093949060431485,0
1596160530.1544552,293.29128564819155,0.8093949060431485,0
1596160530.1644552,295.093300952757,0.8093949060431485,0
1596160530.1744552,296.89321340545473,0.8093949060431485,0
1596160530.1844552,298.6933404348737,0.8093949060431485,0
1596160530.1944551,300.49329580291567,0.8093949060431485,0
1596160530.2044551,302.2941094778424,0.8093949060431485,0
1596160530.2144551,304.09153284057436,0.8093949060431485,0
1596160530.224455,305.89427770599184,0.8093949060431485,0
1596160530.234455,307.6928597830182,0.8093949060431485,0
1596160530.244455,309.4940596960431,0.8093949060431485,0
1596160530.254455,311.29169763549623,0.8093949060431485,0
1596160530.264455,313.09336961730776,0.8093949060431485,0
1596160530.274455,314.891565456236,0.8093949060431485,0
1596160530.284455,316.6936665914899,0.8093949060431485,0
1596160530.294455,318.49267782195864,0.8093949060431485,0
1596160530.304455,320.2930194280988,0.8093949060431485,0
1596160530.314455,322.0934468649274,0.8093949060431485,0
1596160530.324455,323.8922006033307,0.8093949060431485,0
1596160530.334455,325.6935292623883,0.8093949060431485,0
1596160530.344455,327.49339879974184,0.8093949060431485,0
1596160530.354455,329.2937833212262,0.8093949060431485,0
1596160530.364455,331.09167875274477,0.8093949060431485,0
1596160530.374455,332.8936940573102,0.8093949060431485,0
1596160530.384455,334.692533626402,0.8093949060431485,0
1596160530.394455,336.4924031637555,0.8093949060431485,0
1596160530.404455,338.29184354766664,0.8093949060431485,0
1596160530.414455,340.0939017675763,0.8093949060431485,0
1596160530.424455,341.8915826223737,0.8093949060431485,0
1596160530.434455,343.6913663290387,0.8093949060431485,0
1596160530.444455,345.4920083425885,0.8093949060431485,0
1596160530.454455,347.29213537200746,0.8093949060431485,0
1596160530.464455,349.09217657073793,0.8093949060431485,0
1596160530.4744549,350.89217485412416,0.8093949060431485,0
1596160530.4844549,352.6918298147565,0.8093949060431485,0
1596160530.4944549,354.4940596960431,0.8093949060431485,0
1596160530.5044549,356.29161180480776,0.8093949060431485,0
1596160530.5144548,358.0924254797345,0.8093949060431485,0
1596160530.5244548,359.891393794859,0.8093949060431485,0
1596160530.5250645,360,0.8093949060431485,1
1596160530.5250645,0,0,0
1596160530.5350645,235.97667840293383,1.3009801257082343,0
1596160530.5450644,237.77753499320482,1.3009801257082343,0
1596160530.5550644,239.57787659934496,1.3009801257082343,0
1596160530.5650644,241.37766030601,1.3009801257082343,0
1596160530.5750644,243.17813065818285,1.3009801257082343,0
1596160530.5850644,244.9797168093059,1.3009801257082343,0
1596160530.5950644,246.77791264823412,1.3009801257082343,0
1596160530.6050644,248.57855466178393,1.3009801257082343,0
1596160530.6150644,250.37829545310473,1.3009801257082343,0
1596160530.6250644,252.17975285819506,1.3009801257082343,0
1596160530.6350644,253.9791932421062,1.3009801257082343,0
1596160530.6450644,255.7792773561809,1.3009801257082343,0
1596160530.6550643,257.5783744173381,1.3009801257082343,0
1596160530.6650643,259.3789735155437,1.3009801257082343,0
1596160530.6750643,261.1780276613567,1.3009801257082343,0
1596160530.6850643,262.9787984209392,1.3009801257082343,0
1596160530.6950643,264.77879670432543,1.3009801257082343,0
1596160530.7050643,266.5787520723674,1.3009801257082343,0
1596160530.7150643,268.3777633028362,1.3009801257082343,0
1596160530.7250643,270.17733243278,1.3009801257082343,0
1596160530.7350643,271.97642949393725,1.3009801257082343,0
1596160530.7450643,273.77908852866625,1.3009801257082343,0
1596160530.7550642,275.57749894431566,1.3009801257082343,0
1596160530.7650642,277.3765101747844,1.3009801257082343,0
1596160530.7750642,279.1774955110881,1.3009801257082343,0
1596160530.7850642,280.97646382621264,1.3009801257082343,0
1596160530.7950642,282.7772775011394,1.3009801257082343,0
1596160530.8050642,284.5783915834758,1.3009801257082343,0
1596160530.8150642,286.3772311525676,1.3009801257082343,0
1596160530.8250642,288.1784310655925,1.3009801257082343,0
1596160530.8350642,289.97890141776537,1.3009801257082343,0
1596160530.8450642,291.77928593924975,1.3009801257082343,0
1596160530.8550642,293.5765376406047,1.3009801257082343,0
1596160530.8650641,295.37687924674486,1.3009801257082343,0
1596160530.8750641,297.1787658052776,1.3009801257082343,0
1596160530.8850641,298.9767470674846,1.3009801257082343,0
1596160530.895064,300.7779469805095,1.3009801257082343,0
1596160530.905064,302.57815984061693,1.3009801257082343,0
1596160530.915064,304.37768605521654,1.3009801257082343,0
1596160530.925064,306.1771693544719,1.3009801257082343,0
1596160530.935064,307.9772105532024,1.3009801257082343,0
1596160530.945064,309.7772088365886,1.3009801257082343,0
1596160530.9469037,310.1074853258464,1.3009801257082343,0
1596160530.9469037,310.1074853258464,1.3009801257082343,0
1596160530.955064,311.57776501944994,1.3009801257082343,0
1596160530.965064,313.3769908266399,1.3009801257082343,0
1596160530.975064,315.17634537986254,1.3009801257082343,0
1596160530.985064,316.97801736167406,1.3009801257082343,0
1596160530.995064,318.7792601900432,1.3009801257082343,0
1596160531.005064,320.5782285051677,1.3009801257082343,0
1596160531.015064,322.3776259737346,1.3009801257082343,0
1596160531.025064,324.1776671724651,1.3009801257082343,0
1596160531.035064,325.9765496569011,1.3009801257082343,0
1596160531.045064,327.7771487551067,1.3009801257082343,0
1596160531.055064,329.57912114432787,1.3009801257082343,0
1596160531.065064,331.37881902030443,1.3009801257082343,0
1596160531.075064,333.17667153647875,1.3009801257082343,0
1596160531.085064,334.97890141776537,1.3009801257082343,0
1596160531.095064,336.77894261649584,1.3009801257082343,0
1596160531.105064,338.57812550834154,1.3009801257082343,0
1596160531.115064,340.3788104372356,1.3009801257082343,0
1596160531.125064,342.1776929216716,1.3009801257082343,0
1596160531.135064,343.97657540610766,1.3009801257082343,0
1596160531.1450639,345.77876237205004,1.3009801257082343,0
1596160531.1550639,347.57897523215746,1.3009801257082343,0
1596160531.1650639,349.37760022452807,1.3009801257082343,0
1596160531.1750638,351.1796155290935,1.3009801257082343,0
1596160531.1850638,352.97785428336596,1.3009801257082343,0
1596160531.1950638,354.7795691805217,1.3009801257082343,0
1596160531.2050638,356.5787091570232,1.3009801257082343,0
1596160531.2150638,358.3794799166057,1.3009801257082343,0
1596160531.2240906,360,1.3009801257082343,1
1596160531.2240906,0,0,0
1596160531.2340906,110.29434830401057,0.6027435279805193,0
1596160531.2440906,112.09593445513362,0.6027435279805193,0
1596160531.2540905,113.89593273851985,0.6027435279805193,0
1596160531.2640905,115.69490105364436,0.6027435279805193,0
1596160531.2740905,117.49562889788264,0.6027435279805193,0
1596160531.2840905,119.2949834511053,0.6027435279805193,0
1596160531.2940905,121.09493881914729,0.6027435279805193,0
1596160531.3040905,122.89566666338557,0.6027435279805193,0
1596160531.3140905,124.6942058250677,0.6027435279805193,0
1596160531.3240905,126.49600655291194,0.6027435279805193,0
1596160531.3340905,128.2952323601019,0.6027435279805193,0
1596160531.3440905,130.09467274401302,0.6027435279805193,0
1596160531.3540905,131.89711720202084,0.6027435279805193,0
1596160531.3640904,133.69462639544125,0.6027435279805193,0
1596160531.3740904,135.49501091692562,0.6027435279805193,0
1596160531.3840904,137.29526669237728,0.6027435279805193,0
1596160531.3940904,139.09410626146908,0.6027435279805193,0
1596160531.4040904,140.89530617449398,0.6027435279805193,0
1596160531.4140904,142.69380242083187,0.6027435279805193,0
1596160531.4240904,144.49628979418392,0.6027435279805193,0
1596160531.4340904,146.2961164161932,0.6027435279805193,0
1596160531.4440904,148.09388310167904,0.6027435279805193,0
1596160531.4540904,149.89679962847347,0.6027435279805193,0
1596160531.4640903,151.69675499651547,0.6027435279805193,0
1596160531.4740903,153.4956374809515,0.6027435279805193,0
1596160531.4840903,155.29645115587826,0.6027435279805193,0
1596160531.4940903,157.09541947100277,0.6027435279805193,0
1596160531.5040903,158.89700562212582,0.6027435279805193,0
1596160531.5140903,160.69588810656185,0.6027435279805193,0
1596160531.5240903,162.49502808306332,0.6027435279805193,0
1596160531.5340903,164.29528385851498,0.6027435279805193,0
1596160531.5440903,166.0938230201971,0.6027435279805193,0
1596160531.5540903,167.8969112083685,0.6027435279805193,0
1596160531.5640903,169.69660908434506,0.6027435279805193,0
1596160531.5740902,171.49510533068295,0.6027435279805193,0
1596160531.5840902,173.29415947649593,0.6027435279805193,0
1596160531.5940902,175.09570271227474,0.6027435279805193,0
1596160531.6040902,176.89398438189144,0.6027435279805193,0
1596160531.6140902,178.69698673937435,0.6027435279805193,0
1596160531.6240902,180.4957833931219,0.6027435279805193,0
1596160531.6340902,182.29535252306576,0.6027435279805193,0
1596160531.6440902,184.09397751543636,0.6027435279805193,0
1596160531.6540902,185.8955636665594,0.6027435279805193,0
1596160531.6640902,187.6953044578802,0.6027435279805193,0
1596160531.6740901,189.49444443438168,0.6027435279805193,0
1596160531.6840901,191.29525810930843,0.6027435279805193,0
1596160531.6940901,193.09705883715267,0.6027435279805193,0
1596160531.70409,194.8939243004095,0.6027435279805193,0
1596160531.71409,196.6951242134344,0.6027435279805193,0
1596160531.72409,198.4958520576727,0.6027435279805193,0
1596160531.73409,200.29409081194515,0.6027435279805193,0
1596160531.7432635,201.94495827410336,0.6027435279805193,0
1596160531.7432635,201.94495827410336,0.6027435279805193,0
1596160531.74409,202.09619194719906,0.6027435279805193,0
1596160531.75409,203.895417754389,0.6027435279805193,0
1596160531.76409,205.69408566210384,0.6027435279805193,0
1596160531.77409,207.4939981148016,0.6027435279805193,0
1596160531.78409,209.2940822288763,0.6027435279805193,0
1596160531.79409,211.09446675036068,0.6027435279805193,0
1596160531.80409,212.89515167925472,0.6027435279805193,0
1596160531.81409,214.69562203142758,0.6027435279805193,0
1596160531.82409,216.496736113764,0.6027435279805193,0
1596160531.83409,218.29398781511898,0.6027435279805193,0
1596160531.84409,220.0946298286688,0.6027435279805193,0
1596160531.85409,221.8941560432684,0.6027435279805193,0
1596160531.86409,223.69372517321224,0.6027435279805193,0
1596160531.87409,225.4957833931219,0.6027435279805193,0
1596160531.88409,227.29599625322933,0.6027435279805193,0
1596160531.89409,229.09685284350033,0.6027435279805193,0
1596160531.90409,230.89517742846127,0.6027435279805193,0
1596160531.91409,232.69659191820736,0.6027435279805193,0
1596160531.92409,234.49676186297054,0.6027435279805193,0
1596160531.93409,236.2955585167181,0.6027435279805193,0
1596160531.94409,238.09555680010433,0.6027435279805193,0
1596160531.9540899,239.89534050676937,0.6027435279805193,0
1596160531.9640899,241.69551045153256,0.6027435279805193,0
1596160531.9740899,243.4967532799017,0.6027435279805193,0
1596160531.9840899,245.293704573847,0.6027435279805193,0
1596160531.9940898,247.094561164118,0.6027435279805193,0
1596160532.0040898,248.89516026232357,0.6027435279805193,0
1596160532.0140898,250.69520146105404,0.6027435279805193,0
1596160532.0240898,252.49425560686703,0.6027435279805193,0
1596160532.0340898,254.2942968055975,0.6027435279805193,0
1596160532.0440898,256.0942092582952,0.6027435279805193,0
1596160532.0540898,257.89498001787774,0.6027435279805193,0
1596160532.0640898,259.6969953224432,0.6027435279805193,0
1596160532.0740898,261.49592072222345,0.6027435279805193,0
1596160532.0840898,263.2957044288885,0.6027435279805193,0
1596160532.0940897,265.09596020434014,0.6027435279805193,0
1596160532.1040897,266.89561516497247,0.6027435279805193,0
1596160532.1058867,267.2171369240057,0.6027435279805193,0
1596160532.1058867,267.2171369240057,0.6027435279805193,0
1596160532.1140897,268.6969867393743,0.6027435279805193,0
1596160532.1240897,270.49419552538507,0.6027435279805193,0
1596160532.1340897,272.2937646553289,0.6027435279805193,0
1596160532.1440897,274.09668118212335,0.6027435279805193,0
1596160532.1540897,275.8965078041326,0.6027435279805193,0
1596160532.1640897,277.69581944201104,0.6027435279805193,0
1596160532.1740897,279.49478775713555,0.6027435279805193,0
1596160532.1840897,281.2943568870794,0.6027435279805193,0
1596160532.1940897,283.0941835090887,0.6027435279805193,0
1596160532.2040896,284.89443928454034,0.6027435279805193,0
1596160532.2140896,286.69529587481134,0.6027435279805193,0
1596160532.2240896,288.49696785662286,0.6027435279805193,0
1596160532.2340896,290.29477745745294,0.6027435279805193,0
1596160532.2440896,292.09443241808526,0.6027435279805193,0
1596160532.2540896,293.8945594475042,0.6027435279805193,0
1596160532.2640896,295.69545895311944,0.6027435279805193,0
1596160532.2740896,297.4964872047674,0.6027435279805193,0
1596160532.2840896,299.29549843523614,0.6027435279805193,0
1596160532.2940896,301.0958829567205,0.6027435279805193,0
1596160532.3040895,302.89377838823907,0.6027435279805193,0
1596160532.3140895,304.6936908409368,0.6027435279805193,0
1596160532.3240895,306.4948907539617,0.6027435279805193,0
1596160532.3340895,308.2959190056097,0.6027435279805193,0
1596160532.3440895,310.0947585747015,0.6027435279805193,0
1596160532.3540895,311.8943277046453,0.6027435279805193,0
1596160532.3640895,313.6966005012762,0.6027435279805193,0
1596160532.3740895,315.49385220263116,0.6027435279805193,0
1596160532.3840895,317.29681164476983,0.6027435279805193,0
1596160532.3940895,319.09543663714044,0.6027435279805193,0
1596160532.4040895,320.89676529619805,0.6027435279805193,0
1596160532.4140894,322.6949611351263,0.6027435279805193,0
1596160532.4240894,324.49401528093927,0.6027435279805193,0
1596160532.4340894,326.2970176384222,0.6027435279805193,0
1596160532.4440894,328.09448391649835,0.6027435279805193,0
1596160532.4540894,329.8966279670965,0.6027435279805193,0
1596160532.4640894,331.6956821129095,0.6027435279805193,0
1596160532.4740894,333.4942212745916,0.6027435279805193,0
1596160532.4840894,335.29692322466485,0.6027435279805193,0
1596160532.4940894,337.0960202858221,0.6027435279805193,0
1596160532.5040894,338.8946881935369,0.6027435279805193,0
1596160532.5140893,340.69691807482354,0.6027435279805193,0
1596160532.5240893,342.49622971270196,0.6027435279805193,0
1596160532.5340893,344.2952409431707,0.6027435279805193,0
1596160532.5440893,346.09601170275323,0.6027435279805193,0
1596160532.5540893,347.8953662559759,0.6027435279805193,0
1596160532.5640893,349.6948924705755,0.6027435279805193,0
1596160532.5740893,351.49424702379815,0.6027435279805193,0
1596160532.5840893,353.2957473442327,0.6027435279805193,0
1596160532.5940893,355.0945869133245,0.6027435279805193,0
1596160532.6040893,356.8936410591375,0.6027435279805193,0
1596160532.6140893,358.694583480097,0.6027435279805193,0
1596160532.6213512,360,0.6027435279805193,1
1596160532.6213512,0,0,0
1596160532.6313512,165.94263523646785,0.9118916176992762,0
1596160532.6413512,167.74284809657527,0.9118916176992762,0
1596160532.6513512,169.54143017360164,0.9118916176992762,0
1596160532.6613512,171.34138554164363,0.9118916176992762,0
1596160532.6713512,173.14194172450496,0.9118916176992762,0
1596160532.6813512,174.94314163752986,0.9118916176992762,0
1596160532.6847563,175.55339783259822,0.9118916176992762,0
1596160532.6847563,175.55339783259822,0.9118916176992762,0
1596160532.6913512,176.74335449763728,0.9118916176992762,0
1596160532.7013512,178.54206532069637,0.9118916176992762,0
1596160532.7113512,180.34244984218074,0.9118916176992762,0
1596160532.7213511,182.1419331414361,0.9118916176992762,0
1596160532.7313511,183.94090145656062,0.9118916176992762,0
1596160532.7413511,185.7425305230279,0.9118916176992762,0
1596160532.751351,187.54330128261043,0.9118916176992762,0
1596160532.761351,189.34102505275203,0.9118916176992762,0
1596160532.771351,191.14351242610408,0.9118916176992762,0
1596160532.781351,192.94321030208064,0.9118916176992762,0
1596160532.791351,194.74067658015682,0.9118916176992762,0
1596160532.801351,196.54131859370662,0.9118916176992762,0
1596160532.811351,198.34101646968318,0.9118916176992762,0
1596160532.821351,200.14294594356014,0.9118916176992762,0
1596160532.831351,201.94255798884822,0.9118916176992762,0
1596160532.841351,203.74083965846492,0.9118916176992762,0
1596160532.851351,205.54049461909725,0.9118916176992762,0
1596160532.861351,207.34229534694148,0.9118916176992762,0
1596160532.871351,209.14220779963924,0.9118916176992762,0
1596160532.881351,210.94263523646785,0.9118916176992762,0
1596160532.891351,212.74173229762508,0.9118916176992762,0
1596160532.901351,214.54323261805965,0.9118916176992762,0
1596160532.911351,216.34172886439754,0.9118916176992762,0
1596160532.921351,218.14159840175105,0.9118916176992762,0
1596160532.931351,219.9413821084161,0.9118916176992762,0
1596160532.941351,221.7418095452447,0.9118916176992762,0
1596160532.951351,223.5405203683038,0.9118916176992762,0
1596160532.961351,225.34064739772273,0.9118916176992762,0
1596160532.971351,227.14150398799373,0.9118916176992762,0
1596160532.981351,228.942231832232,0.9118916176992762,0
1596160532.991351,230.7415005547662,0.9118916176992762,0
1596160533.0013509,232.54291504451228,0.9118916176992762,0
1596160533.0113509,234.34059589930965,0.9118916176992762,0
1596160533.0213509,236.1410662514825,0.9118916176992762,0
1596160533.0313509,237.9410216195245,0.9118916176992762,0
1596160533.0413508,239.74286526271297,0.9118916176992762,0
1596160533.0513508,241.54324978419734,0.9118916176992762,0
1596160533.0613508,243.34346264430476,0.9118916176992762,0
1596160533.0713508,245.14045685359432,0.9118916176992762,0
1596160533.0813508,246.94380253383113,0.9118916176992762,0
1596160533.0913508,248.74066799708797,0.9118916176992762,0
1596160533.1013508,250.5430266244073,0.9118916176992762,0
1596160533.1113508,252.34105080195857,0.9118916176992762,0
1596160533.1213508,254.14353817531062,0.9118916176992762,0
1596160533.1313508,255.9407898766656,0.9118916176992762,0
1596160533.1413507,257.7410456521173,0.9118916176992762,0
1596160533.1513507,259.54331844874815,0.9118916176992762,0
1596160533.1613507,261.34082764216856,0.9118916176992762,0
1596160533.1713507,263.14078301021055,0.9118916176992762,0
1596160533.1813507,264.94073837825255,0.9118916176992762,0
1596160533.1913507,266.74069374629454,0.9118916176992762,0
1596160533.2013507,268.54279488154845,0.9118916176992762,0
1596160533.2113507,270.343393979754,0.9118916176992762,0
1596160533.2198765,271.87504261561827,0.9118916176992762,0
1596160533.2198765,271.87504261561827,0.9118916176992762,0
1596160533.2213507,272.1435639245172,0.9118916176992762,0
1596160533.2313507,273.94304722377257,0.9118916176992762,0
1596160533.2413507,275.74051350184874,0.9118916176992762,0
1596160533.2513506,277.5437733513971,0.9118916176992762,0
1596160533.2613506,279.34257000514464,0.9118916176992762,0
1596160533.2713506,281.141152082171,0.9118916176992762,0
1596160533.2813506,282.9405495507379,0.9118916176992762,0
1596160533.2913506,284.74204987117247,0.9118916176992762,0
1596160533.3013506,286.54376476832823,0.9118916176992762,0
1596160533.3113506,288.34037273951964,0.9118916176992762,0
1596160533.3213506,290.1421734673639,0.9118916176992762,0
1596160533.3313506,291.94333046504454,0.9118916176992762,0
1596160533.3413506,293.7416550500055,0.9118916176992762,0
1596160533.3513505,295.5425545556207,0.9118916176992762,0
1596160533.3613505,297.3413941247125,0.9118916176992762,0
1596160533.3713505,299.14250820704893,0.9118916176992762,0
1596160533.3813505,300.9424206597467,0.9118916176992762,0
1596160533.3913505,302.7404877526422,0.9118916176992762,0
1596160533.4013505,304.5414730889459,0.9118916176992762,0
1596160533.4113505,306.34361713954405,0.9118916176992762,0
1596160533.4213505,308.1424137932916,0.9118916176992762,0
1596160533.4313505,309.94296997615294,0.9118916176992762,0
1596160533.4413505,311.74180954524473,0.9118916176992762,0
1596160533.4513505,313.5412928445001,0.9118916176992762,0
1596160533.4613504,315.34330814906554,0.9118916176992762,0
1596160533.4713504,317.1409890038629,0.9118916176992762,0
1596160533.4813504,318.9435622079034,0.9118916176992762,0
1596160533.4913504,320.7433029992242,0.9118916176992762,0
1596160533.5013504,322.5427862984796,0.9118916176992762,0
1596160533.5113504,324.3435570580621,0.9118916176992762,0
1596160533.5213504,326.1416241509576,0.9118916176992762,0
1596160533.5313504,327.94286697932677,0.9118916176992762,0
1596160533.5413504,329.7427365166803,0.9118916176992762,0
1596160533.5513504,331.541018186297,0.9118916176992762,0
1596160533.5613503,333.34105938502745,0.9118916176992762,0
1596160533.5713503,335.1433321816583,0.9118916176992762,0
1596160533.5813503,336.9432017190118,0.9118916176992762,0
1596160533.5913503,338.7422129494806,0.9118916176992762,0
1596160533.6013503,340.54294079371886,0.9118916176992762,0
1596160533.6113503,342.3420807702203,0.9118916176992762,0
1596160533.6213503,344.1409203393121,0.9118916176992762,0
1596160533.6313503,345.9431073052545,0.9118916176992762,0
1596160533.6413503,347.74267643519835,0.9118916176992762,0
1596160533.6513503,349.54374760219054,0.9118916176992762,0
1596160533.6613503,351.34147137233214,0.9118916176992762,0
1596160533.6713502,353.14292877742247,0.9118916176992762,0
1596160533.6813502,354.9424549920221,0.9118916176992762,0
1596160533.6913502,356.7428824288507,0.9118916176992762,0
1596160533.7013502,358.54215115138487,0.9118916176992762,0
1596160533.709477,360,0.9118916176992762,1
1596160533.709477,0,0,0
1596160533.719477,158.33810930986132,0.869648781393354,0
1596160533.729477,160.13982420701709,0.869648781393354,0
1596160533.739477,161.93724756974902,0.869648781393354,0
1596160533.749477,163.73840456742968,0.869648781393354,0
1596160533.759477,165.53788786668505,0.869648781393354,0
1596160533.769477,167.33762865800585,0.869648781393354,0
1596160533.779477,169.1371977879497,0.869648781393354,0
1596160533.7894769,170.93968516130175,0.869648781393354,0
1596160533.7994769,172.7398121907207,0.869648781393354,0
1596160533.8094769,174.53714972276416,0.869648781393354,0
1596160533.8194768,176.33955126542773,0.869648781393354,0
1596160533.8294768,178.13817625779834,0.869648781393354,0
1596160533.8394768,179.93692999620166,0.869648781393354,0
1596160533.8494768,181.7385161473247,0.869648781393354,0
1596160533.8594768,183.53984480638232,0.869648781393354,0
1596160533.8694768,185.33868437547412,0.869648781393354,0
1596160533.8794768,187.13812475938525,0.869648781393354,0
1596160533.8894768,188.9394963337871,0.869648781393354,0
1596160533.8987308,190.6024659230205,0.869648781393354,0
1596160533.8987308,190.6024659230205,0.869648781393354,0
1596160533.8994768,190.7374346806499,0.869648781393354,0
1596160533.9094768,192.53756171006884,0.869648781393354,0
1596160533.9194767,194.33979159135546,0.869648781393354,0
1596160533.9294767,196.1390173985454,0.869648781393354,0
1596160533.9394767,197.93854361314501,0.869648781393354,0
1596160533.9494767,199.7369111134502,0.869648781393354,0
1596160533.9594767,201.5386689259502,0.869648781393354,0
1596160533.9694767,203.33772307176318,0.869648781393354,0
1596160533.9794767,205.13677721757617,0.869648781393354,0
1596160533.9894767,206.9382346226665,0.869648781393354,0
1596160533.9994767,208.73746042985644,0.869648781393354,0
1596160534.0026026,209.2993939473125,0.869648781393354,0
1596160534.0026026,209.2993939473125,0.869648781393354,0
1596160534.0094767,210.53853159684863,0.869648781393354,0
1596160534.0194767,212.33883028764453,0.869648781393354,0
1596160534.0294766,214.13818484086718,0.869648781393354,0
1596160534.0394766,215.93899851579394,0.869648781393354,0
1596160534.0494766,217.73822432298388,0.869648781393354,0
1596160534.0594766,219.53839426774707,0.869648781393354,0
1596160534.0694766,221.3374913289043,0.869648781393354,0
1596160534.0794766,223.1368887974712,0.869648781393354,0
1596160534.0894766,224.93817454118457,0.869648781393354,0
1596160534.0994766,226.7383015706035,0.869648781393354,0
1596160534.1094766,228.54001646775927,0.869648781393354,0
1596160534.1194766,230.33804064531054,0.869648781393354,0
1596160534.1294765,232.13868265886035,0.869648781393354,0
1596160534.1394765,233.93923884172168,0.869648781393354,0
1596160534.1494765,235.73893671769824,0.869648781393354,0
1596160534.1594765,237.5369608952495,0.869648781393354,0
1596160534.1694765,239.33798914689746,0.869648781393354,0
1596160534.1794765,241.13695746202197,0.869648781393354,0
1596160534.1894765,242.93794279832568,0.869648781393354,0
1596160534.1994765,244.73686819810595,0.869648781393354,0
1596160534.2094765,246.5386689259502,0.869648781393354,0
1596160534.2194765,248.33918219346728,0.869648781393354,0
1596160534.2294765,250.13776427049365,0.869648781393354,0
1596160534.2394764,251.93862086076464,0.869648781393354,0
1596160534.2494764,253.73746042985644,0.869648781393354,0
1596160534.2594764,255.53964739579882,0.869648781393354,0
1596160534.2694764,257.33981734056204,0.869648781393354,0
1596160534.2794764,259.13724070329397,0.869648781393354,0
1596160534.2894764,260.93908434648245,0.869648781393354,0
1596160534.2994764,262.7375376774761,0.869648781393354,0
1596160534.305241,263.77432947892873,0.869648781393354,0
1596160534.305241,263.77432947892873,0.869648781393354,0
1596160534.3094764,264.5395100666973,0.869648781393354,0
1596160534.3194764,266.33753424424856,0.869648781393354,0
1596160534.3294764,268.13693171281545,0.869648781393354,0
1596160534.3394763,269.9390757634136,0.869648781393354,0
1596160534.3494763,271.7378295018169,0.869648781393354,0
1596160534.3594763,273.5396731450054,0.869648781393354,0
1596160534.3694763,275.34005766648977,0.869648781393354,0
1596160534.3794763,277.13919764299123,0.869648781393354,0
1596160534.3894763,278.93953924913137,0.869648781393354,0
1596160534.3994763,280.7394087864849,0.869648781393354,0
1596160534.4094763,282.53730421800344,0.869648781393354,0
1596160534.4194763,284.3399203373882,0.869648781393354,0
1596160534.4294763,286.1395323826763,0.869648781393354,0
1596160534.4394763,287.93910151262014,0.869648781393354,0
1596160534.4494762,289.73995810289114,0.869648781393354,0
1596160534.4594762,291.53982764024465,0.869648781393354,0
1596160534.4694762,293.33768015641897,0.869648781393354,0
1596160534.4794762,295.1375926091167,0.869648781393354,0
1596160534.4894762,296.93724756974905,0.869648781393354,0
1596160534.4994762,298.7390482975933,0.869648781393354,0
1596160534.5094762,300.53728705186575,0.869648781393354,0
1596160534.5194762,302.3383153035137,0.869648781393354,0
1596160534.5294762,304.13869982499807,0.869648781393354,0
1596160534.5394762,305.937925632188,0.869648781393354,0
1596160534.5494761,307.7386534764263,0.869648781393354,0
1596160534.5594761,309.53710680741995,0.869648781393354,0
1596160534.5694761,311.33929377336233,0.869648781393354,0
1596160534.579476,313.13680296678274,0.869648781393354,0
1596160534.589476,314.93843203325,0.869648781393354,0
1596160534.599476,316.7380440785381,0.869648781393354,0
1596160534.609476,318.53804236192434,0.869648781393354,0
1596160534.619476,320.33812647599905,0.869648781393354,0
1596160534.629476,322.1367943837139,0.869648781393354,0
1596160534.639476,323.93941050309866,0.869648781393354,0
1596160534.649476,325.7385504796001,0.869648781393354,0
1596160534.659476,327.53764754075735,0.869648781393354,0
1596160534.669476,329.3373454167339,0.869648781393354,0
1596160534.679476,331.1385024144146,0.869648781393354,0
1596160534.689476,332.9372561528179,0.869648781393354,0
1596160534.699476,334.7372544362041,0.869648781393354,0
1596160534.709476,336.53678065080373,0.869648781393354,0
1596160534.719476,338.3387101246807,0.869648781393354,0
1596160534.729476,340.1385796620342,0.869648781393354,0
1596160534.739476,341.9386208607647,0.869648781393354,0
1596160534.749476,343.7399495198223,0.869648781393354,0
1596160534.759476,345.5373728825542,0.869648781393354,0
1596160534.769476,347.33827238816946,0.869648781393354,0
1596160534.779476,349.1375840260479,0.869648781393354,0
1596160534.789476,350.9380543782207,0.869648781393354,0
1596160534.799476,352.73839598436086,0.869648781393354,0
1596160534.809476,354.53903799791067,0.869648781393354,0
1596160534.819476,356.33697634477346,0.869648781393354,0
1596160534.8294759,358.13667422075,0.869648781393354,0
1596160534.8394759,359.93744498033254,0.869648781393354,0
1596160534.8398435,360,0.869648781393354,1
1596160534.8398435,0,0,0
1596160534.8498435,233.99501844222803,1.289960890123991,0
1596160534.8598435,235.79514547164698,1.289960890123991,0
1596160534.8698435,237.59510083968897,1.289960890123991,0
1596160534.8798435,239.39591451461573,1.289960890123991,0
1596160534.8898435,241.19475408370752,1.289960890123991,0
1596160534.8998435,242.99385114486475,1.289960890123991,0
1596160534.9098434,244.79389234359522,1.289960890123991,0
1596160534.9198434,246.59582181747217,1.289960890123991,0
1596160534.9298434,248.39586301620264,1.289960890123991,0
1596160534.9398434,250.1961187916543,1.289960890123991,0
1596160534.9498434,251.99560209090967,1.289960890123991,0
1596160534.9598434,253.79298253829737,1.289960890123991,0
1596160534.9698434,255.5938820439126,1.289960890123991,0
1596160534.9798434,257.3932365971353,1.289960890123991,0
1596160534.9898434,259.19396444137357,1.289960890123991,0
1596160534.9998434,260.99391980941556,1.289960890123991,0
