Type = Reachback Firefly,Function = Reachback Firefly (ln/e^),Refract = 0.05,Epsilon = 0.3,Start_phase = 90
Timestamp,Phase,Offset,Ping?
1596168013,90,0,0
1596168013.01,91.7968225479126,0.5,0
1596168013.02,93.59716415405273,0.5,0
1596168013.03,95.3977632522583,0.5,0
1596168013.04,97.19892024993896,0.5,0
1596168013.05,98.99711608886719,0.5,0
1596168013.06,100.79724311828613,0.5,0
1596168013.07,102.59655475616455,0.5,0
1596168013.08,104.39938545227051,0.5,0
1596168013.09,106.1982250213623,0.5,0
1596168013.1,107.99667835235596,0.5,0
1596168013.11,109.79697704315186,0.5,0
1596168013.12,111.59663200378418,0.5,0
1596168013.1299999,113.39980602264404,0.5,0
1596168013.1399999,115.19830226898193,0.5,0
1596168013.1499999,116.99701309204102,0.5,0
1596168013.1599998,118.79756927490234,0.5,0
1596168013.1699998,120.59937000274658,0.5,0
1596168013.1799998,122.39859580993652,0.5,0
1596168013.1899998,124.19940948486328,0.5,0
1596168013.1999998,125.99932193756104,0.5,0
1596168013.2099998,127.79674530029297,0.5,0
1596168013.2199998,129.59824562072754,0.5,0
1596168013.2299998,131.39687061309814,0.5,0
1596168013.2399998,133.19764137268066,0.5,0
1596168013.2499998,134.99806880950928,0.5,0
1596168013.2599998,136.7984104156494,0.5,0
1596168013.2699997,138.59755039215088,0.5,0
1596168013.2799997,140.39681911468506,0.5,0
1596168013.2899997,142.19746112823486,0.5,0
1596168013.2999997,143.99664402008057,0.5,0
1596168013.3099997,145.79728603363037,0.5,0
1596168013.3199997,147.59689807891846,0.5,0
1596168013.3299997,149.39801216125488,0.5,0
1596168013.3399997,151.1985683441162,0.5,0
1596168013.3499997,152.99745082855225,0.5,0
1596168013.3599997,154.79929447174072,0.5,0
1596168013.3699996,156.5969753265381,0.5,0
1596168013.3799996,158.39645862579346,0.5,0
1596168013.3899996,160.19808769226074,0.5,0
1596168013.3999996,161.99954509735107,0.5,0
1596168013.4099996,163.79967212677002,0.5,0
1596168013.4199996,165.5982542037964,0.5,0
1596168013.4299996,167.3990249633789,0.5,0
1596168013.4399996,169.19687747955322,0.5,0
1596168013.4499996,170.99897861480713,0.5,0
1596168013.4599996,172.7967882156372,0.5,0
1596168013.4699996,174.5989751815796,0.5,0
1596168013.4799995,176.39699935913086,0.5,0
1596168013.4899995,178.19944381713867,0.5,0
1596168013.4999995,179.9978542327881,0.5,0
1596168013.5099995,181.79652214050293,0.5,0
1596168013.5199995,183.59939575195312,0.5,0
1596168013.5299995,185.3990077972412,0.5,0
1596168013.5399995,187.19836235046387,0.5,0
1596168013.5499995,188.99943351745605,0.5,0
1596168013.5599995,190.79655647277832,0.5,0
1596168013.5699995,192.5969409942627,0.5,0
1596168013.5799994,194.39839839935303,0.5,0
1596168013.5899994,196.1967658996582,0.5,0
1596168013.5999994,197.99835205078125,0.5,0
1596168013.6099994,199.79933738708496,0.5,0
1596168013.6199994,201.59985065460205,0.5,0
1596168013.6299994,203.3975315093994,0.5,0
1596168013.6399994,205.19787311553955,0.5,0
1596168013.6499994,206.9970989227295,0.5,0
1596168013.6599994,208.79765510559082,0.5,0
1596168013.6699994,210.59979915618896,0.5,0
1596168013.6799994,212.39966869354248,0.5,0
1596168013.6899993,214.1971778869629,0.5,0
1596168013.6999993,215.9992790222168,0.5,0
1596168013.7099993,217.7982473373413,0.5,0
1596168013.7199993,219.5993185043335,0.5,0
1596168013.7299993,221.39811515808105,0.5,0
1596168013.7399993,223.19682598114014,0.5,0
1596168013.7499993,224.99789714813232,0.5,0
1596168013.7599993,226.79712295532227,0.5,0
1596168013.7699993,228.59729290008545,0.5,0
1596168013.771565,228.87821674346924,0.5,0
1596168013.771565,228.87821674346924,0.5,0
1596168013.7799993,230.39947986602783,0.5,0
1596168013.7899992,232.19904899597168,0.5,0
1596168013.7999992,233.99943351745605,0.5,0
1596168013.8099992,235.79853057861328,0.5,0
1596168013.8199992,237.59887218475342,0.5,0
1596168013.8299992,239.39822673797607,0.5,0
1596168013.8399992,241.196551322937,0.5,0
1596168013.8499992,242.9979658126831,0.5,0
1596168013.8599992,244.79895114898682,0.5,0
1596168013.8699992,246.59864902496338,0.5,0
1596168013.8799992,248.3967161178589,0.5,0
1596168013.8899992,250.1971435546875,0.5,0
1596168013.8999991,251.9986867904663,0.5,0
1596168013.9099991,253.7982988357544,0.5,0
1596168013.9199991,255.59958457946777,0.5,0
1596168013.929999,257.398681640625,0.5,0
1596168013.939999,259.1996240615845,0.5,0
1596168013.949999,260.9988069534302,0.5,0
1596168013.959999,262.7973461151123,0.5,0
1596168013.969999,264.596529006958,0.5,0
1596168013.979999,266.3980722427368,0.5,0
1596168013.989999,268.1992292404175,0.5,0
1596168013.999999,269.99849796295166,0.5,0
1596168014.009999,271.79922580718994,0.5,0
1596168014.019999,273.5983657836914,0.5,0
1596168014.029999,275.3993082046509,0.5,0
1596168014.039999,277.19776153564453,0.5,0
1596168014.049999,278.9992618560791,0.5,0
1596168014.059999,280.7974576950073,0.5,0
1596168014.069999,282.59655475616455,0.5,0
1596168014.079999,284.399471282959,0.5,0
1596168014.089999,286.1973237991333,0.5,0
1596168014.099999,287.99878120422363,0.5,0
1596168014.109999,289.7981786727905,0.5,0
1596168014.119999,291.59693241119385,0.5,0
1596168014.129999,293.39860439300537,0.5,0
1596168014.139999,295.19855976104736,0.5,0
1596168014.149999,296.9964122772217,0.5,0
1596168014.159999,298.7977409362793,0.5,0
1596168014.169999,300.5975675582886,0.5,0
1596168014.1799989,302.3973083496094,0.5,0
1596168014.1899989,304.1996240615845,0.5,0
1596168014.1999989,305.9997081756592,0.5,0
1596168014.2099988,307.798547744751,0.5,0
1596168014.2199988,309.59678649902344,0.5,0
1596168014.2299988,311.3991451263428,0.5,0
1596168014.2399988,313.1996154785156,0.5,0
1596168014.2499988,314.9988842010498,0.5,0
1596168014.2599988,316.7973804473877,0.5,0
1596168014.2699988,318.59776496887207,0.5,0
1596168014.2799988,320.39703369140625,0.5,0
1596168014.2899988,322.19690322875977,0.5,0
1596168014.2999988,323.99896144866943,0.5,0
1596168014.3099988,325.7996892929077,0.5,0
1596168014.3199987,327.59634017944336,0.5,0
1596168014.3299987,329.3991708755493,0.5,0
1596168014.3399987,331.19839668273926,0.5,0
1596168014.3499987,332.9969358444214,0.5,0
1596168014.3599987,334.79933738708496,0.5,0
1596168014.3699987,336.59916400909424,0.5,0
1596168014.3799987,338.3969306945801,0.5,0
1596168014.3899987,340.1983880996704,0.5,0
1596168014.3999987,341.99671268463135,0.5,0
1596168014.4099987,343.79937171936035,0.5,0
1596168014.4199986,345.5972671508789,0.5,0
1596168014.4299986,347.3964500427246,0.5,0
1596168014.4399986,349.1964912414551,0.5,0
1596168014.4499986,350.99876403808594,0.5,0
1596168014.4599986,352.79816150665283,0.5,0
1596168014.4699986,354.5985460281372,0.5,0
1596168014.4799986,356.39957427978516,0.5,0
1596168014.4899986,358.196439743042,0.5,0
1596168014.4999986,359.996395111084,0.5,0
1596168014.5000212,360,0.5,1
1596168014.5000212,0,0,0
1596168014.5100212,81.87703237921333,0.44486144438884523,0
1596168014.5200212,83.67780313879585,0.44486144438884523,0
1596168014.5300212,85.47750101477241,0.44486144438884523,0
1596168014.5400212,87.27573976904488,0.44486144438884523,0
1596168014.5500212,89.07801256567573,0.44486144438884523,0
1596168014.5600212,90.8768092194233,0.44486144438884523,0
1596168014.5700212,92.67637834936714,0.44486144438884523,0
1596168014.5800211,94.47843656927681,0.44486144438884523,0
1596168014.5900211,96.27710447699165,0.44486144438884523,0
1596168014.6000211,98.07538614660835,0.44486144438884523,0
1596168014.610021,99.8775301972065,0.44486144438884523,0
1596168014.620021,101.67555437475777,0.44486144438884523,0
1596168014.630021,103.47829924017525,0.44486144438884523,0
1596168014.640021,105.2756367722187,0.44486144438884523,0
1596168014.650021,107.07636461645698,0.44486144438884523,0
1596168014.660021,108.87696371466255,0.44486144438884523,0
1596168014.670021,110.67773447424507,0.44486144438884523,0
1596168014.680021,112.47803316504097,0.44486144438884523,0
1596168014.690021,114.27618608862495,0.44486144438884523,0
1596168014.700021,116.07824430853462,0.44486144438884523,0
1596168014.7016866,116.37483225256538,0.44486144438884523,0
1596168014.7016866,116.37483225256538,0.44486144438884523,0
1596168014.710021,117.87523851782417,0.44486144438884523,0
1596168014.720021,119.6752368012104,0.44486144438884523,0
1596168014.730021,121.47836790472603,0.44486144438884523,0
1596168014.740021,123.27514753729439,0.44486144438884523,0
1596168014.750021,125.0779353180561,0.44486144438884523,0
1596168014.760021,126.87836275488472,0.44486144438884523,0
1596168014.770021,128.6758290329609,0.44486144438884523,0
1596168014.780021,130.4780159989033,0.44486144438884523,0
1596168014.790021,132.27728472143747,0.44486144438884523,0
1596168014.800021,134.07805548102,0.44486144438884523,0
1596168014.810021,135.87530718237497,0.44486144438884523,0
1596168014.820021,137.67534838110544,0.44486144438884523,0
1596168014.830021,139.4765053787861,0.44486144438884523,0
1596168014.840021,141.27620325476266,0.44486144438884523,0
1596168014.850021,143.07843313604928,0.44486144438884523,0
1596168014.8600209,144.8780880966816,0.44486144438884523,0
1596168014.8700209,146.67521105200387,0.44486144438884523,0
1596168014.8800209,148.4768830338154,0.44486144438884523,0
1596168014.8900208,150.2760659256611,0.44486144438884523,0
1596168014.9000208,152.07589254767038,0.44486144438884523,0
1596168014.9100208,153.8758908310566,0.44486144438884523,0
1596168014.9200208,155.6761895218525,0.44486144438884523,0
1596168014.9300208,157.47678862005807,0.44486144438884523,0
1596168014.9400208,159.27537069708444,0.44486144438884523,0
1596168014.9500208,161.0782013931904,0.44486144438884523,0
1596168014.9600208,162.87798509985544,0.44486144438884523,0
1596168014.9700208,164.67575178534128,0.44486144438884523,0
1596168014.9800208,166.47605047613717,0.44486144438884523,0
1596168014.9900208,168.2759200134907,0.44486144438884523,0
1596168015.0000207,170.07626161963083,0.44486144438884523,0
1596168015.0100207,171.87604532629587,0.44486144438884523,0
1596168015.0200207,173.67539987951852,0.44486144438884523,0
1596168015.0300207,175.4779301682148,0.44486144438884523,0
1596168015.0400207,177.2760830917988,0.44486144438884523,0
1596168015.0500207,179.07775507361032,0.44486144438884523,0
1596168015.0600207,180.8759079971943,0.44486144438884523,0
1596168015.0700207,182.67719374090768,0.44486144438884523,0
1596168015.0800207,184.47805033117868,0.44486144438884523,0
1596168015.0900207,186.27761946112253,0.44486144438884523,0
1596168015.1000206,188.0771027603779,0.44486144438884523,0
1596168015.1100206,189.87547026068307,0.44486144438884523,0
1596168015.1200206,191.6754685440693,0.44486144438884523,0
1596168015.1300206,193.47705469519235,0.44486144438884523,0
1596168015.1400206,195.27761087805368,0.44486144438884523,0
1596168015.1500206,197.07632170111276,0.44486144438884523,0
1596168015.1600206,198.8753329315815,0.44486144438884523,0
1596168015.1700206,200.67812071234323,0.44486144438884523,0
1596168015.1800206,202.4770461121235,0.44486144438884523,0
1596168015.1900206,204.2765723267231,0.44486144438884523,0
1596168015.2000206,206.0763989487324,0.44486144438884523,0
1596168015.2100205,207.87798509985544,0.44486144438884523,0
1596168015.2200205,209.67764006048776,0.44486144438884523,0
1596168015.2300205,211.4750634232197,0.44486144438884523,0
1596168015.2400205,213.27832327276803,0.44486144438884523,0
1596168015.2500205,215.07493124395944,0.44486144438884523,0
1596168015.2600205,216.8768607178364,0.44486144438884523,0
1596168015.2700205,218.67544279486276,0.44486144438884523,0
1596168015.2800205,220.47526941687204,0.44486144438884523,0
1596168015.2900205,222.27668390661813,0.44486144438884523,0
1596168015.3000205,224.07552347570993,0.44486144438884523,0
1596168015.3100204,225.87496385962106,0.44486144438884523,0
1596168015.3200204,227.67685041815378,0.44486144438884523,0
1596168015.3300204,229.47714910894967,0.44486144438884523,0
1596168015.3400204,231.2764607468281,0.44486144438884523,0
1596168015.3500204,233.07645903021432,0.44486144438884523,0
1596168015.3600204,234.8755131760273,0.44486144438884523,0
1596168015.3700204,236.6773568192158,0.44486144438884523,0
1596168015.3800204,238.47615347296335,0.44486144438884523,0
1596168015.3900204,240.27799711615182,0.44486144438884523,0
1596168015.4000204,242.0770512619648,0.44486144438884523,0
1596168015.4100204,243.87601957708932,0.44486144438884523,0
1596168015.4200203,245.6758461990986,0.44486144438884523,0
1596168015.4300203,247.47597322851755,0.44486144438884523,0
1596168015.4400203,249.27738771826364,0.44486144438884523,0
1596168015.4500203,251.07571230322458,0.44486144438884523,0
1596168015.4600203,252.87819967657663,0.44486144438884523,0
1596168015.4700203,254.67811212927438,0.44486144438884523,0
1596168015.4800203,256.4769946137104,0.44486144438884523,0
1596168015.4900203,258.276692489687,0.44486144438884523,0
1596168015.5000203,260.0760041275654,0.44486144438884523,0
1596168015.5100203,261.8769894638691,0.44486144438884523,0
1596168015.5200202,263.6757002869282,0.44486144438884523,0
1596168015.5300202,265.47629938513376,0.44486144438884523,0
1596168015.5400202,267.27758512884714,0.44486144438884523,0
1596168015.5500202,269.07689676672555,0.44486144438884523,0
1596168015.5600202,270.8768950501118,0.44486144438884523,0
1596168015.5700202,272.67672167212106,0.44486144438884523,0
1596168015.5800202,274.4774066010151,0.44486144438884523,0
1596168015.5900202,276.27809152990915,0.44486144438884523,0
1596168015.6000202,278.07761774450876,0.44486144438884523,0
1596168015.6100202,279.87825975805856,0.44486144438884523,0
1596168015.6200202,281.6753397980366,0.44486144438884523,0
1596168015.6300201,283.4782134094868,0.44486144438884523,0
1596168015.6400201,285.2757226029072,0.44486144438884523,0
1596168015.6500201,287.0770512619648,0.44486144438884523,0
1596168015.66002,288.87571916967966,0.44486144438884523,0
1596168015.67002,290.6777773895893,0.44486144438884523,0
1596168015.68002,292.4763594666157,0.44486144438884523,0
1596168015.69002,294.2773448029194,0.44486144438884523,0
1596168015.6917977,294.5948325195942,0.44486144438884523,0
1596168015.6917977,294.5948325195942,0.44486144438884523,0
1596168015.70002,296.0749827423725,0.44486144438884523,0
1596168015.71002,297.8755818405781,0.44486144438884523,0
1596168015.72002,299.6764384308491,0.44486144438884523,0
1596168015.73002,301.47682295233346,0.44486144438884523,0
1596168015.74002,303.2763920822773,0.44486144438884523,0
1596168015.75002,305.0778065720234,0.44486144438884523,0
1596168015.76002,306.8767748871479,0.44486144438884523,0
1596168015.77002,308.6776314774189,0.44486144438884523,0
1596168015.7706704,308.79191503912546,0.44486144438884523,0
1596168015.7706704,308.79191503912546,0.44486144438884523,0
1596168015.78002,310.47750101477243,0.44486144438884523,0
1596168015.79002,312.27681265265085,0.44486144438884523,0
1596168015.80002,314.07668219000436,0.44486144438884523,0
1596168015.81002,315.8774958649311,0.44486144438884523,0
1596168015.82002,317.6774083176289,0.44486144438884523,0
1596168015.83002,319.475046257082,0.44486144438884523,0
1596168015.84002,321.2767182388935,0.44486144438884523,0
1596168015.85002,323.07671652227975,0.44486144438884523,0
1596168015.86002,324.8778306046162,0.44486144438884523,0
1596168015.87002,326.6760264435444,0.44486144438884523,0
1596168015.88002,328.47628221899606,0.44486144438884523,0
1596168015.89002,330.27748213202096,0.44486144438884523,0
1596168015.90002,332.07542047888376,0.44486144438884523,0
1596168015.9100199,333.87649164587594,0.44486144438884523,0
1596168015.9200199,335.67769155890085,0.44486144438884523,0
1596168015.9300199,337.47687445074655,0.44486144438884523,0
1596168015.9400198,339.27820310980417,0.44486144438884523,0
1596168015.9500198,341.0781155625019,0.44486144438884523,0
1596168015.9600198,342.87811384588815,0.44486144438884523,0
1596168015.9700198,344.6751080551777,0.44486144438884523,0
1596168015.9800198,346.47793875128366,0.44486144438884523,0
1596168015.9900198,348.27587709814645,0.44486144438884523,0
1596168016.0000198,350.07630453497507,0.44486144438884523,0
1596168016.0100198,351.8778477707539,0.44486144438884523,0
1596168016.0200198,353.67578611761667,0.44486144438884523,0
1596168016.0300198,355.4747973480854,0.44486144438884523,0
1596168016.0400198,357.27612600714303,0.44486144438884523,0
1596168016.0500197,359.07530889898874,0.44486144438884523,0
1596168016.055164,360,0.44486144438884523,1
1596168016.055164,0,0,0
1596168016.065164,253.61629962619818,1.3989718225099796,0
1596168016.075164,255.41659831699408,1.3989718225099796,0
1596168016.085164,257.2156524628071,1.3989718225099796,0
1596168016.095164,259.01655196842233,1.3989718225099796,0
1596168016.105164,260.8158206909565,1.3989718225099796,0
1596168016.115164,262.6164627045063,1.3989718225099796,0
1596168016.125164,264.4165039032368,1.3989718225099796,0
1596168016.135164,266.21530055698435,1.3989718225099796,0
1596168016.145164,268.0173158615498,1.3989718225099796,0
1596168016.155164,269.8173999756245,1.3989718225099796,0
1596168016.165164,271.6162824600605,1.3989718225099796,0
1596168016.175164,273.4174823730854,1.3989718225099796,0
1596168016.185164,275.2155494659809,1.3989718225099796,0
1596168016.195164,277.01520442661325,1.3989718225099796,0
1596168016.205164,278.81764888462106,1.3989718225099796,0
1596168016.215164,280.6161022156147,1.3989718225099796,0
1596168016.225164,282.4158000915913,1.3989718225099796,0
1596168016.235164,284.2151117294697,1.3989718225099796,0
1596168016.245164,286.01648330387155,1.3989718225099796,0
1596168016.255164,287.81553744968454,1.3989718225099796,0
1596168016.265164,289.6177244156269,1.3989718225099796,0
1596168016.275164,291.41780852970163,1.3989718225099796,0
1596168016.2851639,293.2174205749897,1.3989718225099796,0
1596168016.2951639,295.01561641391794,1.3989718225099796,0
1596168016.3051639,296.8155288666157,1.3989718225099796,0
1596168016.3151639,298.61599921878855,1.3989718225099796,0
1596168016.3251638,300.416941639748,1.3989718225099796,0
1596168016.3351638,302.21681117710153,1.3989718225099796,0
1596168016.3451638,304.01771068271677,1.3989718225099796,0
1596168016.3551638,305.8152627914814,1.3989718225099796,0
1596168016.3651638,307.61569022831003,1.3989718225099796,0
1596168016.3751638,309.41590308841745,1.3989718225099796,0
1596168016.3851638,311.2153863876728,1.3989718225099796,0
1596168016.3951638,313.01740169223825,1.3989718225099796,0
1596168016.4051638,314.81637000736276,1.3989718225099796,0
1596168016.4151638,316.61722659763376,1.3989718225099796,0
1596168016.4251637,318.41731071170847,1.3989718225099796,0
1596168016.4351637,320.2181243866352,1.3989718225099796,0
1596168016.4451637,322.0167064636616,1.3989718225099796,0
1596168016.4551637,323.81606101688425,1.3989718225099796,0
1596168016.4651637,325.6161880463032,1.3989718225099796,0
1596168016.4751637,327.41507053073923,1.3989718225099796,0
1596168016.4851637,329.21652793582956,1.3989718225099796,0
1596168016.4951637,331.01815700229685,1.3989718225099796,0
1596168016.5051637,332.8159666031269,1.3989718225099796,0
1596168016.5095305,333.6008882492451,1.3989718225099796,0
1596168016.5095305,333.6008882492451,1.3989718225099796,0
1596168016.5151637,334.61798190769235,1.3989718225099796,0
1596168016.5251637,336.4160060852436,1.3989718225099796,0
1596168016.5351636,338.2159185379414,1.3989718225099796,0
1596168016.5451636,340.01638889011423,1.3989718225099796,0
1596168016.5551636,341.8162155121235,1.3989718225099796,0
1596168016.5651636,343.6175012558369,1.3989718225099796,0
1596168016.5751636,345.4153537720112,1.3989718225099796,0
1596168016.5851636,347.2162961929707,1.3989718225099796,0
1596168016.5951636,349.01535033878366,1.3989718225099796,0
1596168016.6051636,350.8166789978413,1.3989718225099796,0
1596168016.6151636,352.6164627045063,1.3989718225099796,0
1596168016.6251636,354.41680431064646,1.3989718225099796,0
1596168016.6351635,356.2169313400654,1.3989718225099796,0
1596168016.6451635,358.01808833774606,1.3989718225099796,0
1596168016.6551635,359.8161983459858,1.3989718225099796,0
1596168016.6562076,360,1.3989718225099796,1
1596168016.6562076,0,0,0
1596168016.6662076,118.51359349066068,0.6484067164954239,0
1596168016.6762075,120.31427841955473,0.6484067164954239,0
1596168016.6862075,122.11414795690824,0.6484067164954239,0
1596168016.6962075,123.91646366888334,0.6484067164954239,0
1596168016.7062075,125.71371537023832,0.6484067164954239,0
1596168016.7162075,127.51667481237699,0.6484067164954239,0
1596168016.7262075,129.31358319097805,0.6484067164954239,0
1596168016.7362075,131.1143968659048,0.6484067164954239,0
1596168016.7462075,132.9155967789297,0.6484067164954239,0
1596168016.7562075,134.71512299352932,0.6484067164954239,0
1596168016.7662075,136.51374798589993,0.6484067164954239,0
1596168016.7762074,138.31331711584377,0.6484067164954239,0
1596168016.7862074,140.11584740454006,0.6484067164954239,0
1596168016.7962074,141.9163177567129,0.6484067164954239,0
1596168016.8062074,143.71477108770657,0.6484067164954239,0
1596168016.8162074,145.51618557745266,0.6484067164954239,0
1596168016.8262074,147.31468182379055,0.6484067164954239,0
1596168016.8362074,149.1151521759634,0.6484067164954239,0
1596168016.8462074,150.91463547521877,0.6484067164954239,0
1596168016.8562074,152.71622162634182,0.6484067164954239,0
1596168016.8662074,154.51540451818752,0.6484067164954239,0
1596168016.8762074,156.31360035711575,0.6484067164954239,0
1596168016.8862073,158.11445694738674,0.6484067164954239,0
1596168016.8962073,159.91424065405178,0.6484067164954239,0
1596168016.9062073,161.71363812261868,0.6484067164954239,0
1596168016.9162073,163.5138509827261,0.6484067164954239,0
1596168016.9262073,165.3135917740469,0.6484067164954239,0
1596168016.9362073,167.11509209448147,0.6484067164954239,0
1596168016.9462073,168.91569119268704,0.6484067164954239,0
1596168016.9562073,170.71401577764797,0.6484067164954239,0
1596168016.9662073,172.5138853150015,0.6484067164954239,0
1596168016.9762073,174.31607228094387,0.6484067164954239,0
1596168016.9862072,176.11465435797024,0.6484067164954239,0
1596168016.9962072,177.91508179479885,0.6484067164954239,0
1596168017.0062072,179.71641045385647,0.6484067164954239,0
1596168017.0162072,181.51323300176907,0.6484067164954239,0
1596168017.0262072,183.31610661321926,0.6484067164954239,0
1596168017.0362072,185.1149890976553,0.6484067164954239,0
1596168017.0462072,186.91601734930325,0.6484067164954239,0
1596168017.0562072,188.71455651098537,0.6484067164954239,0
1596168017.0662072,190.5147693710928,0.6484067164954239,0
1596168017.0762072,192.31459599310207,0.6484067164954239,0
1596168017.0862072,194.11399346166897,0.6484067164954239,0
1596168017.0962071,195.9160087662344,0.6484067164954239,0
1596168017.1062071,197.71600704962063,0.6484067164954239,0
1596168017.1162071,199.51506119543362,0.6484067164954239,0
1596168017.126207,201.31428700262356,0.6484067164954239,0
1596168017.136207,203.11557274633694,0.6484067164954239,0
1596168017.146207,204.9165151672964,0.6484067164954239,0
1596168017.156207,206.71342354589748,0.6484067164954239,0
1596168017.166207,208.51548176580715,0.6484067164954239,0
1596168017.176207,210.31342011266995,0.6484067164954239,0
1596168017.186207,212.11474877172756,0.6484067164954239,0
1596168017.196207,213.91607743078518,0.6484067164954239,0
1596168017.206207,215.71362953954983,0.6484067164954239,0
1596168017.216207,217.51405697637844,0.6484067164954239,0
1596168017.226207,219.31315403753567,0.6484067164954239,0
1596168017.236207,221.11388188177395,0.6484067164954239,0
1596168017.246207,222.91641217047024,0.6484067164954239,0
1596168017.256207,224.7143076019888,0.6484067164954239,0
1596168017.266207,226.5146062927847,0.6484067164954239,0
1596168017.276207,228.3149049835806,0.6484067164954239,0
1596168017.286207,230.11636238867092,0.6484067164954239,0
1596168017.296207,231.91404324346829,0.6484067164954239,0
1596168017.306207,233.71309738928127,0.6484067164954239,0
1596168017.316207,235.5160139160757,0.6484067164954239,0
1596168017.326207,237.3156259613638,0.6484067164954239,0
1596168017.336207,239.1145942764883,0.6484067164954239,0
1596168017.346207,240.91618042761135,0.6484067164954239,0
1596168017.356207,242.7131746369009,0.6484067164954239,0
1596168017.366207,244.5158336716299,0.6484067164954239,0
1596168017.3762069,246.31617527777004,0.6484067164954239,0
1596168017.3862069,248.11613064581204,0.6484067164954239,0
1596168017.3962069,249.91389733129787,0.6484067164954239,0
1596168017.4062068,251.7147968369131,0.6484067164954239,0
1596168017.4162068,253.51436596685696,0.6484067164954239,0
1596168017.4262068,255.31625252538967,0.6484067164954239,0
1596168017.4362068,257.1137617188101,0.6484067164954239,0
1596168017.4462068,258.914961631835,0.6484067164954239,0
1596168017.4562068,260.71573239141753,0.6484067164954239,0
1596168017.4662068,262.51517277532867,0.6484067164954239,0
1596168017.4762068,264.31379776769927,0.6484067164954239,0
1596168017.4862068,266.11611347967437,0.6484067164954239,0
1596168017.4962068,267.914566810668,0.6484067164954239,0
1596168017.5062068,269.7131488876944,0.6484067164954239,0
1596168017.5162067,271.51533585363677,0.6484067164954239,0
1596168017.5262067,273.31327420049956,0.6484067164954239,0
1596168017.5362067,275.1158474045401,0.6484067164954239,0
1596168017.5462067,276.91554528051665,0.6484067164954239,0
1596168017.5562067,278.7163589554434,0.6484067164954239,0
1596168017.5662067,280.5158422546988,0.6484067164954239,0
1596168017.5762067,282.3143385010367,0.6484067164954239,0
1596168017.5862067,284.11313515478423,0.6484067164954239,0
1596168017.5962067,285.9159658508902,0.6484067164954239,0
1596168017.6062067,287.71587830358794,0.6484067164954239,0
1596168017.6162066,289.5151470261221,0.6484067164954239,0
1596168017.6262066,291.3160894470816,0.6484067164954239,0
1596168017.6362066,293.1151865082388,0.6484067164954239,0
1596168017.6462066,294.9155710297232,0.6484067164954239,0
1596168017.6562066,296.71368103796294,0.6484067164954239,0
1596168017.6662066,298.51543885046294,0.6484067164954239,0
1596168017.6762066,300.31449299627593,0.6484067164954239,0
1596168017.6862066,302.1157787399893,0.6484067164954239,0
1596168017.690898,302.9574773865347,0.6484067164954239,0
1596168017.690898,302.9574773865347,0.6484067164954239,0
1596168017.6962066,303.91311627203277,0.6484067164954239,0
1596168017.7062066,305.7156036453848,0.6484067164954239,0
1596168017.7162066,307.5164602356558,0.6484067164954239,0
1596168017.7262065,309.3150852280264,0.6484067164954239,0
1596168017.7362065,311.1131094055777,0.6484067164954239,0
1596168017.7462065,312.91383724981597,0.6484067164954239,0
1596168017.7562065,314.7133634644156,0.6484067164954239,0
1596168017.7662065,316.5143488007193,0.6484067164954239,0
1596168017.7762065,318.31606369787505,0.6484067164954239,0
1596168017.7862065,320.11477452093413,0.6484067164954239,0
1596168017.7962065,321.91588860327056,0.6484067164954239,0
1596168017.8062065,323.71627312475493,0.6484067164954239,0
1596168017.8162065,325.5138252335196,0.6484067164954239,0
1596168017.8262064,327.31309395605376,0.6484067164954239,0
1596168017.8362064,329.11369305425933,0.6484067164954239,0
1596168017.8462064,330.91545086675933,0.6484067164954239,0
1596168017.8562064,332.7130458908682,0.6484067164954239,0
1596168017.8662064,334.5160053330069,0.6484067164954239,0
1596168017.8762064,336.3132999497061,0.6484067164954239,0
1596168017.8862064,338.11557274633697,0.6484067164954239,0
1596168017.8962064,339.9156568604117,0.6484067164954239,0
1596168017.9062064,341.7151830750113,0.6484067164954239,0
1596168017.9162064,343.5138509827261,0.6484067164954239,0
1596168017.9262064,345.3137634354239,0.6484067164954239,0
1596168017.9362063,347.1146200256949,0.6484067164954239,0
1596168017.9462063,348.9138458328848,0.6484067164954239,0
1596168017.9562063,350.7134578781729,0.6484067164954239,0
1596168017.9622715,351.8047092514639,0.6484067164954239,0
1596168017.9622715,351.8047092514639,0.6484067164954239,0
1596168017.9662063,352.51315575414947,0.6484067164954239,0
1596168017.9762063,354.31602936559966,0.6484067164954239,0
1596168017.9862063,356.11353855902007,0.6484067164954239,0
1596168017.9962063,357.9161117630606,0.6484067164954239,0
1596168018.0062063,359.71357804113677,0.6484067164954239,0
1596168018.0078177,360,0.6484067164954239,1
1596168018.0078177,0,0,0
1596168018.0178177,230.87676232103433,1.2726350992390363,0
1596168018.0278177,232.67560189012613,1.2726350992390363,0
1596168018.0378177,234.47693054918375,1.2726350992390363,0
1596168018.0478177,236.2750405574235,1.2726350992390363,0
1596168018.0578177,238.07761376146402,1.2726350992390363,0
1596168018.0678177,239.87696831468668,1.2726350992390363,0
1596168018.0778177,241.6755074763688,1.2726350992390363,0
1596168018.0878177,243.47739403490152,1.2726350992390363,0
1596168018.0978177,245.2770060801896,1.2726350992390363,0
1596168018.1078176,247.07623188737955,1.2726350992390363,0
1596168018.1178176,248.87640183214273,1.2726350992390363,0
1596168018.1278176,250.67451184038248,1.2726350992390363,0
1596168018.1378176,252.47747128252115,1.2726350992390363,0
1596168018.1478176,254.27712624315348,1.2726350992390363,0
1596168018.1578176,256.0756654048356,1.2726350992390363,0
1596168018.1678176,257.8775519633683,1.2726350992390363,0
1596168018.1778176,259.6745890880021,1.2726350992390363,0
1596168018.1878176,261.4762181544694,1.2726350992390363,0
1596168018.1978176,263.2743710780534,1.2726350992390363,0
1596168018.2078176,265.0767297053727,1.2726350992390363,0
1596168018.2178175,266.8768138194474,1.2726350992390363,0
1596168018.2278175,268.6760825419816,1.2726350992390363,0
1596168018.2378175,270.47552292589273,1.2726350992390363,0
1596168018.2478175,272.27685158495035,1.2726350992390363,0
1596168018.2578175,274.0759915614518,1.2726350992390363,0
1596168018.2678175,275.8769339824113,1.2726350992390363,0
1596168018.2778175,277.6747864985856,1.2726350992390363,0
1596168018.2878175,279.4766301417741,1.2726350992390363,0
1596168018.2978175,281.27688591722574,1.2726350992390363,0
1596168018.3078175,283.07709877733316,1.2726350992390363,0
1596168018.3178174,284.8752946162614,1.2726350992390363,0
1596168018.3278174,286.6756362224015,1.2726350992390363,0
1596168018.3378174,288.47430413011637,1.2726350992390363,0
1596168018.3478174,290.27739231828775,1.2726350992390363,0
1596168018.3578174,292.076317718068,1.2726350992390363,0
1596168018.3678174,293.8748997950944,1.2726350992390363,0
1596168018.3778174,295.6751126552018,1.2726350992390363,0
1596168018.3878174,297.47614090684976,1.2726350992390363,0
1596168018.3978174,299.27609627489176,1.2726350992390363,0
1596168018.4078174,301.07652371172037,1.2726350992390363,0
1596168018.4178174,302.8745049739274,1.2726350992390363,0
1596168018.4278173,304.67463200334635,1.2726350992390363,0
1596168018.4378173,306.4746732020768,1.2726350992390363,0
1596168018.4478173,308.2754868770036,1.2726350992390363,0
1596168018.4578173,310.0752705836686,1.2726350992390363,0
1596168018.4678173,311.8750972056779,1.2726350992390363,0
1596168018.4778173,313.67625420335855,1.2726350992390363,0
1596168018.4878173,315.47487919572916,1.2726350992390363,0
1596168018.4978173,317.2750920558366,1.2726350992390363,0
1596168018.5078173,319.07581990007486,1.2726350992390363,0
1596168018.5178173,320.8771914744767,1.2726350992390363,0
1596168018.5278172,322.6772755885514,1.2726350992390363,0
1596168018.5378172,324.476072242299,1.2726350992390363,0
1596168018.5478172,326.2746114039811,1.2726350992390363,0
1596168018.5578172,328.0755967402848,1.2726350992390363,0
1596168018.5678172,329.87447922472086,1.2726350992390363,0
1596168018.5778172,331.6746062541398,1.2726350992390363,0
1596168018.5878172,333.4762353206071,1.2726350992390363,0
1596168018.5978172,335.2742165828141,1.2726350992390363,0
1596168018.6078172,337.07455818895426,1.2726350992390363,0
1596168018.6178172,338.8751143718156,1.2726350992390363,0
1596168018.6278172,340.674426009694,1.2726350992390363,0
1596168018.6378171,342.4760550761613,1.2726350992390363,0
1596168018.6478171,344.27674000505533,1.2726350992390363,0
1596168018.6578171,346.0742062831315,1.2726350992390363,0
1596168018.667817,347.8768653178605,1.2726350992390363,0
1596168018.677817,349.6746749186906,1.2726350992390363,0
1596168018.687817,351.4744586253556,1.2726350992390363,0
1596168018.697817,353.2765168452653,1.2726350992390363,0
1596168018.707817,355.0747126841935,1.2726350992390363,0
1596168018.717817,356.8754405284318,1.2726350992390363,0
1596168018.727817,358.6748379969987,1.2726350992390363,0
1596168018.7351873,360,1.2726350992390363,1
1596168018.7351873,0,0,0
1596168018.7451873,1.8016719818115234,0,0
1596168018.7551873,3.6002111434936523,0,0
1596168018.7651873,5.401496887207031,0,0
1596168018.7751873,7.203125953674316,0,0
1596168018.7851872,9.001922607421875,0,0
1596168018.7951872,10.802392959594727,0,0
1596168018.8051872,12.601747512817383,0,0
1596168018.8151872,14.40208911895752,0,0
1596168018.8251872,16.201486587524414,0,0
1596168018.8351872,18.00084114074707,0,0
1596168018.8451872,19.802427291870117,0,0
1596168018.8551872,21.603198051452637,0,0
1596168018.8651872,23.401565551757812,0,0
1596168018.8751872,25.200705528259277,0,0
1596168018.8851871,27.0009183883667,0,0
1596168018.8951871,28.8026762008667,0,0
1596168018.898635,29.420571327209473,0,0
1596168018.898635,29.420571327209473,0,0
1596168018.9051871,30.60263156890869,0,0
1596168018.9151871,32.400569915771484,0,0
1596168018.925187,34.20048236846924,0,0
1596168018.935187,36.00339889526367,0,0
1596168018.945187,37.80266761779785,0,0
1596168018.955187,39.60039138793945,0,0
1596168018.965187,41.40193462371826,0,0
1596168018.975187,43.20270538330078,0,0
1596168018.985187,45.001373291015625,0,0
1596168018.995187,46.80145740509033,0,0
1596168019.005187,48.60051155090332,0,0
1596168019.015187,50.40274143218994,0,0
1596168019.025187,52.20183849334717,0,0
1596168019.035187,54.000163078308105,0,0
1596168019.045187,55.79998970031738,0,0
1596168019.055187,57.60234832763672,0,0
1596168019.065187,59.40178871154785,0,0
1596168019.075187,61.20062828063965,0,0
1596168019.085187,63.000197410583496,0,0
1596168019.095187,64.80332851409912,0,0
1596168019.105187,66.60212516784668,0,0
1596168019.10874,67.23950386047363,0,0
1596168019.10874,67.23950386047363,0,0
1596168019.115187,68.40173721313477,0,0
1596168019.125187,70.2011775970459,0,0
1596168019.135187,72.00083255767822,0,0
1596168019.145187,73.80186080932617,0,0
1596168019.155187,75.60125827789307,0,0
1596168019.165187,77.40151405334473,0,0
1596168019.1751869,79.20297145843506,0,0
1596168019.1851869,81.00249767303467,0,0
1596168019.1951869,82.8008222579956,0,0
1596168019.2051868,84.60300922393799,0,0
1596168019.2151868,86.40176296234131,0,0
1596168019.2251868,88.20043087005615,0,0
1596168019.2351868,90.00158786773682,0,0
1596168019.2451868,91.8002986907959,0,0
1596168019.2551868,93.59995365142822,0,0
1596168019.2651868,95.40158271789551,0,0
1596168019.2751868,97.20145225524902,0,0
1596168019.2851868,99.00007724761963,0,0
1596168019.2951868,100.80063343048096,0,0
1596168019.3051867,102.60046005249023,0,0
1596168019.3151867,104.40324783325195,0,0
1596168019.3251867,106.20320320129395,0,0
1596168019.3351867,108.00169944763184,0,0
1596168019.3451867,109.80144023895264,0,0
1596168019.3551867,111.60302639007568,0,0
1596168019.3651867,113.40332508087158,0,0
1596168019.3751867,115.20139217376709,0,0
1596168019.3851867,117.00276374816895,0,0
1596168019.3951867,118.79992961883545,0,0
1596168019.4051867,120.60112953186035,0,0
1596168019.4151866,122.40185737609863,0,0
1596168019.4251866,124.20013904571533,0,0
1596168019.4351866,126.00339889526367,0,0
1596168019.4451866,127.80052185058594,0,0
1596168019.4551866,129.60288047790527,0,0
1596168019.4651866,131.40167713165283,0,0
1596168019.4751866,133.20309162139893,0,0
1596168019.48261,134.53608512878418,0,0
1596168019.48261,134.53608512878418,0,0
1596168019.4851866,135.00274658203125,0,0
1596168019.4951866,136.79991245269775,0,0
1596168019.5051866,138.6018419265747,0,0
1596168019.5151865,140.4020118713379,0,0
1596168019.5251865,142.20123767852783,0,0
1596168019.5351865,144.00063514709473,0,0
1596168019.5451865,145.80187797546387,0,0
1596168019.5551865,147.5999879837036,0,0
1596168019.5651865,149.40024375915527,0,0
1596168019.5751865,151.2006711959839,0,0
1596168019.5851865,153.00251483917236,0,0
1596168019.58775,153.4612798690796,0,0
1596168019.58775,153.4612798690796,0,0
1596168019.5951865,154.80058193206787,0,0
1596168019.6051865,156.60221099853516,0,0
1596168019.6151865,158.40293884277344,0,0
1596168019.6251864,160.20001888275146,0,0
1596168019.6351864,162.00254917144775,0,0
1596168019.6451864,163.8030195236206,0,0
1596168019.6551864,165.60035705566406,0,0
1596168019.6651864,167.40323066711426,0,0
1596168019.6751864,169.20232772827148,0,0
1596168019.6851864,171.00056648254395,0,0
1596168019.6951864,172.8004789352417,0,0
1596168019.7051864,174.60094928741455,0,0
1596168019.7151864,176.4025354385376,0,0
1596168019.7251863,178.20000171661377,0,0
1596168019.7351863,180.00283241271973,0,0
1596168019.7451863,181.8030881881714,0,0
1596168019.7551863,183.60222816467285,0,0
1596168019.7651863,185.40278434753418,0,0
1596168019.7751863,187.20213890075684,0,0
1596168019.7851863,189.00054931640625,0,0
1596168019.7951863,190.80059051513672,0,0
1596168019.8051863,192.60170459747314,0,0
1596168019.8151863,194.40294742584229,0,0
1596168019.8251863,196.20221614837646,0,0
1596168019.8351862,198.00298690795898,0,0
1596168019.8451862,199.80178356170654,0,0
1596168019.8551862,201.60268306732178,0,0
1596168019.8651862,203.40182304382324,0,0
1596168019.8751862,205.20092010498047,0,0
1596168019.8851862,207.00100421905518,0,0
1596168019.8951862,208.8010025024414,0,0
1596168019.9051862,210.6031036376953,0,0
1596168019.9151862,212.40232944488525,0,0
1596168019.9251862,214.20254230499268,0,0
1596168019.9351861,215.99987983703613,0,0
1596168019.9451861,217.80107975006104,0,0
1596168019.9551861,219.60176467895508,0,0
1596168019.965186,221.40167713165283,0,0
1596168019.975186,223.20154666900635,0,0
1596168019.985186,225.00107288360596,0,0
1596168019.995186,226.79999828338623,0,0
1596168020.005186,228.60064029693604,0,0
1596168020.015186,230.40317058563232,0,0
1596168020.025186,232.20248222351074,0,0
1596168020.035186,234.0025234222412,0,0
1596168020.045186,235.802264213562,0,0
1596168020.055186,237.60088920593262,0,0
1596168020.065186,239.40226078033447,0,0
1596168020.075186,241.20144367218018,0,0
1596168020.085186,243.00268650054932,0,0
1596168020.095186,244.80079650878906,0,0
1596168020.105186,246.6013526916504,0,0
1596168020.115186,248.40044975280762,0,0
1596168020.125186,250.20100593566895,0,0
1596168020.135186,252.0007038116455,0,0
1596168020.145186,253.80254745483398,0,0
1596168020.155186,255.59992790222168,0,0
1596168020.165186,257.40108489990234,0,0
1596168020.175186,259.2000961303711,0,0
1596168020.185186,261.00249767303467,0,0
1596168020.195186,262.80133724212646,0,0
1596168020.205186,264.6009922027588,0,0
1596168020.2151859,266.4030075073242,0,0
1596168020.2251859,268.20021629333496,0,0
1596168020.2351859,270.0015878677368,0,0
1596168020.2451859,271.8027448654175,0,0
1596168020.2551858,273.60209941864014,0,0
1596168020.2651858,275.4006814956665,0,0
1596168020.2751858,277.2002077102661,0,0
1596168020.2851858,279.00235176086426,0,0
1596168020.2951858,280.8017921447754,0,0
1596168020.3051858,282.5997734069824,0,0
1596168020.3151858,284.403076171875,0,0
1596168020.3251858,286.20075702667236,0,0
1596168020.3351858,288.0021286010742,0,0
1596168020.3451858,289.8006248474121,0,0
1596168020.3551857,291.6003656387329,0,0
1596168020.3651857,293.40195178985596,0,0
1596168020.3751857,295.2007484436035,0,0
1596168020.3851857,297.0013904571533,0,0
1596168020.3951857,298.80216121673584,0,0
1596168020.4051857,300.60147285461426,0,0
1596168020.4151857,302.40254402160645,0,0
1596168020.4251857,304.19992446899414,0,0
1596168020.4351857,306.00133895874023,0,0
1596168020.4451857,307.8027105331421,0,0
1596168020.4551857,309.60073471069336,0,0
1596168020.4651856,311.4004325866699,0,0
1596168020.4751856,313.2019329071045,0,0
1596168020.4851856,314.9997854232788,0,0
1596168020.4951856,316.80192947387695,0,0
1596168020.5051856,318.60029697418213,0,0
1596168020.5151856,320.4008102416992,0,0
1596168020.5251856,322.201452255249,0,0
1596168020.5351856,324.00020599365234,0,0
1596168020.5451856,325.80183506011963,0,0
1596168020.5551856,327.5999450683594,0,0
1596168020.5651855,329.40256118774414,0,0
1596168020.5751855,331.2026882171631,0,0
1596168020.5851855,333.0023002624512,0,0
1596168020.5951855,334.8027276992798,0,0
1596168020.6051855,336.6029405593872,0,0
1596168020.6151855,338.401780128479,0,0
1596168020.6251855,340.2005338668823,0,0
1596168020.6351855,342.00276374816895,0,0
1596168020.6451855,343.8007879257202,0,0
1596168020.6551855,345.6011724472046,0,0
1596168020.6651855,347.4011278152466,0,0
1596168020.6751854,349.2011260986328,0,0
1596168020.6851854,351.00292682647705,0,0
1596168020.6951854,352.80142307281494,0,0
1596168020.7051854,354.60227966308594,0,0
1596168020.7151854,356.3998746871948,0,0
1596168020.7251854,358.1997013092041,0,0
1596168020.7351894,360,0,1
1596168020.7351894,0,0,0
1596168020.7451894,136.37840946793793,0.7476432963808509,0
1596168020.7551894,138.17780693650482,0.7476432963808509,0
1596168020.7651894,139.97643192887543,0.7476432963808509,0
1596168020.7751894,141.77698811173676,0.7476432963808509,0
1596168020.7851894,143.578788839581,0.7476432963808509,0
1596168020.7951894,145.37732800126312,0.7476432963808509,0
1596168020.8051894,147.17706879258392,0.7476432963808509,0
1596168020.8151894,148.97736748337982,0.7476432963808509,0
1596168020.8251894,150.77633579850433,0.7476432963808509,0
1596168020.8351893,152.5777073729062,0.7476432963808509,0
1596168020.8451893,154.37843521714447,0.7476432963808509,0
1596168020.8551893,156.17886265397308,0.7476432963808509,0
1596168020.8651893,157.9772730696225,0.7476432963808509,0
1596168020.8751893,159.77877339005707,0.7476432963808509,0
1596168020.8851893,161.57757004380463,0.7476432963808509,0
1596168020.8951893,163.37765415787933,0.7476432963808509,0
1596168020.9051893,165.17838200211762,0.7476432963808509,0
1596168020.9103627,166.10698422074555,0.7476432963808509,0
1596168020.9103627,166.10698422074555,0.7476432963808509,0
1596168020.9151893,166.97898110032318,0.7476432963808509,0
1596168020.9229767,168.3775063383603,0.7476432963808509,0
1596168020.9229767,168.3775063383603,0.7476432963808509,0
1596168020.9251893,168.7773915159726,0.7476432963808509,0
1596168020.9351892,170.57833393693207,0.7476432963808509,0
1596168020.9451892,172.37691601395844,0.7476432963808509,0
1596168020.9551892,174.17845924973724,0.7476432963808509,0
1596168020.9651892,175.97764214158295,0.7476432963808509,0
1596168020.9751892,177.7767821180844,0.7476432963808509,0
1596168020.9851892,179.57733830094574,0.7476432963808509,0
1596168020.9951892,181.3767786848569,0.7476432963808509,0
1596168021.0051892,183.1778498518491,0.7476432963808509,0
1596168021.0151892,184.97690399766208,0.7476432963808509,0
1596168021.0251892,186.77737434983493,0.7476432963808509,0
1596168021.0351892,188.5790034163022,0.7476432963808509,0
1596168021.0451891,190.37655552506686,0.7476432963808509,0
1596168021.0551891,192.17608173966647,0.7476432963808509,0
1596168021.0651891,193.97689541459323,0.7476432963808509,0
1596168021.075189,195.77663620591403,0.7476432963808509,0
1596168021.085189,197.5768919813657,0.7476432963808509,0
1596168021.095189,199.37830647111178,0.7476432963808509,0
1596168021.105189,201.17869099259616,0.7476432963808509,0
1596168021.115189,202.9788180220151,0.7476432963808509,0
1596168021.125189,204.77735718369723,0.7476432963808509,0
1596168021.135189,206.57847126603366,0.7476432963808509,0
1596168021.145189,208.37610920548678,0.7476432963808509,0
1596168021.155189,210.17735203385593,0.7476432963808509,0
1596168021.165189,211.97623451829196,0.7476432963808509,0
1596168021.175189,213.77743443131686,0.7476432963808509,0
1596168021.185189,215.57584484696628,0.7476432963808509,0
1596168021.195189,217.37781723618747,0.7476432963808509,0
1596168021.205189,219.17798718095065,0.7476432963808509,0
1596168021.215189,220.97854336381198,0.7476432963808509,0
1596168021.225189,222.77631004929782,0.7476432963808509,0
1596168021.235189,224.57678040147067,0.7476432963808509,0
1596168021.245189,226.37626370072604,0.7476432963808509,0
1596168021.255189,228.17905148148776,0.7476432963808509,0
1596168021.265189,229.97836311936618,0.7476432963808509,0
1596168021.275189,231.77904804826022,0.7476432963808509,0
1596168021.285189,233.5775442945981,0.7476432963808509,0
1596168021.295189,235.37780007004977,0.7476432963808509,0
1596168021.305189,237.17651089310885,0.7476432963808509,0
1596168021.315189,238.978654943707,0.7476432963808509,0
1596168021.3251889,240.77573498368503,0.7476432963808509,0
1596168021.3351889,242.57775028825046,0.7476432963808509,0
1596168021.3451889,244.37800606370212,0.7476432963808509,0
1596168021.3551888,246.1789484846616,0.7476432963808509,0
1596168021.3651888,247.9768010008359,0.7476432963808509,0
1596168021.3751888,249.7765417921567,0.7476432963808509,0
1596168021.3851888,251.57619675278903,0.7476432963808509,0
1596168021.3951888,253.37598045945407,0.7476432963808509,0
1596168021.4051888,255.1768799650693,0.7476432963808509,0
1596168021.4151888,256.978938184979,0.7476432963808509,0
1596168021.4251888,258.7789364683652,0.7476432963808509,0
1596168021.4351888,260.5782481062436,0.7476432963808509,0
1596168021.4451888,262.3771735060239,0.7476432963808509,0
1596168021.4551888,264.1783734190488,0.7476432963808509,0
1596168021.4651887,265.9767838346982,0.7476432963808509,0
1596168021.4751887,267.7781124937558,0.7476432963808509,0
1596168021.4851887,269.57643707871676,0.7476432963808509,0
1596168021.4951887,271.3758774626279,0.7476432963808509,0
1596168021.5051887,273.17883690476657,0.7476432963808509,0
1596168021.5151887,274.9779339659238,0.7476432963808509,0
1596168021.5251887,276.777202688458,0.7476432963808509,0
1596168021.5351887,278.57883175492526,0.7476432963808509,0
1596168021.5451887,280.37732800126315,0.7476432963808509,0
1596168021.5551887,282.17861374497653,0.7476432963808509,0
1596168021.5651886,283.9758654463315,0.7476432963808509,0
1596168021.5751886,285.77663620591403,0.7476432963808509,0
1596168021.5851886,287.57706364274264,0.7476432963808509,0
1596168021.5855987,287.6494618284726,0.7476432963808509,0
1596168021.5855987,287.6494618284726,0.7476432963808509,0
1596168021.5951886,289.37804897904635,0.7476432963808509,0
1596168021.6051886,291.1769743788266,0.7476432963808509,0
1596168021.6151886,292.9765864241147,0.7476432963808509,0
1596168021.6251886,294.77791508317233,0.7476432963808509,0
1596168021.6351886,296.5778275358701,0.7476432963808509,0
1596168021.6451886,298.37864121079684,0.7476432963808509,0
1596168021.6551886,300.1768799650693,0.7476432963808509,0
1596168021.6651886,301.9769211637998,0.7476432963808509,0
1596168021.6751885,303.7770052778745,0.7476432963808509,0
1596168021.6851885,305.57747563004733,0.7476432963808509,0
1596168021.6951885,307.3782893049741,0.7476432963808509,0
1596168021.7051885,309.17785843491794,0.7476432963808509,0
1596168021.7151885,310.9782000410581,0.7476432963808509,0
1596168021.7251885,312.77824123978854,0.7476432963808509,0
1596168021.7351885,314.5782395231748,0.7476432963808509,0
1596168021.7451885,316.3765211927915,0.7476432963808509,0
1596168021.7551885,318.1770773756528,0.7476432963808509,0
1596168021.7651885,319.97561653733493,0.7476432963808509,0
1596168021.7751884,321.779005132916,0.7476432963808509,0
1596168021.7851884,323.57758720994235,0.7476432963808509,0
1596168021.7951884,325.3771563398862,0.7476432963808509,0
1596168021.8051884,327.17706879258395,0.7476432963808509,0
1596168021.8151884,328.9779682981992,0.7476432963808509,0
1596168021.8251884,330.77655037522555,0.7476432963808509,0
1596168021.8351884,332.57796486497165,0.7476432963808509,0
1596168021.8451884,334.37813480973483,0.7476432963808509,0
1596168021.8551884,336.17903431535007,0.7476432963808509,0
1596168021.8651884,337.9784746992612,0.7476432963808509,0
1596168021.8751884,339.77581223130466,0.7476432963808509,0
1596168021.8851883,341.57611092210055,0.7476432963808509,0
1596168021.8951883,343.37675293565036,0.7476432963808509,0
1596168021.9051883,345.1785536634946,0.7476432963808509,0
1596168021.9151883,346.9787236082578,0.7476432963808509,0
1596168021.9251883,348.7790222990537,0.7476432963808509,0
1596168021.9351883,350.57691773057223,0.7476432963808509,0
1596168021.9451883,352.37846096635104,0.7476432963808509,0
1596168021.9551883,354.17674263596774,0.7476432963808509,0
1596168021.9651883,355.9765263426328,0.7476432963808509,0
1596168021.9751883,357.7781124937558,0.7476432963808509,0
1596168021.9851882,359.57609375596286,0.7476432963808509,0
1596168021.9875538,360,0.7476432963808509,1
1596168021.9875538,0,0,0
1596168021.9975538,219.46080054736413,1.2092169040825784,0
1596168022.0075538,221.26131381488122,1.2092169040825784,0
1596168022.0175538,223.0616983363656,1.2092169040825784,0
1596168022.026957,224.75161876178063,1.2092169040825784,0
1596168022.026957,224.75161876178063,1.2092169040825784,0
1596168022.0275538,224.85967959857263,1.2092169040825784,0
1596168022.0375538,226.66135158038415,1.2092169040825784,0
1596168022.0475538,228.46040572619714,1.2092169040825784,0
1596168022.0575538,230.25971736407556,1.2092169040825784,0
1596168022.0675538,232.06181849932946,1.2092169040825784,0
1596168022.0775537,233.86220302081384,1.2092169040825784,0
1596168022.0875537,235.66198672747888,1.2092169040825784,0
1596168022.0975537,237.45971049762048,1.2092169040825784,0
1596168022.1075537,239.26121081805505,1.2092169040825784,0
1596168022.1175537,241.06219615435876,1.2092169040825784,0
1596168022.1275537,242.86206569171227,1.2092169040825784,0
1596168022.1375537,244.65961780047692,1.2092169040825784,0
1596168022.1475537,246.46159018969811,1.2092169040825784,0
1596168022.1575537,248.26111640429772,1.2092169040825784,0
1596168022.1675537,250.060041804078,1.2092169040825784,0
1596168022.1775537,251.8603404948739,1.2092169040825784,0
1596168022.1875536,253.65995254016198,1.2092169040825784,0
1596168022.1975536,255.46119536853112,1.2092169040825784,0
1596168022.2075536,257.25921954608236,1.2092169040825784,0
1596168022.2175536,259.0608915278939,1.2092169040825784,0
1596168022.2275536,260.8598598430184,1.2092169040825784,0
1596168022.2375536,262.66067351794516,1.2092169040825784,0
1596168022.2475536,264.45908393359457,1.2092169040825784,0
1596168022.2575536,266.26109923816,1.2092169040825784,0
1596168022.2675536,268.0615266749886,1.2092169040825784,0
1596168022.2775536,269.86083831286703,1.2092169040825784,0
1596168022.2875535,271.6613515803841,1.2092169040825784,0
1596168022.2975535,273.46092071032797,1.2092169040825784,0
1596168022.3075535,275.2622922847298,1.2092169040825784,0
1596168022.3175535,277.06194724536215,1.2092169040825784,0
1596168022.3275535,278.8605293223885,1.2092169040825784,0
1596168022.3375535,280.6616863200692,1.2092169040825784,0
1596168022.3475535,282.4592384288338,1.2092169040825784,0
1596168022.3575535,284.26056708789145,1.2092169040825784,0
1596168022.3675535,286.0618099162606,1.2092169040825784,0
1596168022.3775535,287.86172236895834,1.2092169040825784,0
1596168022.3875535,289.6612056682137,1.2092169040825784,0
1596168022.3975534,291.4621910045174,1.2092169040825784,0
1596168022.4075534,293.25970019793783,1.2092169040825784,0
1596168022.4175534,295.0622304866341,1.2092169040825784,0
1596168022.4275534,296.8599113414315,1.2092169040825784,0
1596168022.4375534,298.66231288409506,1.2092169040825784,0
1596168022.4475534,300.4599508235482,1.2092169040825784,0
1596168022.4575534,302.26188029742514,1.2092169040825784,0
1596168022.4675534,304.05973281359945,1.2092169040825784,0
1596168022.4720774,304.87327899432455,1.2092169040825784,0
1596168022.4720774,304.87327899432455,1.2092169040825784,0
1596168022.4775534,305.86217727160727,1.2092169040825784,0
1596168022.4875534,307.660287279847,1.2092169040825784,0
1596168022.4975533,309.46105803942953,1.2092169040825784,0
1596168022.5075533,311.2604555079964,1.2092169040825784,0
1596168022.5175533,313.0613979289559,1.2092169040825784,0
1596168022.5275533,314.8594650218514,1.2092169040825784,0
1596168022.5375533,316.6595491359261,1.2092169040825784,0
1596168022.5475533,318.46212233996664,1.2092169040825784,0
1596168022.5575533,320.26018943286215,1.2092169040825784,0
1596168022.5675533,322.0589860866097,1.2092169040825784,0
1596168022.5775533,323.85988559222494,1.2092169040825784,0
1596168022.5875533,325.6604846904305,1.2092169040825784,0
1596168022.5975533,327.45992507434164,1.2092169040825784,0
1596168022.6075532,329.26159705615316,1.2092169040825784,0
1596168022.6175532,331.0614665935067,1.2092169040825784,0
1596168022.6275532,332.86116446948324,1.2092169040825784,0
1596168022.6375532,334.66090526080404,1.2092169040825784,0
1596168022.6475532,336.46098937487875,1.2092169040825784,0
1596168022.6575532,338.2606872508553,1.2092169040825784,0
1596168022.6675532,340.0603851268319,1.2092169040825784,0
1596168022.6775532,341.8590530345467,1.2092169040825784,0
1596168022.6875532,343.66128291583334,1.2092169040825784,0
1596168022.6975532,345.4618820140389,1.2092169040825784,0
1596168022.7075531,347.2594770381478,1.2092169040825784,0
1596168022.7175531,349.0591319987801,1.2092169040825784,0
1596168022.7275531,350.8592161128548,1.2092169040825784,0
1596168022.7375531,352.6603731105355,1.2092169040825784,0
1596168022.747553,354.4614871928719,1.2092169040825784,0
1596168022.757553,356.2621292064217,1.2092169040825784,0
1596168022.767553,358.05933799243246,1.2092169040825784,0
1596168022.777553,359.8616107890633,1.2092169040825784,0
1596168022.7783372,360,1.2092169040825784,1
1596168022.7783372,0,0,0
1596168022.7883372,187.0965513108983,1.029410751063964,0
1596168022.7983372,188.89556254136704,1.029410751063964,0
1596168022.8083372,190.69551790940903,1.029410751063964,0
1596168022.8183372,192.4943145631566,1.029410751063964,0
1596168022.8283372,194.29701651322983,1.029410751063964,0
1596168022.8383372,196.09516943681382,1.029410751063964,0
1596168022.8483372,197.8940948365941,1.029410751063964,0
1596168022.8583372,199.69714010942124,1.029410751063964,0
1596168022.8683372,201.49529303300523,1.029410751063964,0
1596168022.8783371,203.29408968675278,1.029410751063964,0
1596168022.8883371,205.09700621354722,1.029410751063964,0
1596168022.8983371,206.8968328355565,1.029410751063964,0
1596168022.908337,208.69588698136948,1.029410751063964,0
1596168022.918337,210.49682940232896,1.029410751063964,0
1596168022.928337,212.29601229417466,1.029410751063964,0
1596168022.938337,214.09532393205308,1.029410751063964,0
1596168022.948337,215.8947643159642,1.029410751063964,0
1596168022.958337,217.69532049882554,1.029410751063964,0
1596168022.968337,219.49617708909653,1.029410751063964,0
1596168022.978337,221.2947591661229,1.029410751063964,0
1596168022.988337,223.09488619554185,1.029410751063964,0
1596168022.998337,224.8968156694188,1.029410751063964,0
1596168023.008337,226.6958698152318,1.029410751063964,0
1596168023.018337,228.49634016740464,1.029410751063964,0
1596168023.028337,230.29517973649644,1.029410751063964,0
1596168023.038337,232.0970233796849,1.029410751063964,0
1596168023.048337,233.8967641710057,1.029410751063964,0
1596168023.058337,235.6960328935399,1.029410751063964,0
1596168023.068337,237.4939712404027,1.029410751063964,0
1596168023.078337,239.29560030686997,1.029410751063964,0
1596168023.088337,241.09534109819077,1.029410751063964,0
1596168023.098337,242.89649809587144,1.029410751063964,0
1596168023.108337,244.69435061204575,1.029410751063964,0
1596168023.118337,246.4962800859227,1.029410751063964,0
1596168023.128337,248.29554880845689,1.029410751063964,0
1596168023.138337,250.09704912889146,1.029410751063964,0
1596168023.148337,251.89563120591782,1.029410751063964,0
1596168023.1583369,253.6967882035985,1.029410751063964,0
1596168023.1683369,255.49524153459214,1.029410751063964,0
1596168023.1783369,257.2944673417821,1.029410751063964,0
1596168023.1883368,259.0964826463475,1.029410751063964,0
1596168023.1983368,260.8955367921605,1.029410751063964,0
1596168023.2083368,262.6944621919408,1.029410751063964,0
1596168023.2183368,264.49664915788316,1.029410751063964,0
1596168023.2283368,266.2972482560887,1.029410751063964,0
1596168023.2383368,268.094371211411,1.029410751063964,0
1596168023.2483368,269.8972448228612,1.029410751063964,0
1596168023.2583368,271.6956552385106,1.029410751063964,0
1596168023.2683368,273.49634016740464,1.029410751063964,0
1596168023.2783368,275.29642428147935,1.029410751063964,0
1596168023.2883368,277.0970233796849,1.029410751063964,0
1596168023.2983367,278.89479006517075,1.029410751063964,0
1596168023.3083367,280.6942304490819,1.029410751063964,0
1596168023.3183367,282.4947866319432,1.029410751063964,0
1596168023.3283367,284.2951711534276,1.029410751063964,0
1596168023.3383367,286.09598482835435,1.029410751063964,0
1596168023.3483367,287.89572561967515,1.029410751063964,0
1596168023.3583367,289.6940502046361,1.029410751063964,0
1596168023.3683367,291.4960655092015,1.029410751063964,0
1596168023.3783367,293.2954629777684,1.029410751063964,0
1596168023.3883367,295.09391630876206,1.029410751063964,0
1596168023.3983366,296.89464415300034,1.029410751063964,0
1596168023.4083366,298.69687403428696,1.029410751063964,0
1596168023.4183366,300.4955419420018,1.029410751063964,0
1596168023.4283366,302.2954973100438,1.029410751063964,0
1596168023.4383366,304.09472311723374,1.029410751063964,0
1596168023.4483366,305.89557970750474,1.029410751063964,0
1596168023.4583366,307.69489134538316,1.029410751063964,0
1596168023.4683366,309.49519003617905,1.029410751063964,0
1596168023.4783366,311.29437292802476,1.029410751063964,0
1596168023.4883366,313.09625948655747,1.029410751063964,0
1596168023.4983366,314.8963865159764,1.029410751063964,0
1596168023.5083365,316.6948827623143,1.029410751063964,0
1596168023.5183365,318.49711264360093,1.029410751063964,0
1596168023.5283365,320.2970680116429,1.029410751063964,0
1596168023.5383365,322.09483469712876,1.029410751063964,0
1596168023.5483365,323.894832980515,1.029410751063964,0
1596168023.5583365,325.6944879411473,1.029410751063964,0
1596168023.5683365,327.49491537797593,1.029410751063964,0
1596168023.5783365,329.29491366136216,1.029410751063964,0
1596168023.585958,330.6656726716771,1.029410751063964,0
1596168023.585958,330.6656726716771,1.029410751063964,0
1596168023.5883365,331.0952552675023,1.029410751063964,0
1596168023.5983365,332.8968843339696,1.029410751063964,0
1596168023.6083364,334.69649637925767,1.029410751063964,0
1596168023.6183364,336.49645174729966,1.029410751063964,0
1596168023.6283364,338.2955488084569,1.029410751063964,0
1596168023.6383364,340.09456003892564,1.029410751063964,0
1596168023.6483364,341.8953737138524,1.029410751063964,0
1596168023.6583364,343.6962303041234,1.029410751063964,0
1596168023.6683364,345.49378241288804,1.029410751063964,0
1596168023.6783364,347.29408110368394,1.029410751063964,0
1596168023.6883364,349.09528101670884,1.029410751063964,0
1596168023.6983364,350.8948930619969,1.029410751063964,0
1596168023.7083364,352.6960929750218,1.029410751063964,0
1596168023.7183363,354.4960054277196,1.029410751063964,0
1596168023.7283363,356.29390085923814,1.029410751063964,0
1596168023.7383363,358.09591616380357,1.029410751063964,0
1596168023.7483363,359.89651526200913,1.029410751063964,0
1596168023.7489405,360,1.029410751063964,1
1596168023.7489405,0,0,0
1596168023.7589405,117.489514881434,0.6427016552623883,0
1596168023.7689404,119.28848319655852,0.6427016552623883,0
1596168023.7789404,121.08766608840422,0.6427016552623883,0
1596168023.7889404,122.88916640883879,0.6427016552623883,0
1596168023.7989404,124.68822055465178,0.6427016552623883,0
1596168023.8089404,126.48757510787443,0.6427016552623883,0
1596168023.8189404,128.28971915847256,0.6427016552623883,0
1596168023.8289404,130.0865846217294,0.6427016552623883,0
1596168023.8389404,131.88825660354092,0.6427016552623883,0
1596168023.8489404,133.68748241073087,0.6427016552623883,0
1596168023.8589404,135.48945479995206,0.6427016552623883,0
1596168023.8689404,137.2879081309457,0.6427016552623883,0
1596168023.8789403,139.08880763656094,0.6427016552623883,0
1596168023.8889403,140.88953548079922,0.6427016552623883,0
1596168023.8989403,142.68893294936612,0.6427016552623883,0
1596168023.9089403,144.48940330153897,0.6427016552623883,0
1596168023.9189403,146.28652625686124,0.6427016552623883,0
1596168023.9289403,148.0869966090341,0.6427016552623883,0
1596168023.9389403,149.88755279189542,0.6427016552623883,0
1596168023.9489403,151.6877227366586,0.6427016552623883,0
1596168023.9589403,153.48845058089688,0.6427016552623883,0
1596168023.9689403,155.2864318431039,0.6427016552623883,0
1596168023.9789402,157.08737426406338,0.6427016552623883,0
1596168023.9889402,158.88677173263028,0.6427016552623883,0
1596168023.9989402,160.68925910598233,0.6427016552623883,0
1596168024.0089402,162.48779826766446,0.6427016552623883,0
1596168024.0189402,164.28921275741055,0.6427016552623883,0
1596168024.0289402,166.08719401961758,0.6427016552623883,0
1596168024.0389402,167.8892951548715,0.6427016552623883,0
1596168024.0489402,169.68955093032315,0.6427016552623883,0
1596168024.0589402,171.48954921370938,0.6427016552623883,0
1596168024.0689402,173.28843169814542,0.6427016552623883,0
1596168024.0789402,175.08958869582608,0.6427016552623883,0
1596168024.0889401,176.88795619613126,0.6427016552623883,0
1596168024.0989401,178.68666701919034,0.6427016552623883,0
1596168024.1089401,180.4876094401498,0.6427016552623883,0
1596168024.11894,182.28803687697842,0.6427016552623883,0
1596168024.12894,184.08687644607022,0.6427016552623883,0
1596168024.13894,185.88653140670255,0.6427016552623883,0
1596168024.14894,187.68640094405606,0.6427016552623883,0
1596168024.15894,189.48781543380215,0.6427016552623883,0
1596168024.16894,191.28798537856534,0.6427016552623883,0
1596168024.17894,193.08862739211514,0.6427016552623883,0
1596168024.18894,194.8876386225839,0.6427016552623883,0
1596168024.19894,196.68819480544522,0.6427016552623883,0
1596168024.20894,198.4869056285043,0.6427016552623883,0
1596168024.21894,200.2864318431039,0.6427016552623883,0
1596168024.22894,202.08668761855557,0.6427016552623883,0
1596168024.23894,203.887801700892,0.6427016552623883,0
1596168024.24894,205.6878858149667,0.6427016552623883,0
1596168024.25894,207.489514881434,0.6427016552623883,0
1596168024.26894,209.28865485793546,0.6427016552623883,0
1596168024.27894,211.08826690322354,0.6427016552623883,0
1596168024.28894,212.888308101954,0.6427016552623883,0
1596168024.29894,214.68693309432462,0.6427016552623883,0
1596168024.30894,216.4867597163339,0.6427016552623883,0
1596168024.31894,218.28688674575284,0.6427016552623883,0
1596168024.32894,220.08744292861417,0.6427016552623883,0
1596168024.33894,221.887012058558,0.6427016552623883,0
1596168024.34894,223.68812614089444,0.6427016552623883,0
1596168024.35894,225.48778110152676,0.6427016552623883,0
1596168024.3689399,227.28704982406094,0.6427016552623883,0
1596168024.3789399,229.08631854659512,0.6427016552623883,0
1596168024.3889399,230.88666015273526,0.6427016552623883,0
1596168024.3989398,232.68803172713712,0.6427016552623883,0
1596168024.4089398,234.48824458724454,0.6427016552623883,0
1596168024.4189398,236.28837161666348,0.6427016552623883,0
1596168024.4289398,238.08871322280362,0.6427016552623883,0
1596168024.4389398,239.88759570723965,0.6427016552623883,0
1596168024.4489398,241.68870978957608,0.6427016552623883,0
1596168024.4589398,243.48896556502774,0.6427016552623883,0
1596168024.4689398,245.28694682723477,0.6427016552623883,0
1596168024.4723344,245.89720302230313,0.6427016552623883,0
1596168024.4723344,245.89720302230313,0.6427016552623883,0
1596168024.4789398,247.08634429580167,0.6427016552623883,0
1596168024.4889398,248.88827376967862,0.6427016552623883,0
1596168024.4989398,250.68681293136075,0.6427016552623883,0
1596168024.5089397,252.48938613540128,0.6427016552623883,0
1596168024.5189397,254.2877965510507,0.6427016552623883,0
1596168024.5289397,256.08770900374844,0.6427016552623883,0
1596168024.5389397,257.8888660014291,0.6427016552623883,0
1596168024.547441,259.4163947642465,0.6427016552623883,0
1596168024.547441,259.4163947642465,0.6427016552623883,0
1596168024.5489397,259.6868901789804,0.6427016552623883,0
1596168024.5589397,261.48796134597256,0.6427016552623883,0
1596168024.5689397,263.2875304759164,0.6427016552623883,0
1596168024.5789397,265.08688502913907,0.6427016552623883,0
1596168024.5889397,266.88726955062344,0.6427016552623883,0
1596168024.5989397,268.6876540721078,0.6427016552623883,0
1596168024.6089396,270.4873519480844,0.6427016552623883,0
1596168024.6189396,272.2894959986825,0.6427016552623883,0
1596168024.6289396,274.08782058364346,0.6427016552623883,0
1596168024.6389396,275.88867717391446,0.6427016552623883,0
1596168024.6489396,277.6870875895639,0.6427016552623883,0
1596168024.6589396,279.48678546554044,0.6427016552623883,0
1596168024.6689396,281.2883716166635,0.6427016552623883,0
1596168024.6789396,283.08931403762296,0.6427016552623883,0
1596168024.6889396,284.8886685908456,0.6427016552623883,0
1596168024.6989396,286.6884952128549,0.6427016552623883,0
1596168024.7089396,288.48806434279874,0.6427016552623883,0
1596168024.7189395,290.28716140395596,0.6427016552623883,0
1596168024.7289395,292.08643012649014,0.6427016552623883,0
1596168024.7389395,293.886900478663,0.6427016552623883,0
1596168024.7489395,295.6883578837533,0.6427016552623883,0
1596168024.7589395,297.48668246871426,0.6427016552623883,0
1596168024.7689395,299.2862086833139,0.6427016552623883,0
1596168024.7789395,301.0886531413217,0.6427016552623883,0
1596168024.7889395,302.88654857284024,0.6427016552623883,0
1596168024.7989395,304.6889072001596,0.6427016552623883,0
1596168024.8089395,306.4875751078744,0.6427016552623883,0
1596168024.8189394,308.28611426955655,0.6427016552623883,0
1596168024.8289394,310.088129574122,0.6427016552623883,0
1596168024.8389394,311.8882566035409,0.6427016552623883,0
1596168024.8489394,313.68834071761563,0.6427016552623883,0
1596168024.8589394,315.4867082179208,0.6427016552623883,0
1596168024.8689394,317.28704982406094,0.6427016552623883,0
1596168024.8789394,319.0871768534799,0.6427016552623883,0
1596168024.8889394,320.88751845962,0.6427016552623883,0
1596168024.8989394,322.687473827662,0.6427016552623883,0
1596168024.9089394,324.4872146189828,0.6427016552623883,0
1596168024.9189394,326.2892728388925,0.6427016552623883,0
1596168024.9289393,328.08794074660733,0.6427016552623883,0
1596168024.9389393,329.88768153792813,0.6427016552623883,0
1596168024.9489393,331.6868215144296,0.6427016552623883,0
1596168024.9589393,333.4893947184701,0.6427016552623883,0
1596168024.9689393,335.2883201182504,0.6427016552623883,0
1596168024.9789393,337.08767467147305,0.6427016552623883,0
1596168024.9889393,338.8882308543344,0.6427016552623883,0
1596168024.9989393,340.68840079909756,0.6427016552623883,0
1596168025.0089393,342.4893003047128,0.6427016552623883,0
1596168025.0189393,344.2864661753793,0.6427016552623883,0
1596168025.0289392,346.087451511683,0.6427016552623883,0
1596168025.0389392,347.8894239009042,0.6427016552623883,0
1596168025.0489392,349.6872335017343,0.6427016552623883,0
1596168025.0589392,351.48706012374356,0.6427016552623883,0
1596168025.0689392,353.28770213729337,0.6427016552623883,0
1596168025.0789392,355.08628421431973,0.6427016552623883,0
1596168025.0889392,356.88838534957364,0.6427016552623883,0
1596168025.0989392,358.6874394953866,0.6427016552623883,0
1596168025.1062474,360,0.6427016552623883,1
1596168025.1062474,0,0,0
1596168025.1162474,178.5910718082713,0.9821578487419016,0
1596168025.1262474,180.38978263133038,0.9821578487419016,0
1596168025.1362474,182.1899954914378,0.9821578487419016,0
1596168025.1462474,183.98866339915264,0.9821578487419016,0
1596168025.1562474,185.79153701060284,0.9821578487419016,0
1596168025.1662474,187.59080573313702,0.9821578487419016,0
1596168025.1762474,189.3895165561961,0.9821578487419016,0
1596168025.1862473,191.19080229990948,0.9821578487419016,0
1596168025.1962473,192.9901139377879,0.9821578487419016,0
1596168025.2062473,194.78891059153545,0.9821578487419016,0
1596168025.2162473,196.59032508128155,0.9821578487419016,0
1596168025.2262473,198.3900229572581,0.9821578487419016,0
1596168025.2362473,200.18920584910381,0.9821578487419016,0
1596168025.2462473,201.990277016096,0.9821578487419016,0
1596168025.2562473,203.78842993968,0.9821578487419016,0
1596168025.2662473,205.5892006992625,0.9821578487419016,0
1596168025.2762473,207.38851233714092,0.9821578487419016,0
1596168025.2862473,209.19095679514874,0.9821578487419016,0
1596168025.2962472,210.98850890391338,0.9821578487419016,0
1596168025.3062472,212.78940840952862,0.9821578487419016,0
1596168025.3162472,214.5892350315379,0.9821578487419016,0
1596168025.3262472,216.38854666941631,0.9821578487419016,0
1596168025.3362472,218.19176360362042,0.9821578487419016,0
1596168025.3462472,219.98888655894268,0.9821578487419016,0
1596168025.3562472,221.7907731174754,0.9821578487419016,0
1596168025.3662472,223.59137221568096,0.9821578487419016,0
1596168025.3762472,225.39042636149395,0.9821578487419016,0
1596168025.3862472,227.19158335917461,0.9821578487419016,0
1596168025.3962471,228.99055167429913,0.9821578487419016,0
1596168025.4062471,230.79063578837383,0.9821578487419016,0
1596168025.4162471,232.59110614054669,0.9821578487419016,0
1596168025.4262471,234.38852950327862,0.9821578487419016,0
1596168025.436247,236.1892573475169,0.9821578487419016,0
1596168025.4450567,237.7740780948924,0.9821578487419016,0
1596168025.4450567,237.7740780948924,0.9821578487419016,0
1596168025.446247,237.99105807536114,0.9821578487419016,0
1596168025.456247,239.790627205305,0.9821578487419016,0
1596168025.466247,241.58916636698711,0.9821578487419016,0
1596168025.476247,243.3893363117503,0.9821578487419016,0
1596168025.486247,245.18877669566143,0.9821578487419016,0
1596168025.496247,246.99019118540753,0.9821578487419016,0
1596168025.506247,248.7887732624339,0.9821578487419016,0
1596168025.516247,250.58894320719708,0.9821578487419016,0
1596168025.5164273,250.62078639262188,0.9821578487419016,0
1596168025.5164273,250.62078639262188,0.9821578487419016,0
1596168025.526247,252.38898440592754,0.9821578487419016,0
1596168025.536247,254.18996974223126,0.9821578487419016,0
1596168025.546247,255.9893242954539,0.9821578487419016,0
1596168025.556247,257.79013797038067,0.9821578487419016,0
1596168025.566247,259.58919211619366,0.9821578487419016,0
1596168025.576247,261.391550743513,0.9821578487419016,0
1596168025.586247,263.1891457676219,0.9821578487419016,0
1596168025.596247,264.9887148975657,0.9821578487419016,0
1596168025.606247,266.7888419269847,0.9821578487419016,0
1596168025.616247,268.58845397227276,0.9821578487419016,0
1596168025.626247,270.3903405308055,0.9821578487419016,0
1596168025.636247,272.19059630625713,0.9821578487419016,0
1596168025.646247,273.9899508594798,0.9821578487419016,0
1596168025.656247,275.7894770740794,0.9821578487419016,0
1596168025.666247,277.589904510908,0.9821578487419016,0
1596168025.676247,279.3890874027537,0.9821578487419016,0
1596168025.6862469,281.19097396128643,0.9821578487419016,0
1596168025.6962469,282.988869392805,0.9821578487419016,0
1596168025.7062469,284.79114218943585,0.9821578487419016,0
1596168025.7162468,286.58852263682354,0.9821578487419016,0
1596168025.7262468,288.38847800486553,0.9821578487419016,0
1596168025.7362468,290.18903418772686,0.9821578487419016,0
1596168025.7462468,291.9906203388499,0.9821578487419016,0
1596168025.7562468,293.78885909312237,0.9821578487419016,0
1596168025.7662468,295.5907885669993,0.9821578487419016,0
1596168025.7762468,297.3898427128123,0.9821578487419016,0
1596168025.7862468,299.1897122501658,0.9821578487419016,0
1596168025.7962468,300.9901826023387,0.9821578487419016,0
1596168025.8062468,302.7890221714305,0.9821578487419016,0
1596168025.8162467,304.591595375471,0.9821578487419016,0
1596168025.8262467,306.39159365885723,0.9821578487419016,0
1596168025.8362467,308.188630783491,0.9821578487419016,0
1596168025.8462467,309.98918696635235,0.9821578487419016,0
1596168025.8562467,311.79081603281963,0.9821578487419016,0
1596168025.8662467,313.59115763895977,0.9821578487419016,0
1596168025.8762467,315.3908125995921,0.9821578487419016,0
1596168025.8862467,317.1895234226512,0.9821578487419016,0
1596168025.8962467,318.98977919810284,0.9821578487419016,0
1596168025.9062467,320.7888333439158,0.9821578487419016,0
1596168025.9140441,322.1918217777537,0.9821578487419016,0
1596168025.9140441,322.1918217777537,0.9821578487419016,0
1596168025.9162467,322.5903336643504,0.9821578487419016,0
1596168025.9262466,324.3893019794749,0.9821578487419016,0
1596168025.9362466,326.18942900889385,0.9821578487419016,0
1596168025.9462466,327.9916588901805,0.9821578487419016,0
1596168025.9562466,329.7911851047801,0.9821578487419016,0
1596168025.9662466,331.58899470561016,0.9821578487419016,0
1596168025.9762466,333.3901517032908,0.9821578487419016,0
1596168025.9862466,335.19014998667706,0.9821578487419016,0
1596168025.9962466,336.9906203388499,0.9821578487419016,0
1596168026.0062466,338.7915627598094,0.9821578487419016,0
1596168026.0162466,340.5904452442454,0.9821578487419016,0
1596168026.0262465,342.3904006122874,0.9821578487419016,0
1596168026.0362465,344.18996974223126,0.9821578487419016,0
1596168026.0462465,345.9893242954539,0.9821578487419016,0
1596168026.0562465,347.78953715556133,0.9821578487419016,0
1596168026.0662465,349.5900504230784,0.9821578487419016,0
1596168026.0762465,351.39082118266094,0.9821578487419016,0
1596168026.0862465,353.1882445453929,0.9821578487419016,0
1596168026.0962465,354.98918696635235,0.9821578487419016,0
1596168026.1062465,356.7887560962962,0.9821578487419016,0
1596168026.1162465,358.5900418400096,0.9821578487419016,0
1596168026.1240914,360,0.9821578487419016,1
1596168026.1240914,0,0,0
1596168026.1340914,285.3941942586429,1.5755049527430576,0
1596168026.1440914,287.19093097586705,1.5755049527430576,0
1596168026.1540914,288.99165882010533,1.5755049527430576,0
1596168026.1640913,290.79165710349156,1.5755049527430576,0
1596168026.1740913,292.59105457205845,1.5755049527430576,0
1596168026.1840913,294.3921686543949,1.5755049527430576,0
1596168026.1940913,296.19165195365025,1.5755049527430576,0
1596168026.2040913,297.99173606772496,1.5755049527430576,0
1596168026.2140913,299.7908760442264,1.5755049527430576,0
1596168026.2240913,301.5935350789554,1.5755049527430576,0
1596168026.2340913,303.3915592565067,1.5755049527430576,0
1596168026.2440913,305.19258750815465,1.5755049527430576,0
1596168026.2540913,306.99335826773716,1.5755049527430576,0
1596168026.2640913,308.792026175452,1.5755049527430576,0
1596168026.2740912,310.5913378133304,1.5755049527430576,0
1596168026.2840912,312.3941685094364,1.5755049527430576,0
1596168026.2940912,314.19386638541295,1.5755049527430576,0
1596168026.3040912,315.9927917851932,1.5755049527430576,0
1596168026.3140912,317.79369129080845,1.5755049527430576,0
1596168026.3240912,319.59162963767125,1.5755049527430576,0
1596168026.3340912,321.39094127554966,1.5755049527430576,0
1596168026.3440912,323.1932140721805,1.5755049527430576,0
1596168026.3540912,324.99299777884556,1.5755049527430576,0
1596168026.3640912,326.79273857016636,1.5755049527430576,0
1596168026.3740911,328.59325183768345,1.5755049527430576,0
1596168026.3840911,330.3935934438236,1.5755049527430576,0
1596168026.3940911,332.1910168065555,1.5755049527430576,0
1596168026.4040911,333.99170173544957,1.5755049527430576,0
1596168026.414091,335.79187168021275,1.5755049527430576,0
1596168026.424091,337.5933290853031,1.5755049527430576,0
1596168026.434091,339.3926407231815,1.5755049527430576,0
1596168026.444091,341.19354022879673,1.5755049527430576,0
1596168026.454091,342.9914785756595,1.5755049527430576,0
1596168026.464091,344.7917772664554,1.5755049527430576,0
1596168026.474091,346.5916897191532,1.5755049527430576,0
1596168026.484091,348.3929325475223,1.5755049527430576,0
1596168026.494091,350.19099964041783,1.5755049527430576,0
1596168026.504091,351.9913841619022,1.5755049527430576,0
1596168026.514091,353.79185451407506,1.5755049527430576,0
1596168026.524091,355.59236778159215,1.5755049527430576,0
1596168026.534091,357.3940826787479,1.5755049527430576,0
1596168026.544091,359.19184936423375,1.5755049527430576,0
1596168026.5485866,360,1.5755049527430576,1
1596168026.5485866,0,0,0
1596168026.5585866,1.800684928894043,0,0
1596168026.5685866,3.6005115509033203,0,0
1596168026.5785866,5.402312278747559,0,0
1596168026.5885866,7.202610969543457,0,0
1596168026.5985866,9.000635147094727,0,0
1596168026.6085865,10.800890922546387,0,0
1596168026.6185865,12.602734565734863,0,0
1596168026.6285865,14.402775764465332,0,0
1596168026.6385865,16.201701164245605,0,0
1596168026.6485865,18.000154495239258,0,0
1596168026.6585865,19.801912307739258,0,0
1596168026.6685865,21.60186767578125,0,0
1596168026.6785865,23.401780128479004,0,0
1596168026.6885865,25.201821327209473,0,0
1596168026.6985865,27.002978324890137,0,0
1596168026.7085865,28.80314826965332,0,0
1596168026.7185864,30.600743293762207,0,0
1596168026.7285864,32.40241527557373,0,0
1596168026.7385864,34.20112609863281,0,0
1596168026.7485864,36.00211143493652,0,0
1596168026.7585864,37.80052185058594,0,0
1596168026.7685864,39.60326671600342,0,0
1596168026.7785864,41.40292167663574,0,0
1596168026.7885864,43.20073127746582,0,0
1596168026.7985864,45.00004291534424,0,0
1596168026.8085864,46.80102825164795,0,0
1596168026.8185863,48.60300064086914,0,0
1596168026.8285863,50.400938987731934,0,0
1596168026.8385863,52.20136642456055,0,0
1596168026.8485863,54.00076389312744,0,0
1596168026.8585863,55.80003261566162,0,0
1596168026.859151,55.901570320129395,0,0
1596168026.859151,55.901570320129395,0,0
1596168026.8685863,57.60256290435791,0,0
1596168026.8785863,59.401187896728516,0,0
1596168026.8885863,61.201701164245605,0,0
1596168026.8985863,63.00260066986084,0,0
1596168026.9085863,64.80324268341064,0,0
1596168026.9185863,66.60229682922363,0,0
1596168026.9285862,68.40195178985596,0,0
1596168026.9385862,70.20267963409424,0,0
1596168026.9485862,72.00096130371094,0,0
1596168026.9585862,73.80203247070312,0,0
1596168026.9685862,75.60022830963135,0,0
1596168026.9785862,77.4001407623291,0,0
1596168026.9885862,79.20151233673096,0,0
1596168026.9985862,81.00078105926514,0,0
1596168027.0085862,82.80163764953613,0,0
1596168027.0185862,84.60120677947998,0,0
1596168027.0285861,86.40219211578369,0,0
1596168027.0385861,88.20188999176025,0,0
1596168027.0485861,90.00124454498291,0,0
1596168027.0585861,91.80317401885986,0,0
1596168027.068586,93.60072612762451,0,0
1596168027.078586,95.40274143218994,0,0
1596168027.088586,97.20003604888916,0,0
1596168027.098586,99.0023946762085,0,0
1596168027.108586,100.80080509185791,0,0
1596168027.118586,102.60312080383301,0,0
1596168027.128586,104.40324783325195,0,0
1596168027.138586,106.20127201080322,0,0
1596168027.148586,108.00088405609131,0,0
1596168027.158586,109.80006694793701,0,0
1596168027.168586,111.60139560699463,0,0
1596168027.178586,113.40027809143066,0,0
1596168027.188586,115.20126342773438,0,0
1596168027.198586,117.00229167938232,0,0
1596168027.208586,118.8012170791626,0,0
1596168027.213022,119.59836959838867,0,0
1596168027.213022,119.59836959838867,0,0
1596168027.218586,120.59992790222168,0,0
1596168027.228586,122.4003553390503,0,0
1596168027.238586,124.2024564743042,0,0
1596168027.248586,126.00022315979004,0,0
1596168027.258586,127.80206680297852,0,0
1596168027.268586,129.6009063720703,0,0
1596168027.278586,131.4017629623413,0,0
1596168027.288586,133.20219039916992,0,0
1596168027.298586,135.00240325927734,0,0
1596168027.308586,136.80167198181152,0,0
1596168027.3185859,138.59995365142822,0,0
1596168027.3285859,140.40136814117432,0,0
1596168027.3385859,142.20252513885498,0,0
1596168027.3485858,144.00012016296387,0,0
1596168027.3585858,145.80059051513672,0,0
1596168027.3685858,147.60320663452148,0,0
1596168027.3785858,149.40226078033447,0,0
1596168027.3885858,151.2031602859497,0,0
1596168027.3985858,153.00302982330322,0,0
1596168027.4085858,154.80234146118164,0,0
1596168027.4185858,156.6029405593872,0,0
1596168027.4285858,158.40083599090576,0,0
1596168027.4385858,160.2000617980957,0,0
1596168027.4485857,162.0030641555786,0,0
1596168027.4585857,163.80151748657227,0,0
1596168027.4685857,165.60065746307373,0,0
1596168027.4785857,167.40224361419678,0,0
1596168027.4885857,169.20310020446777,0,0
1596168027.4985857,171.00211143493652,0,0
1596168027.5085857,172.80150890350342,0,0
1596168027.5185857,174.6000051498413,0,0
1596168027.5285857,176.4021921157837,0,0
1596168027.5385857,178.20008754730225,0,0
1596168027.5485857,180.00072956085205,0,0
1596168027.5585856,181.80132865905762,0,0
1596168027.5685856,183.60124111175537,0,0
1596168027.5785856,185.4004669189453,0,0
1596168027.5885856,187.19982147216797,0,0
1596168027.5985856,189.00119304656982,0,0
1596168027.6085856,190.80149173736572,0,0
1596168027.6185856,192.60067462921143,0,0
1596168027.6285856,194.4009304046631,0,0
1596168027.6385856,196.2026023864746,0,0
1596168027.6485856,198.00320148468018,0,0
1596168027.6585855,199.80277061462402,0,0
1596168027.6685855,201.60105228424072,0,0
1596168027.6785855,203.402681350708,0,0
1596168027.6885855,205.2006196975708,0,0
1596168027.6985855,207.00190544128418,0,0
1596168027.7085855,208.80276203155518,0,0
1596168027.7185855,210.60091495513916,0,0
1596168027.7285855,212.40232944488525,0,0
1596168027.7385855,214.2024564743042,0,0
1596168027.7485855,216.0009527206421,0,0
1596168027.7585855,217.79987812042236,0,0
1596168027.7685854,219.5998764038086,0,0
1596168027.7785854,221.40116214752197,0,0
1596168027.7885854,223.2031774520874,0,0
1596168027.7985854,225.00017166137695,0,0
1596168027.8085854,226.80257320404053,0,0
1596168027.8185854,228.60068321228027,0,0
1596168027.8285854,230.40029525756836,0,0
1596168027.8385854,232.20196723937988,0,0
1596168027.8485854,234.0018367767334,0,0
1596168027.8585854,235.80222129821777,0,0
1596168027.8685853,237.60114669799805,0,0
1596168027.8785853,239.40268993377686,0,0
1596168027.8885853,241.20320320129395,0,0
1596168027.8985853,243.00139904022217,0,0
1596168027.9085853,244.80272769927979,0,0
1596168027.9131515,245.6216812133789,0,0
1596168027.9131515,245.6216812133789,0,0
1596168027.9185853,246.60199642181396,0,0
1596168027.9285853,248.40225219726562,0,0
1596168027.9385853,250.20220756530762,0,0
1596168027.9485853,252.00186252593994,0,0
1596168027.9585853,253.80216121673584,0,0
1596168027.9685853,255.60035705566406,0,0
1596168027.9785852,257.40039825439453,0,0
1596168027.9885852,259.19992446899414,0,0
1596168027.9985852,261.00035190582275,0,0
