Type = Reachback Firefly,Function = Reachback Firefly (ln/e^),Refract = 0.05,Epsilon = 0.3,Start_phase = 182
Timestamp,Phase,Offset,Ping?
1596168113,182,0,0
1596168113.01,183.79463386535645,1.011111111111111,0
1596168113.02,185.59750747680664,1.011111111111111,0
1596168113.03,187.39454460144043,1.011111111111111,0
1596168113.04,189.19518661499023,1.011111111111111,0
1596168113.05,190.9946699142456,1.011111111111111,0
1596168113.06,192.7973289489746,1.011111111111111,0
1596168113.07,194.59496688842773,1.011111111111111,0
1596168113.08,196.3972396850586,1.011111111111111,0
1596168113.09,198.19487762451172,1.011111111111111,0
1596168113.1,199.99513339996338,1.011111111111111,0
1596168113.11,201.7952175140381,1.011111111111111,0
1596168113.12,203.596417427063,1.011111111111111,0
1596168113.1299999,205.39693069458008,1.011111111111111,0
1596168113.1319313,205.74205589294434,1.011111111111111,0
1596168113.1319313,205.74205589294434,1.011111111111111,0
1596168113.1399999,207.19529819488525,1.011111111111111,0
1596168113.1499999,208.99731349945068,1.011111111111111,0
1596168113.1599998,210.79645347595215,1.011111111111111,0
1596168113.1699998,212.5947780609131,1.011111111111111,0
1596168113.1799998,214.3946475982666,1.011111111111111,0
1596168113.1899998,216.19447422027588,1.011111111111111,0
1596168113.1999998,217.99472999572754,1.011111111111111,0
1596168113.2099998,219.7946424484253,1.011111111111111,0
1596168113.2199998,221.5969581604004,1.011111111111111,0
1596168113.2299998,223.39528274536133,1.011111111111111,0
1596168113.2399998,225.195538520813,1.011111111111111,0
1596168113.2499998,226.9967384338379,1.011111111111111,0
1596168113.2599998,228.79544925689697,1.011111111111111,0
1596168113.2699997,230.59540462493896,1.011111111111111,0
1596168113.2799997,232.39789199829102,1.011111111111111,0
1596168113.2899997,234.19733238220215,1.011111111111111,0
1596168113.2999997,235.99604320526123,1.011111111111111,0
1596168113.3099997,237.79556941986084,1.011111111111111,0
1596168113.3199997,239.5976276397705,1.011111111111111,0
1596168113.3299997,241.39616680145264,1.011111111111111,0
1596168113.3399997,243.1960792541504,1.011111111111111,0
1596168113.3499997,244.99607753753662,1.011111111111111,0
1596168113.3599997,246.79779243469238,1.011111111111111,0
1596168113.3699996,248.59470081329346,1.011111111111111,0
1596168113.3799996,250.39731693267822,1.011111111111111,0
1596168113.3899996,252.1951265335083,1.011111111111111,0
1596168113.3999996,253.99705600738525,1.011111111111111,0
1596168113.4099996,255.79791259765625,1.011111111111111,0
1596168113.4199996,257.5959367752075,1.011111111111111,0
1596168113.4299996,259.39649295806885,1.011111111111111,0
1596168113.4399996,261.1957187652588,1.011111111111111,0
1596168113.4499996,262.995888710022,1.011111111111111,0
1596168113.4599996,264.7954149246216,1.011111111111111,0
1596168113.4699996,266.5969581604004,1.011111111111111,0
1596168113.4799995,268.3966131210327,1.011111111111111,0
1596168113.4899995,270.1955814361572,1.011111111111111,0
1596168113.4999995,271.99480724334717,1.011111111111111,0
1596168113.5099995,273.79540634155273,1.011111111111111,0
1596168113.5199995,275.59574794769287,1.011111111111111,0
1596168113.5299995,277.3959608078003,1.011111111111111,0
1596168113.5399995,279.19780445098877,1.011111111111111,0
1596168113.5499995,280.99518489837646,1.011111111111111,0
1596168113.5599995,282.7954406738281,1.011111111111111,0
1596168113.5699995,284.5946235656738,1.011111111111111,0
1596168113.5799994,286.3943214416504,1.011111111111111,0
1596168113.5899994,288.1971092224121,1.011111111111111,0
1596168113.5999994,289.9943609237671,1.011111111111111,0
1596168113.6099994,291.7952175140381,1.011111111111111,0
1596168113.6199994,293.59603118896484,1.011111111111111,0
1596168113.6299994,295.39624404907227,1.011111111111111,0
1596168113.6399994,297.19765853881836,1.011111111111111,0
1596168113.6499994,298.99525356292725,1.011111111111111,0
1596168113.6599994,300.7950372695923,1.011111111111111,0
1596168113.6699994,302.59632301330566,1.011111111111111,0
1596168113.6799994,304.39606380462646,1.011111111111111,0
1596168113.6899993,306.19567584991455,1.011111111111111,0
1596168113.6999993,307.9956741333008,1.011111111111111,0
1596168113.7099993,309.7972602844238,1.011111111111111,0
1596168113.7199993,311.5957565307617,1.011111111111111,0
1596168113.7299993,313.39742851257324,1.011111111111111,0
1596168113.7399993,315.19626808166504,1.011111111111111,0
1596168113.7499993,316.9974250793457,1.011111111111111,0
1596168113.7599993,318.79733753204346,1.011111111111111,0
1596168113.7699993,320.5958766937256,1.011111111111111,0
1596168113.7799993,322.39746284484863,1.011111111111111,0
1596168113.7899992,324.1973752975464,1.011111111111111,0
1596168113.7999992,325.9973306655884,1.011111111111111,0
1596168113.8099992,327.79591274261475,1.011111111111111,0
1596168113.8199992,329.5967264175415,1.011111111111111,0
1596168113.8299992,331.39616680145264,1.011111111111111,0
1596168113.8399992,333.1971950531006,1.011111111111111,0
1596168113.8499992,334.9971504211426,1.011111111111111,0
1596168113.8599992,336.79483127593994,1.011111111111111,0
1596168113.8699992,338.59740447998047,1.011111111111111,0
1596168113.8799992,340.3949565887451,1.011111111111111,0
1596168113.8899992,342.19731521606445,1.011111111111111,0
1596168113.8999991,343.99546813964844,1.011111111111111,0
1596168113.9099991,345.7952947616577,1.011111111111111,0
1596168113.9199991,347.5976104736328,1.011111111111111,0
1596168113.929999,349.3973512649536,1.011111111111111,0
1596168113.939999,351.1959762573242,1.011111111111111,0
1596168113.949999,352.9963607788086,1.011111111111111,0
1596168113.959999,354.7954149246216,1.011111111111111,0
1596168113.969999,356.59614276885986,1.011111111111111,0
1596168113.979999,358.39609813690186,1.011111111111111,0
1596168113.988925,360,1.011111111111111,1
1596168113.988925,0,0,0
1596168113.998925,73.78212774803121,0.39989261301633827,0
1596168114.008925,75.58096731712301,0.39989261301633827,0
1596168114.018925,77.38281096031149,0.39989261301633827,0
1596168114.028925,79.18371046592672,0.39989261301633827,0
1596168114.038925,80.98293627311666,0.39989261301633827,0
1596168114.048925,82.78302038719137,0.39989261301633827,0
1596168114.058925,84.58383406211813,0.39989261301633827,0
1596168114.068925,86.38271654655416,0.39989261301633827,0
1596168114.078925,88.18142736961325,0.39989261301633827,0
1596168114.088925,89.98387182762106,0.39989261301633827,0
1596168114.0989249,91.78146685172995,0.39989261301633827,0
1596168114.1089249,93.58077848960836,0.39989261301633827,0
1596168114.1189249,95.38124884178121,0.39989261301633827,0
1596168114.1289248,97.18407953788717,0.39989261301633827,0
1596168114.1389248,98.98210371543844,0.39989261301633827,0
1596168114.1489248,100.78274572898825,0.39989261301633827,0
1596168114.1589248,102.58373106529196,0.39989261301633827,0
1596168114.1689248,104.383514771957,0.39989261301633827,0
1596168114.1789248,106.18171061088522,0.39989261301633827,0
1596168114.1889248,107.98295343925436,0.39989261301633827,0
1596168114.1989248,109.7810634474941,0.39989261301633827,0
1596168114.2089248,111.58277834464987,0.39989261301633827,0
1596168114.2120228,112.13827456047018,0.39989261301633827,0
1596168114.2120228,112.13827456047018,0.39989261301633827,0
1596168114.2189248,113.38127459098776,0.39989261301633827,0
1596168114.2289248,115.183976541061,0.39989261301633827,0
1596168114.2389247,116.98363150169332,0.39989261301633827,0
1596168114.2489247,118.7816556792446,0.39989261301633827,0
1596168114.2589247,120.5808385710903,0.39989261301633827,0
1596168114.2689247,122.38392675926168,0.39989261301633827,0
1596168114.2789247,124.180878053207,0.39989261301633827,0
1596168114.2889247,125.98250711967428,0.39989261301633827,0
1596168114.2989247,127.78173292686422,0.39989261301633827,0
1596168114.3089247,129.5821174483486,0.39989261301633827,0
1596168114.3189247,131.38168657829246,0.39989261301633827,0
1596168114.3289247,133.18357313682517,0.39989261301633827,0
1596168114.3389246,134.98262728263816,0.39989261301633827,0
1596168114.3489246,136.78369844963035,0.39989261301633827,0
1596168114.3589246,138.583053002853,0.39989261301633827,0
1596168114.3689246,140.38270796348533,0.39989261301633827,0
1596168114.3789246,142.18334997703514,0.39989261301633827,0
1596168114.3889246,143.9830478530117,0.39989261301633827,0
1596168114.3989246,145.78360403587303,0.39989261301633827,0
1596168114.4089246,147.58313025047264,0.39989261301633827,0
1596168114.4189246,149.38196981956443,0.39989261301633827,0
1596168114.4289246,151.18274057914695,0.39989261301633827,0
1596168114.4389246,152.98149431755027,0.39989261301633827,0
1596168114.4489245,154.78269423057517,0.39989261301633827,0
1596168114.4589245,156.58153379966697,0.39989261301633827,0
1596168114.4689245,158.38269079734764,0.39989261301633827,0
1596168114.4789245,160.18225992729148,0.39989261301633827,0
1596168114.4889245,161.98230112602195,0.39989261301633827,0
1596168114.4989245,163.78272856285056,0.39989261301633827,0
1596168114.5089245,165.58096731712303,0.39989261301633827,0
1596168114.5189245,167.3839267592617,0.39989261301633827,0
1596168114.5289245,169.18070639183006,0.39989261301633827,0
1596168114.5389245,170.98074759056053,0.39989261301633827,0
1596168114.5489244,172.78297747184715,0.39989261301633827,0
1596168114.5589244,174.58327616264305,0.39989261301633827,0
1596168114.5689244,176.38065661003074,0.39989261301633827,0
1596168114.5789244,178.18065489341697,0.39989261301633827,0
1596168114.5889244,179.98073900749168,0.39989261301633827,0
1596168114.5989244,181.7831834654995,0.39989261301633827,0
1596168114.6089244,183.58185137321433,0.39989261301633827,0
1596168114.6189244,185.38193548728904,0.39989261301633827,0
1596168114.6289244,187.1828779082485,0.39989261301633827,0
1596168114.6389244,188.98369158317527,0.39989261301633827,0
1596168114.6489244,190.7805570464321,0.39989261301633827,0
1596168114.6589243,192.580855737228,0.39989261301633827,0
1596168114.6689243,194.38308561851463,0.39989261301633827,0
1596168114.6789243,196.18239725639305,0.39989261301633827,0
1596168114.6889243,197.98273886253318,0.39989261301633827,0
1596168114.6989243,199.78252256919822,0.39989261301633827,0
1596168114.7089243,201.58058966209373,0.39989261301633827,0
1596168114.7189243,203.38114584495506,0.39989261301633827,0
1596168114.7289243,205.18131578971824,0.39989261301633827,0
1596168114.7389243,206.98260153343162,0.39989261301633827,0
1596168114.7489243,208.7827714781948,0.39989261301633827,0
1596168114.7589242,210.58096731712303,0.39989261301633827,0
1596168114.7689242,212.38276804496726,0.39989261301633827,0
1596168114.7789242,214.18152178337058,0.39989261301633827,0
1596168114.7889242,215.98190630485496,0.39989261301633827,0
1596168114.7989242,217.78357828666648,0.39989261301633827,0
1596168114.8089242,219.58250368644676,0.39989261301633827,0
1596168114.8189242,221.38078535606346,0.39989261301633827,0
1596168114.8289242,223.18241442253074,0.39989261301633827,0
1596168114.8389242,224.98194063713035,0.39989261301633827,0
1596168114.8489242,226.78344095756492,0.39989261301633827,0
1596168114.8589242,228.58283842613181,0.39989261301633827,0
1596168114.8689241,230.381205926437,0.39989261301633827,0
1596168114.8789241,232.18369329978904,0.39989261301633827,0
1596168114.8889241,233.98176039268455,0.39989261301633827,0
1596168114.898924,235.7820161681362,0.39989261301633827,0
1596168114.908924,237.58205736686668,0.39989261301633827,0
1596168114.918924,239.3820556502529,0.39989261301633827,0
1596168114.928924,241.183470139999,0.39989261301633827,0
1596168114.938924,242.9809793334194,0.39989261301633827,0
1596168114.948924,244.78290880729637,0.39989261301633827,0
1596168114.958924,246.5816625456997,0.39989261301633827,0
1596168114.968924,248.38067377616844,0.39989261301633827,0
1596168114.978924,250.1823886733242,0.39989261301633827,0
1596168114.988924,251.98114241172752,0.39989261301633827,0
1596168114.998924,253.78161276390037,0.39989261301633827,0
1596168115.008924,255.58204020072898,0.39989261301633827,0
1596168115.018924,257.38165224601704,0.39989261301633827,0
1596168115.028924,259.1829379897304,0.39989261301633827,0
1596168115.038924,260.98362291862446,0.39989261301633827,0
1596168115.048924,262.78267706443745,0.39989261301633827,0
1596168115.058924,264.5828899245449,0.39989261301633827,0
1596168115.068924,266.3818582396694,0.39989261301633827,0
1596168115.078924,268.1834014754482,0.39989261301633827,0
1596168115.088924,269.98387182762104,0.39989261301633827,0
1596168115.098924,271.7837842803188,0.39989261301633827,0
1596168115.108924,273.58120764305073,0.39989261301633827,0
1596168115.118924,275.3829225402065,0.39989261301633827,0
1596168115.128924,277.1809038024135,0.39989261301633827,0
1596168115.1321504,277.7612480025478,0.39989261301633827,0
1596168115.1321504,277.7612480025478,0.39989261301633827,0
1596168115.138924,278.9815029006191,0.39989261301633827,0
1596168115.1489239,280.78287447502095,0.39989261301633827,0
1596168115.1589239,282.5814136367031,0.39989261301633827,0
1596168115.1689239,284.38111151267964,0.39989261301633827,0
1596168115.1789238,286.1826976638027,0.39989261301633827,0
1596168115.1889238,287.98072184135395,0.39989261301633827,0
1596168115.1989238,289.7824367385097,0.39989261301633827,0
1596168115.2089238,291.5826066832729,0.39989261301633827,0
1596168115.2189238,293.38239038993794,0.39989261301633827,0
1596168115.2289238,295.1809724669643,0.39989261301633827,0
1596168115.2389238,296.98354567100483,0.39989261301633827,0
1596168115.2489238,298.7838014464565,0.39989261301633827,0
1596168115.2589238,300.5816539626308,0.39989261301633827,0
1596168115.262268,301.1824258666225,0.39989261301633827,0
1596168115.262268,301.1824258666225,0.39989261301633827,0
1596168115.2689238,302.3838409285732,0.39989261301633827,0
1596168115.2789237,304.18104971458393,0.39989261301633827,0
1596168115.2889237,305.9822067122646,0.39989261301633827,0
1596168115.2989237,307.78164709617573,0.39989261301633827,0
1596168115.3089237,309.5829328398891,0.39989261301633827,0
1596168115.3189237,311.3813432555385,0.39989261301633827,0
1596168115.3289237,313.18065489341694,0.39989261301633827,0
1596168115.3389237,314.98254145194966,0.39989261301633827,0
1596168115.3489237,316.78116644432026,0.39989261301633827,0
1596168115.3589237,318.58125055839497,0.39989261301633827,0
1596168115.3689237,320.38296545555073,0.39989261301633827,0
1596168115.3789237,322.1811183791347,0.39989261301633827,0
1596168115.3889236,323.98167456199604,0.39989261301633827,0
1596168115.3989236,325.78188742210347,0.39989261301633827,0
1596168115.4089236,327.58205736686665,0.39989261301633827,0
1596168115.4189236,329.3820985655971,0.39989261301633827,0
1596168115.4289236,331.1837276320644,0.39989261301633827,0
1596168115.4389236,332.98316801597554,0.39989261301633827,0
1596168115.4489236,334.78282297660786,0.39989261301633827,0
1596168115.4589236,336.58290709068257,0.39989261301633827,0
1596168115.4689236,338.38071669151265,0.39989261301633827,0
1596168115.4789236,340.182002435226,0.39989261301633827,0
1596168115.4889235,341.98268736412007,0.39989261301633827,0
1596168115.4989235,343.7814411025234,0.39989261301633827,0
1596168115.5089235,345.58079565574604,0.39989261301633827,0
1596168115.5189235,347.3828538756557,0.39989261301633827,0
1596168115.5289235,349.1807922225185,0.39989261301633827,0
1596168115.5389235,350.9834512572475,0.39989261301633827,0
1596168115.5489235,352.78254831840474,0.39989261301633827,0
1596168115.5589235,354.5830615859218,0.39989261301633827,0
1596168115.5689235,356.383231530685,0.39989261301633827,0
1596168115.5789235,358.18044031669575,0.39989261301633827,0
1596168115.5889235,359.9807819228359,0.39989261301633827,0
1596168115.5890462,360,0.39989261301633827,1
1596168115.5890462,0,0,0
1596168115.5990462,243.58153385172358,1.3432283689716387,0
1596168115.6090462,245.38372081766596,1.3432283689716387,0
1596168115.6190462,247.1827320481347,1.3432283689716387,0
1596168115.6290462,248.98225826273432,1.3432283689716387,0
1596168115.6390462,250.78148406992426,1.3432283689716387,0
1596168115.6490462,252.58298439035883,1.3432283689716387,0
1596168115.6590462,254.38306850443354,1.3432283689716387,0
1596168115.6690462,256.18160766611567,1.3432283689716387,0
1596168115.6790462,257.9837088013696,1.3432283689716387,0
1596168115.6890461,259.78121799479,1.3432283689716387,0
1596168115.6990461,261.5826753998803,1.3432283689716387,0
1596168115.7090461,263.38336032877436,1.3432283689716387,0
1596168115.719046,265.1814703370141,1.3432283689716387,0
1596168115.729046,266.9812111283349,1.3432283689716387,0
1596168115.739046,268.78348392496576,1.3432283689716387,0
1596168115.749046,270.58185142527094,1.3432283689716387,0
1596168115.759046,272.38352340708246,1.3432283689716387,0
1596168115.769046,274.18270629892817,1.3432283689716387,0
1596168115.779046,275.9811167145776,1.3432283689716387,0
1596168115.789046,277.7824453736352,1.3432283689716387,0
1596168115.799046,279.5814995194482,1.3432283689716387,0
1596168115.809046,281.3812832261132,1.3432283689716387,0
1596168115.819046,283.18128150949946,1.3432283689716387,0
1596168115.829046,284.9826530839013,1.3432283689716387,0
1596168115.839046,286.78144973764887,1.3432283689716387,0
1596168115.849046,288.5842804337548,1.3432283689716387,0
1596168115.859046,290.3824333573388,1.3432283689716387,0
1596168115.869046,292.181702079873,1.3432283689716387,0
1596168115.879046,293.9813570405053,1.3432283689716387,0
1596168115.889046,295.7835440064477,1.3432283689716387,0
1596168115.899046,297.5840572739648,1.3432283689716387,0
1596168115.909046,299.38160938272944,1.3432283689716387,0
1596168115.919046,301.18349594126215,1.3432283689716387,0
1596168115.929046,302.98358005533686,1.3432283689716387,0
1596168115.939046,304.78164714823237,1.3432283689716387,0
1596168115.949046,306.5816454316186,1.3432283689716387,0
1596168115.959046,308.3842186356591,1.3432283689716387,0
1596168115.9690459,310.18344444284907,1.3432283689716387,0
1596168115.9790459,311.98374313364496,1.3432283689716387,0
1596168115.9890459,313.7822822953271,1.3432283689716387,0
1596168115.9990458,315.5830530549096,1.3432283689716387,0
1596168116.0090458,317.3824505234765,1.3432283689716387,0
1596168116.0190458,319.18214839945307,1.3432283689716387,0
1596168116.0290458,320.9812454606103,1.3432283689716387,0
1596168116.0390458,322.7835611725854,1.3432283689716387,0
1596168116.0490458,324.5832161332177,1.3432283689716387,0
1596168116.0590458,326.3822702790307,1.3432283689716387,0
1596168116.0690458,328.18128150949946,1.3432283689716387,0
1596168116.0790458,329.9844126130151,1.3432283689716387,0
1596168116.0890458,331.78119224558344,1.3432283689716387,0
1596168116.0990458,333.58204883585444,1.3432283689716387,0
1596168116.1090457,335.381746711831,1.3432283689716387,0
1596168116.1190457,337.18118709574213,1.3432283689716387,0
1596168116.1290457,338.98238700876703,1.3432283689716387,0
1596168116.1390457,340.78268569956293,1.3432283689716387,0
1596168116.1490457,342.58319896708,1.3432283689716387,0
1596168116.1590457,344.38152355204096,1.3432283689716387,0
1596168116.1690457,346.18156475077143,1.3432283689716387,0
1596168116.1790457,347.9829363251733,1.3432283689716387,0
1596168116.1890457,349.7842649842309,1.3432283689716387,0
1596168116.1990457,351.58181709299555,1.3432283689716387,0
1596168116.2090456,353.3823732758569,1.3432283689716387,0
1596168116.2190456,355.18219989786616,1.3432283689716387,0
1596168116.2290456,356.9816402817773,1.3432283689716387,0
1596168116.2390456,358.7841705704736,1.3432283689716387,0
1596168116.2458348,360,1.3432283689716387,1
1596168116.2458348,0,0,0
1596168116.2558348,1.8008136749267578,0,0
1596168116.2658348,3.601498603820801,0,0
1596168116.2758348,5.403428077697754,0,0
1596168116.2858348,7.202825546264648,0,0
1596168116.2958348,9.003424644470215,0,0
1596168116.3058348,10.80080509185791,0,0
1596168116.3158348,12.60256290435791,0,0
1596168116.3258348,14.401230812072754,0,0
1596168116.3358347,16.201143264770508,0,0
1596168116.3458347,18.003416061401367,0,0
1596168116.3558347,19.803543090820312,0,0
1596168116.3658347,21.601996421813965,0,0
1596168116.3758347,23.400020599365234,0,0
1596168116.3858347,25.20310878753662,0,0
1596168116.3958347,27.002077102661133,0,0
1596168116.4058347,28.800058364868164,0,0
1596168116.4158347,30.600357055664062,0,0
1596168116.4258347,32.40095615386963,0,0
1596168116.4358346,34.20138359069824,0,0
1596168116.4458346,36.00116729736328,0,0
1596168116.4473703,36.27638339996338,0,0
1596168116.4473703,36.27638339996338,0,0
1596168116.4558346,37.80168056488037,0,0
1596168116.4658346,39.602322578430176,0,0
1596168116.4758346,41.402835845947266,0,0
1596168116.4858346,43.200387954711914,0,0
1596168116.4958346,45.00180244445801,0,0
1596168116.5058346,46.80077075958252,0,0
1596168116.5158346,48.60355854034424,0,0
1596168116.5258346,50.403170585632324,0,0
1596168116.5358346,52.2035551071167,0,0
1596168116.5458345,54.00230884552002,0,0
1596168116.5558345,55.80080509185791,0,0
1596168116.5658345,57.60153293609619,0,0
1596168116.5758345,59.402732849121094,0,0
1596168116.5858345,61.20333194732666,0,0
1596168116.5958345,63.00011157989502,0,0
1596168116.6058345,64.8011827468872,0,0
1596168116.6062417,64.87323760986328,0,0
1596168116.6062417,64.87323760986328,0,0
1596168116.6158345,66.60006523132324,0,0
1596168116.6258345,68.40272426605225,0,0
1596168116.6358345,70.20143508911133,0,0
1596168116.6458344,72.00169086456299,0,0
1596168116.6558344,73.80340576171875,0,0
1596168116.6658344,75.60168743133545,0,0
1596168116.6758344,77.40155696868896,0,0
1596168116.6858344,79.20039653778076,0,0
1596168116.6958344,81.00322723388672,0,0
1596168116.7058344,82.8019380569458,0,0
1596168116.7158344,84.60107803344727,0,0
1596168116.7258344,86.40227794647217,0,0
1596168116.7358344,88.20304870605469,0,0
1596168116.7458344,90.00218868255615,0,0
1596168116.7558343,91.80295944213867,0,0
1596168116.7658343,93.60162734985352,0,0
1596168116.7758343,95.40128231048584,0,0
1596168116.7858343,97.20132350921631,0,0
1596168116.7958343,99.00059223175049,0,0
1596168116.8058343,100.80024719238281,0,0
1596168116.8158343,102.601318359375,0,0
1596168116.8258343,104.40020084381104,0,0
1596168116.8358343,106.20273113250732,0,0
1596168116.8458343,108.00204277038574,0,0
1596168116.8558342,109.8028564453125,0,0
1596168116.8658342,111.59989356994629,0,0
1596168116.8758342,113.40225219726562,0,0
1596168116.8858342,115.2006196975708,0,0
1596168116.8958342,117.0000171661377,0,0
1596168116.9058342,118.80113124847412,0,0
1596168116.9158342,120.60340404510498,0,0
1596168116.9258342,122.40194320678711,0,0
1596168116.9358342,124.20331478118896,0,0
1596168116.9458342,126.0025405883789,0,0
1596168116.9558342,127.80331134796143,0,0
1596168116.9658341,129.60215091705322,0,0
1596168116.9758341,131.4032220840454,0,0
1596168116.9858341,133.2029628753662,0,0
1596168116.995834,135.000901222229,0,0
1596168117.005834,136.80240154266357,0,0
1596168117.015834,138.60235691070557,0,0
1596168117.025834,140.40119647979736,0,0
1596168117.0313718,141.39666080474854,0,0
1596168117.0313718,141.39666080474854,0,0
1596168117.035834,142.20046520233154,0,0
1596168117.045834,144.0020513534546,0,0
1596168117.055834,145.80114841461182,0,0
1596168117.065834,147.60320663452148,0,0
1596168117.075834,149.40294742584229,0,0
1596168117.085834,151.20084285736084,0,0
1596168117.095834,153.00114154815674,0,0
1596168117.105834,154.80345726013184,0,0
1596168117.115834,156.60006523132324,0,0
1596168117.1202507,157.3948574066162,0,0
1596168117.1202507,157.3948574066162,0,0
1596168117.125834,158.40341091156006,0,0
1596168117.135834,160.20100593566895,0,0
1596168117.145834,162.00164794921875,0,0
1596168117.155834,163.80181789398193,0,0
1596168117.165834,165.60340404510498,0,0
1596168117.175834,167.4023723602295,0,0
1596168117.185834,169.2007827758789,0,0
1596168117.195834,171.00305557250977,0,0
1596168117.205834,172.80232429504395,0,0
1596168117.215834,174.60017681121826,0,0
1596168117.225834,176.4021921157837,0,0
1596168117.235834,178.2013750076294,0,0
1596168117.2458339,180.00248908996582,0,0
1596168117.2558339,181.80038452148438,0,0
1596168117.2658339,183.6031723022461,0,0
1596168117.2758338,185.40338516235352,0,0
1596168117.2858338,187.20183849334717,0,0
1596168117.2958338,189.00312423706055,0,0
1596168117.3058338,190.80106258392334,0,0
1596168117.3158338,192.59990215301514,0,0
1596168117.3258338,194.40131664276123,0,0
1596168117.3358338,196.2028169631958,0,0
1596168117.3458338,198.0005407333374,0,0
1596168117.3558338,199.80148315429688,0,0
1596168117.3658338,201.60100936889648,0,0
1596168117.3758337,203.40130805969238,0,0
1596168117.3858337,205.20315170288086,0,0
1596168117.3958337,207.00280666351318,0,0
1596168117.4058337,208.79984378814697,0,0
1596168117.4158337,210.60155868530273,0,0
1596168117.4258337,212.40155696868896,0,0
1596168117.4358337,214.2033576965332,0,0
1596168117.4458337,216.00026607513428,0,0
1596168117.4558337,217.8024959564209,0,0
1596168117.4658337,219.60197925567627,0,0
1596168117.4758337,221.40133380889893,0,0
1596168117.4858336,223.2013750076294,0,0
1596168117.4958336,225.00296115875244,0,0
1596168117.5058336,226.8014144897461,0,0
1596168117.5158336,228.6001682281494,0,0
1596168117.5258336,230.40342807769775,0,0
1596168117.5358336,232.20192432403564,0,0
1596168117.5458336,234.00265216827393,0,0
1596168117.5558336,235.80097675323486,0,0
1596168117.5658336,237.60251998901367,0,0
1596168117.5758336,239.401273727417,0,0
1596168117.5858335,241.20328903198242,0,0
1596168117.5958335,243.0027723312378,0,0
1596168117.6058335,244.8026418685913,0,0
1596168117.6158335,246.60221099853516,0,0
1596168117.6258335,248.40083599090576,0,0
1596168117.6358335,250.20036220550537,0,0
1596168117.6458335,252.0014762878418,0,0
1596168117.6558335,253.80125999450684,0,0
1596168117.6658335,255.60155868530273,0,0
1596168117.6758335,257.39996910095215,0,0
1596168117.6858335,259.2003107070923,0,0
1596168117.6958334,261.0012102127075,0,0
1596168117.7058334,262.80232429504395,0,0
1596168117.7158334,264.601035118103,0,0
1596168117.7258334,266.4026212692261,0,0
1596168117.7358334,268.20141792297363,0,0
1596168117.7458334,270.0022315979004,0,0
1596168117.7558334,271.80317401885986,0,0
1596168117.7658334,273.6027431488037,0,0
1596168117.7758334,275.40149688720703,0,0
1596168117.7858334,277.20136642456055,0,0
1596168117.7958333,279.00333881378174,0,0
1596168117.8058333,280.8024787902832,0,0
1596168117.8158333,282.6011037826538,0,0
1596168117.8258333,284.4024324417114,0,0
1596168117.8358333,286.2010145187378,0,0
1596168117.8458333,288.00169944763184,0,0
1596168117.8558333,289.8013973236084,0,0
1596168117.8658333,291.6010093688965,0,0
1596168117.8758333,293.4005355834961,0,0
1596168117.8858333,295.2006196975708,0,0
1596168117.8958333,297.00207710266113,0,0
1596168117.9058332,298.801474571228,0,0
1596168117.9158332,300.602331161499,0,0
1596168117.9258332,302.3997974395752,0,0
1596168117.9278648,302.7653932571411,0,0
1596168117.9278648,302.7653932571411,0,0
1596168117.9358332,304.2027997970581,0,0
1596168117.9458332,306.0010814666748,0,0
1596168117.9558332,307.8020668029785,0,0
1596168117.9658332,309.60137844085693,0,0
1596168117.9758332,311.39991760253906,0,0
1596168117.9858332,313.20000171661377,0,0
1596168117.9958332,315.00308990478516,0,0
1596168118.0058331,316.8012857437134,0,0
1596168118.0158331,318.599910736084,0,0
1596168118.0258331,320.4024839401245,0,0
1596168118.0358331,322.20046520233154,0,0
1596168118.045833,324.0026092529297,0,0
1596168118.055833,325.8016633987427,0,0
1596168118.065833,327.60058879852295,0,0
1596168118.075833,329.4023895263672,0,0
1596168118.085833,331.20062828063965,0,0
1596168118.095833,333.0017423629761,0,0
1596168118.105833,334.800968170166,0,0
1596168118.115833,336.6001081466675,0,0
1596168118.125833,338.4019088745117,0,0
1596168118.135833,340.20100593566895,0,0
1596168118.145833,342.0016050338745,0,0
1596168118.155833,343.8017749786377,0,0
1596168118.165833,345.59967041015625,0,0
1596168118.175833,347.40121364593506,0,0
1596168118.185833,349.20095443725586,0,0
1596168118.195833,351.0022830963135,0,0
1596168118.205833,352.80099391937256,0,0
1596168118.215833,354.6027088165283,0,0
1596168118.225833,356.4016342163086,0,0
1596168118.235833,358.2021903991699,0,0
1596168118.2458496,360,0,1
1596168118.2458496,0,0,0
1596168118.2558496,247.64815364281205,1.3658226084929852,0
1596168118.2658496,249.45068393150834,1.3658226084929852,0
1596168118.2758496,251.24832187096146,1.3658226084929852,0
1596168118.2858496,253.0501225988057,1.3658226084929852,0
1596168118.2958496,254.8506358663228,1.3658226084929852,0
1596168118.3058496,256.6498616735127,1.3658226084929852,0
1596168118.3158495,258.4497312108662,1.3658226084929852,0
1596168118.3258495,260.24960074821973,1.3658226084929852,0
1596168118.3358495,262.05045733849073,1.3658226084929852,0
1596168118.3458495,263.85144267479444,1.3658226084929852,0
1596168118.3558495,265.6488660375264,1.3658226084929852,0
1596168118.3658495,267.4509671727803,1.3658226084929852,0
1596168118.3758495,269.24967799583936,1.3658226084929852,0
1596168118.3858495,271.04997668663526,1.3658226084929852,0
1596168118.3958495,272.84924540916944,1.3658226084929852,0
1596168118.4058495,274.6510890523579,1.3658226084929852,0
1596168118.4158494,276.4486840764668,1.3658226084929852,0
1596168118.4258494,278.24838195244337,1.3658226084929852,0
1596168118.4358494,280.05134139458204,1.3658226084929852,0
1596168118.4458494,281.84829268852735,1.3658226084929852,0
1596168118.4558494,283.6488488713887,1.3658226084929852,0
1596168118.4658494,285.44979129234815,1.3658226084929852,0
1596168118.4758494,287.24961791435743,1.3658226084929852,0
1596168118.4858494,289.05073199669386,1.3658226084929852,0
1596168118.4958494,290.84854159752393,1.3658226084929852,0
1596168118.5058494,292.6509431401875,1.3658226084929852,0
1596168118.5158494,294.45064101616407,1.3658226084929852,0
1596168118.5258493,296.2499526540425,1.3658226084929852,0
1596168118.5358493,298.0503800908711,1.3658226084929852,0
1596168118.5458493,299.8481038610127,1.3658226084929852,0
1596168118.5558493,301.64921794334913,1.3658226084929852,0
1596168118.5658493,303.4502891103413,1.3658226084929852,0
1596168118.5758493,305.24904284874464,1.3658226084929852,0
1596168118.5858493,307.04934153954053,1.3658226084929852,0
1596168118.5958493,308.8495114843037,1.3658226084929852,0
1596168118.6058493,310.6488660375264,1.3658226084929852,0
1596168118.6158493,312.45002303520704,1.3658226084929852,0
1596168118.6258492,314.2484763662007,1.3658226084929852,0
1596168118.6358492,316.04971919456983,1.3658226084929852,0
1596168118.6458492,317.8487304250386,1.3658226084929852,0
1596168118.6558492,319.6490291158345,1.3658226084929852,0
1596168118.6658492,321.44997153679395,1.3658226084929852,0
1596168118.6758492,323.2481673757222,1.3658226084929852,0
1596168118.6858492,325.05061183373,1.3658226084929852,0
1596168118.6958492,326.8507817784932,1.3658226084929852,0
1596168118.7058492,328.6503079930928,1.3658226084929852,0
1596168118.7158492,330.4495338002827,1.3658226084929852,0
1596168118.7258492,332.2501758138325,1.3658226084929852,0
1596168118.7358491,334.04850039879346,1.3658226084929852,0
1596168118.7458491,335.84798369804884,1.3658226084929852,0
1596168118.7558491,337.6505998174336,1.3658226084929852,0
1596168118.765849,339.450083116689,1.3658226084929852,0
1596168118.775849,341.2505534688618,1.3658226084929852,0
1596168118.785849,343.05132422844434,1.3658226084929852,0
1596168118.795849,344.84917674461866,1.3658226084929852,0
1596168118.805849,346.6505483190205,1.3658226084929852,0
1596168118.815849,348.4500745336201,1.3658226084929852,0
1596168118.825849,350.2482274572041,1.3658226084929852,0
1596168118.835849,352.0490840474751,1.3658226084929852,0
1596168118.845849,353.84955439964796,1.3658226084929852,0
1596168118.855849,355.6506684819844,1.3658226084929852,0
1596168118.865849,357.4485209981587,1.3658226084929852,0
1596168118.875849,359.2510942021992,1.3658226084929852,0
1596168118.880046,360,1.3658226084929852,1
1596168118.880046,0,0,0
1596168118.890046,1.8025732040405273,0,0
1596168118.9000459,3.602571487426758,0,0
1596168118.9100459,5.401582717895508,0,0
1596168118.9200459,7.2025251388549805,0,0
1596168118.9300458,9.002437591552734,0,0
1596168118.9400458,10.803251266479492,0,0
1596168118.9500458,12.602734565734863,0,0
1596168118.9600458,14.40281867980957,0,0
1596168118.9700458,16.20311737060547,0,0
1596168118.9800458,18.001656532287598,0,0
1596168118.9900458,19.802212715148926,0,0
1596168119.0000458,21.60212516784668,0,0
1596168119.0100458,23.403196334838867,0,0
1596168119.0200458,25.201478004455566,0,0
1596168119.0300457,27.00310707092285,0,0
1596168119.0304809,27.07829475402832,0,0
1596168119.0304809,27.07829475402832,0,0
1596168119.0400457,28.802075386047363,0,0
1596168119.0500457,30.601558685302734,0,0
1596168119.0600457,32.40275859832764,0,0
1596168119.0700457,34.200825691223145,0,0
1596168119.0800457,36.00168228149414,0,0
1596168119.0900457,37.80219554901123,0,0
1596168119.1000457,39.60266590118408,0,0
1596168119.1100457,41.40116214752197,0,0
1596168119.1200457,43.20219039916992,0,0
1596168119.1300457,45.00205993652344,0,0
1596168119.1400456,46.80197238922119,0,0
1596168119.1500456,48.60209941864014,0,0
1596168119.1600456,50.4032564163208,0,0
1596168119.1700456,52.20329761505127,0,0
1596168119.1800456,54.001450538635254,0,0
1596168119.1900456,55.80097675323486,0,0
1596168119.2000456,57.602949142456055,0,0
1596168119.2100456,59.40062999725342,0,0
1596168119.2200456,61.200714111328125,0,0
1596168119.2300456,63.00152778625488,0,0
1596168119.2400455,64.8017406463623,0,0
1596168119.2500455,66.60161018371582,0,0
1596168119.2600455,68.40165138244629,0,0
1596168119.2700455,70.20212173461914,0,0
1596168119.2800455,72.00018882751465,0,0
1596168119.2900455,73.80241870880127,0,0
1596168119.3000455,75.60284614562988,0,0
1596168119.3100455,77.40121364593506,0,0
1596168119.3200455,79.20172691345215,0,0
1596168119.3300455,81.00069522857666,0,0
1596168119.3400455,82.80030727386475,0,0
1596168119.3500454,84.60107803344727,0,0
1596168119.3600454,86.4010763168335,0,0
1596168119.3700454,88.2026195526123,0,0
1596168119.3800454,90.00064373016357,0,0
1596168119.3900454,91.80111408233643,0,0
1596168119.4000454,93.60025405883789,0,0
1596168119.4100454,95.40016651153564,0,0
1596168119.4200454,97.20012187957764,0,0
1596168119.4300454,99.00007724761963,0,0
1596168119.4400454,100.80114841461182,0,0
1596168119.4500453,102.60088920593262,0,0
1596168119.4600453,104.40075874328613,0,0
1596168119.4700453,106.20221614837646,0,0
1596168119.4800453,108.00174236297607,0,0
1596168119.4900453,109.80294227600098,0,0
1596168119.5000453,111.60109519958496,0,0
1596168119.5100453,113.40173721313477,0,0
1596168119.5200453,115.20302295684814,0,0
1596168119.5300453,117.00074672698975,0,0
1596168119.5400453,118.80254745483398,0,0
1596168119.5500453,120.60250282287598,0,0
1596168119.5600452,122.40310192108154,0,0
1596168119.5700452,124.2007827758789,0,0
1596168119.5800452,126.00048065185547,0,0
1596168119.5900452,127.80043601989746,0,0
1596168119.5981007,129.24985885620117,0,0
1596168119.5981007,129.24985885620117,0,0
1596168119.6000452,129.60129261016846,0,0
1596168119.6100452,131.4034366607666,0,0
1596168119.6200452,133.2024049758911,0,0
1596168119.6300452,135.00339031219482,0,0
1596168119.6400452,136.80089950561523,0,0
1596168119.6500452,138.6011552810669,0,0
1596168119.6600451,140.4004669189453,0,0
1596168119.6700451,142.2018814086914,0,0
1596168119.6800451,144.00145053863525,0,0
1596168119.690045,145.80162048339844,0,0
1596168119.700045,147.60307788848877,0,0
1596168119.710045,149.40062999725342,0,0
1596168119.720045,151.2019157409668,0,0
1596168119.730045,153.00337314605713,0,0
1596168119.740045,154.8006248474121,0,0
1596168119.750045,156.60319805145264,0,0
1596168119.760045,158.39989185333252,0,0
1596168119.770045,160.20053386688232,0,0
1596168119.780045,162.0021629333496,0,0
1596168119.790045,163.80053043365479,0,0
1596168119.800045,165.60112953186035,0,0
1596168119.810045,167.40224361419678,0,0
1596168119.820045,169.20172691345215,0,0
1596168119.830045,171.00133895874023,0,0
1596168119.840045,172.80288219451904,0,0
1596168119.850045,174.60343837738037,0,0
1596168119.860045,176.4028787612915,0,0
1596168119.870045,178.20128917694092,0,0
1596168119.880045,180.0021457672119,0,0
1596168119.890045,181.8009853363037,0,0
1596168119.900045,183.60338687896729,0,0
1596168119.910045,185.4005527496338,0,0
1596168119.920045,187.2027826309204,0,0
1596168119.9282103,188.66958618164062,0,0
1596168119.9282103,188.66958618164062,0,0
1596168119.930045,189.00007724761963,0,0
1596168119.9400449,190.80020427703857,0,0
1596168119.9500449,192.59994506835938,0,0
1596168119.9600449,194.40260410308838,0,0
1596168119.9700449,196.20105743408203,0,0
1596168119.9800448,198.00264358520508,0,0
1596168119.9900448,199.80294227600098,0,0
1596168120.0000448,201.60212516784668,0,0
1596168120.0100448,203.40075016021729,0,0
1596168120.0200448,205.20302295684814,0,0
1596168120.0300448,207.0005750656128,0,0
1596168120.0400448,208.7999725341797,0,0
1596168120.0500448,210.6000566482544,0,0
1596168120.0600448,212.40018367767334,0,0
1596168120.0700448,214.2012119293213,0,0
1596168120.0800447,216.00090980529785,0,0
1596168120.0900447,217.80245304107666,0,0
1596168120.1000447,219.60159301757812,0,0
1596168120.1100447,221.40026092529297,0,0
1596168120.1200447,223.2010316848755,0,0
1596168120.1300447,225.0029182434082,0,0
1596168120.1400447,226.80313110351562,0,0
1596168120.1500447,228.60076904296875,0,0
1596168120.1600447,230.40085315704346,0,0
1596168120.1700447,232.20166683197021,0,0
1596168120.1800447,234.0027379989624,0,0
1596168120.1900446,235.80243587493896,0,0
1596168120.2000446,237.60084629058838,0,0
1596168120.2100446,239.4010591506958,0,0
1596168120.2200446,241.2015724182129,0,0
1596168120.2300446,243.00281524658203,0,0
1596168120.2400446,244.80302810668945,0,0
1596168120.2500446,246.6011381149292,0,0
1596168120.2600446,248.3997631072998,0,0
1596168120.2700446,250.20289421081543,0,0
1596168120.2800446,252.00083255767822,0,0
1596168120.2900445,253.80310535430908,0,0
1596168120.3000445,255.6026315689087,0,0
1596168120.3100445,257.4011707305908,0,0
1596168120.3200445,259.20228481292725,0,0
1596168120.3300445,261.0015106201172,0,0
1596168120.3400445,262.8000068664551,0,0
1596168120.3500445,264.6003484725952,0,0
1596168120.3600445,266.402063369751,0,0
1596168120.3700445,268.2033920288086,0,0
1596168120.3800445,270.000901222229,0,0
1596168120.3900445,271.8029594421387,0,0
1596168120.4000444,273.6011552810669,0,0
1596168120.4100444,275.40231227874756,0,0
1596168120.4200444,277.2011947631836,0,0
1596168120.4300444,279.0032958984375,0,0
1596168120.4400444,280.803165435791,0,0
1596168120.4500444,282.6028633117676,0,0
1596168120.4600444,284.4008445739746,0,0
1596168120.4700444,286.19985580444336,0,0
1596168120.4800444,288.0023002624512,0,0
1596168120.4900444,289.8022127151489,0,0
1596168120.49708,291.0661554336548,0,0
1596168120.49708,291.0661554336548,0,0
1596168120.5000443,291.60255432128906,0,0
1596168120.5100443,293.4003210067749,0,0
1596168120.5200443,295.20001888275146,0,0
1596168120.5300443,297.0001029968262,0,0
1596168120.5400443,298.80241870880127,0,0
1596168120.5500443,300.60293197631836,0,0
1596168120.5600443,302.403359413147,0,0
1596168120.5700443,304.20172691345215,0,0
1596168120.5800443,306.0006523132324,0,0
1596168120.5900443,307.80279636383057,0,0
1596168120.6000443,309.60004806518555,0,0
1596168120.6100442,311.4005184173584,0,0
1596168120.6200442,313.200044631958,0,0
1596168120.6300442,315.0021028518677,0,0
1596168120.6400442,316.8021011352539,0,0
1596168120.6500442,318.6020565032959,0,0
1596168120.6600442,320.399866104126,0,0
1596168120.6700442,322.2019672393799,0,0
1596168120.6800442,324.0027379989624,0,0
1596168120.6900442,325.802264213562,0,0
1596168120.7000442,327.60114669799805,0,0
1596168120.7100441,329.40045833587646,0,0
1596168120.7200441,331.2029457092285,0,0
1596168120.7300441,333.00281524658203,0,0
1596168120.740044,334.8004102706909,0,0
1596168120.750044,336.6025114059448,0,0
1596168120.760044,338.40113639831543,0,0
1596168120.770044,340.20057678222656,0,0
1596168120.780044,342.0017337799072,0,0
1596168120.790044,343.8019037246704,0,0
1596168120.800044,345.60215950012207,0,0
1596168120.810044,347.3997974395752,0,0
1596168120.820044,349.2032718658447,0,0
1596168120.830044,351.0028409957886,0,0
1596168120.840044,352.8000497817993,0,0
1596168120.850044,354.60163593292236,0,0
1596168120.860044,356.40305042266846,0,0
1596168120.870044,358.1997871398926,0,0
1596168120.880064,360,0,1
1596168120.880064,0,0,0
1596168120.890064,224.33585869064248,1.2362919773652772,0
1596168120.900064,226.1343978523246,1.2362919773652772,0
1596168120.910064,227.93551193466104,1.2362919773652772,0
1596168120.920064,229.73516689529336,1.2362919773652772,0
1596168120.930064,231.53580890884317,1.2362919773652772,0
1596168120.940064,233.33280311813272,1.2362919773652772,0
1596168120.950064,235.13563381423867,1.2362919773652772,0
1596168120.960064,236.9338296531669,1.2362919773652772,0
1596168120.970064,238.73511539688027,1.2362919773652772,0
1596168120.980064,240.5356715797416,1.2362919773652772,0
1596168120.990064,242.3338245033256,1.2362919773652772,0
1596168121.000064,244.13266407241738,1.2362919773652772,0
1596168121.010064,245.9338639854423,1.2362919773652772,0
1596168121.0200639,247.7349780677787,1.2362919773652772,0
1596168121.0300639,249.53544841995156,1.2362919773652772,0
1596168121.0400639,251.33570419540322,1.2362919773652772,0
1596168121.0500638,253.13424335708535,1.2362919773652772,0
1596168121.0600638,254.93552910079873,1.2362919773652772,0
1596168121.0700638,256.7350124000541,1.2362919773652772,0
1596168121.0800638,258.5350106834403,1.2362919773652772,0
1596168121.0900638,260.3357814430228,1.2362919773652772,0
1596168121.1000638,262.1351789115897,1.2362919773652772,0
1596168121.1100638,263.93496261825476,1.2362919773652772,0
1596168121.1200638,265.73534713973913,1.2362919773652772,0
1596168121.1300638,267.5346158622733,1.2362919773652772,0
1596168121.1400638,269.3355582832328,1.2362919773652772,0
1596168121.1500638,271.1346124290458,1.2362919773652772,0
1596168121.1600637,272.9334949134818,1.2362919773652772,0
1596168121.1700637,274.7340081809989,1.2362919773652772,0
1596168121.1800637,276.53259025802527,1.2362919773652772,0
1596168121.1900637,278.3332751869193,1.2362919773652772,0
1596168121.2000637,280.1328014015189,1.2362919773652772,0
1596168121.2100637,281.9343446372977,1.2362919773652772,0
1596168121.2200637,283.7333558677665,1.2362919773652772,0
1596168121.2300637,285.534126627349,1.2362919773652772,0
1596168121.2400637,287.3353265403739,1.2362919773652772,0
1596168121.2500637,289.13335071792517,1.2362919773652772,0
1596168121.2600636,290.9354518531791,1.2362919773652772,0
1596168121.2700636,292.73381935348425,1.2362919773652772,0
1596168121.2800636,294.5357488273612,1.2362919773652772,0
1596168121.2900636,296.3355754493705,1.2362919773652772,0
1596168121.3000636,298.1335567115775,1.2362919773652772,0
1596168121.3100636,299.93514286270056,1.2362919773652772,0
1596168121.3200636,301.73509823074255,1.2362919773652772,0
1596168121.3300636,303.5335515617362,1.2362919773652772,0
1596168121.3400636,305.3335927604667,1.2362919773652772,0
1596168121.3500636,307.13466392745886,1.2362919773652772,0
1596168121.3600636,308.9342330574027,1.2362919773652772,0
1596168121.3700635,310.73444591751013,1.2362919773652772,0
1596168121.3800635,312.5352595924369,1.2362919773652772,0
1596168121.3900635,314.3335841773978,1.2362919773652772,0
1596168121.4000635,316.1327241538993,1.2362919773652772,0
1596168121.4100635,317.9352973579398,1.2362919773652772,0
1596168121.4200635,319.7333215354911,1.2362919773652772,0
1596168121.4300635,321.53259025802527,1.2362919773652772,0
1596168121.4400635,323.33310352554236,1.2362919773652772,0
1596168121.4500635,325.13550506820593,1.2362919773652772,0
1596168121.4600635,326.93357216110144,1.2362919773652772,0
1596168121.4700634,328.73301254501257,1.2362919773652772,0
1596168121.4800634,330.5356715797416,1.2362919773652772,0
1596168121.4900634,332.3324941276542,1.2362919773652772,0
1596168121.5000634,334.1343806861869,1.2362919773652772,0
1596168121.5100634,335.9352801918021,1.2362919773652772,0
1596168121.5200634,337.7345489143363,1.2362919773652772,0
1596168121.5300634,339.53446136703406,1.2362919773652772,0
1596168121.5400634,341.3352750419608,1.2362919773652772,0
1596168121.5500634,343.1355737327567,1.2362919773652772,0
1596168121.5600634,344.9352716087333,1.2362919773652772,0
1596168121.5700634,346.735355722808,1.2362919773652772,0
1596168121.5800633,348.5354827522269,1.2362919773652772,0
1596168121.5900633,350.3339789985648,1.2362919773652772,0
1596168121.5984495,351.84193836440954,1.2362919773652772,0
1596168121.5984495,351.84193836440954,1.2362919773652772,0
1596168121.6000633,352.13543640365515,1.2362919773652772,0
1596168121.6100633,353.93440471877966,1.2362919773652772,0
1596168121.6200633,355.73581920852575,1.2362919773652772,0
1596168121.6300633,357.5358604072562,1.2362919773652772,0
1596168121.6400633,359.33397041549597,1.2362919773652772,0
1596168121.6437805,360,1.2362919773652772,1
1596168121.6437805,0,0,0
1596168121.6537805,124.89851835301563,0.6838611167300104,0
1596168121.6637805,126.69521215489551,0.6838611167300104,0
1596168121.6737804,128.49572542241262,0.6838611167300104,0
1596168121.6837804,130.2972257428472,0.6838611167300104,0
1596168121.6937804,132.09610822728322,0.6838611167300104,0
1596168121.7037804,133.8964927487676,0.6838611167300104,0
1596168121.7137804,135.69855096867727,0.6838611167300104,0
1596168121.7237804,137.49511602452444,0.6838611167300104,0
1596168121.7337804,139.2970454984014,0.6838611167300104,0
1596168121.7437804,141.09515550664113,0.6838611167300104,0
1596168121.7537804,142.89622667363332,0.6838611167300104,0
1596168121.7637804,144.69832780888723,0.6838611167300104,0
1596168121.7737803,146.4975965314214,0.6838611167300104,0
1596168121.7837803,148.29858186772512,0.6838611167300104,0
1596168121.7937803,150.0971639447515,0.6838611167300104,0
1596168121.8037803,151.89497354558156,0.6838611167300104,0
1596168121.8137803,153.6962163739507,0.6838611167300104,0
1596168121.8237803,155.49724462559865,0.6838611167300104,0
1596168121.8337803,157.29822996190236,0.6838611167300104,0
1596168121.8437803,159.09839990666555,0.6838611167300104,0
1596168121.8537803,160.8968532376592,0.6838611167300104,0
1596168121.8637803,162.69642236760305,0.6838611167300104,0
1596168121.8737803,164.49852350285695,0.6838611167300104,0
1596168121.8837802,166.29513147404836,0.6838611167300104,0
1596168121.8937802,168.0967176251714,0.6838611167300104,0
1596168121.9037802,169.89731672337697,0.6838611167300104,0
1596168121.9137802,171.6973150067632,0.6838611167300104,0
1596168121.9237802,173.495253353626,0.6838611167300104,0
1596168121.9337802,175.2958953671758,0.6838611167300104,0
1596168121.9437802,177.0955074124639,0.6838611167300104,0
1596168121.9537802,178.8955915265386,0.6838611167300104,0
1596168121.9637802,180.69524648717092,0.6838611167300104,0
1596168121.9737802,182.49636056950735,0.6838611167300104,0
1596168121.9837801,184.29653051427053,0.6838611167300104,0
1596168121.9937801,186.09674337437795,0.6838611167300104,0
1596168122.0037801,187.89759996464895,0.6838611167300104,0
1596168122.01378,189.69635370305227,0.6838611167300104,0
1596168122.02378,191.49639490178274,0.6838611167300104,0
1596168122.03378,193.29570653966115,0.6838611167300104,0
1596168122.04378,195.09682062199758,0.6838611167300104,0
1596168122.05378,196.89673307469533,0.6838611167300104,0
1596168122.06378,198.69849088719533,0.6838611167300104,0
1596168122.07378,200.49698713353322,0.6838611167300104,0
1596168122.08378,202.29548337987111,0.6838611167300104,0
1596168122.09378,204.09535291722463,0.6838611167300104,0
1596168122.10378,205.89668157628225,0.6838611167300104,0
1596168122.11378,207.6959073834722,0.6838611167300104,0
1596168122.12378,209.49809434941457,0.6838611167300104,0
1596168122.13378,211.2968480878179,0.6838611167300104,0
1596168122.14378,213.09585931828664,0.6838611167300104,0
1596168122.15378,214.89697340062307,0.6838611167300104,0
1596168122.16378,216.69645669987844,0.6838611167300104,0
1596168122.17378,218.49606874516653,0.6838611167300104,0
1596168122.18378,220.29696825078176,0.6838611167300104,0
1596168122.19378,222.09851148656057,0.6838611167300104,0
1596168122.20378,223.89700773289846,0.6838611167300104,0
1596168122.21378,225.6969201855962,0.6838611167300104,0
1596168122.22378,227.4979913525884,0.6838611167300104,0
1596168122.23378,229.29803255131887,0.6838611167300104,0
1596168122.24378,231.09618547490285,0.6838611167300104,0
1596168122.25378,232.89794328740285,0.6838611167300104,0
1596168122.2637799,234.69789865544485,0.6838611167300104,0
1596168122.2737799,236.49587991765188,0.6838611167300104,0
1596168122.2837799,238.29510572484182,0.6838611167300104,0
1596168122.2937799,240.0969493680303,0.6838611167300104,0
1596168122.3037798,241.89694765141653,0.6838611167300104,0
1596168122.3137798,243.69630220463918,0.6838611167300104,0
1596168122.3237798,245.49625757268117,0.6838611167300104,0
1596168122.3337798,247.29634168675588,0.6838611167300104,0
1596168122.3437798,249.09702661564992,0.6838611167300104,0
1596168122.3537798,250.8962953381841,0.6838611167300104,0
1596168122.3637798,252.69796731999563,0.6838611167300104,0
1596168122.3737798,254.4961202435796,0.6838611167300104,0
1596168122.3837798,256.29684808781786,0.6838611167300104,0
1596168122.3937798,258.0972755246465,0.6838611167300104,0
1596168122.4037797,259.89577177098437,0.6838611167300104,0
1596168122.4137797,261.69607046178027,0.6838611167300104,0
1596168122.4237797,263.49825742772265,0.6838611167300104,0
1596168122.4337797,265.2971828275029,0.6838611167300104,0
1596168122.4437797,267.0961940579717,0.6838611167300104,0
1596168122.4537797,268.8972223096196,0.6838611167300104,0
1596168122.4637797,270.69700601628466,0.6838611167300104,0
1596168122.4737797,272.4956739239995,0.6838611167300104,0
1596168122.4837797,274.2979038052861,0.6838611167300104,0
1596168122.4937797,276.09833124211474,0.6838611167300104,0
1596168122.4972982,276.7281997495,0.6838611167300104,0
1596168122.4972982,276.7281997495,0.6838611167300104,0
1596168122.5037796,277.89562585881396,0.6838611167300104,0
1596168122.5137796,279.6970832639043,0.6838611167300104,0
1596168122.5237796,281.49609449437304,0.6838611167300104,0
1596168122.5337796,283.2981527142827,0.6838611167300104,0
1596168122.5437796,285.095275669605,0.6838611167300104,0
1596168122.5537796,286.89608934453173,0.6838611167300104,0
1596168122.5637796,288.6961305432622,0.6838611167300104,0
1596168122.5737796,290.49694421818896,0.6838611167300104,0
1596168122.5837796,292.2956979565923,0.6838611167300104,0
1596168122.5937796,294.0952670865361,0.6838611167300104,0
1596168122.6037796,295.89741113713427,0.6838611167300104,0
1596168122.6137795,297.6957357220952,0.6838611167300104,0
1596168122.6237795,299.4956052594487,0.6838611167300104,0
1596168122.6337795,301.29762056401415,0.6838611167300104,0
1596168122.6437795,303.09568765690966,0.6838611167300104,0
1596168122.6537795,304.8963725858037,0.6838611167300104,0
1596168122.6637795,306.6958558850591,0.6838611167300104,0
1596168122.6737795,308.49757078221484,0.6838611167300104,0
1596168122.6837795,310.2949083142583,0.6838611167300104,0
1596168122.6937795,312.09585073521777,0.6838611167300104,0
1596168122.7037795,313.89602067998095,0.6838611167300104,0
1596168122.7099378,315.0033223920171,0.6838611167300104,0
1596168122.7099378,315.0033223920171,0.6838611167300104,0
1596168122.7137794,315.6948173337285,0.6838611167300104,0
1596168122.7237794,317.4953306012456,0.6838611167300104,0
1596168122.7337794,319.2956292920415,0.6838611167300104,0
1596168122.7437794,321.09833124211474,0.6838611167300104,0
1596168122.7537794,322.89717081120654,0.6838611167300104,0
1596168122.7637794,324.69613912633105,0.6838611167300104,0
1596168122.7737794,326.4982831769292,0.6838611167300104,0
1596168122.7837794,328.2949769788091,0.6838611167300104,0
1596168122.7937794,330.09536150029345,0.6838611167300104,0
1596168122.8037794,331.89802053502245,0.6838611167300104,0
1596168122.8137794,333.6962592892949,0.6838611167300104,0
1596168122.8237793,335.49806001713915,0.6838611167300104,0
1596168122.8337793,337.2956979565923,0.6838611167300104,0
1596168122.8437793,339.0974986844365,0.6838611167300104,0
1596168122.8537793,340.89560869267626,0.6838611167300104,0
1596168122.8637793,342.6979673199956,0.6838611167300104,0
1596168122.8737793,344.4951331906621,0.6838611167300104,0
1596168122.8837793,346.2973201566045,0.6838611167300104,0
1596168122.8937793,348.0960738950078,0.6838611167300104,0
1596168122.9037793,349.89607217839404,0.6838611167300104,0
1596168122.9137793,351.69491174748583,0.6838611167300104,0
1596168122.9237792,353.49791410496874,0.6838611167300104,0
1596168122.9337792,355.29688242009325,0.6838611167300104,0
1596168122.9437792,357.0950782590215,0.6838611167300104,0
1596168122.9537792,358.8948190503423,0.6838611167300104,0
1596168122.9599197,360,0.6838611167300104,1
1596168122.9599197,0,0,0
1596168122.9699197,208.82398506199902,1.1501249152309136,0
1596168122.9799197,210.62282463109082,1.1501249152309136,0
1596168122.9899197,212.42458244359082,1.1501249152309136,0
1596168122.9999197,214.22428031956738,1.1501249152309136,0
1596168123.0099196,216.02329155003613,1.1501249152309136,0
1596168123.0199196,217.82573600804395,1.1501249152309136,0
1596168123.0299196,219.62358852421826,1.1501249152309136,0
1596168123.0399196,221.4257325748164,1.1501249152309136,0
1596168123.0499196,223.2236709216792,1.1501249152309136,0
1596168123.0599196,225.02590080296582,1.1501249152309136,0
1596168123.0699196,226.82431121861524,1.1501249152309136,0
1596168123.0799196,228.62499614750928,1.1501249152309136,0
1596168123.0899196,230.42366405522412,1.1501249152309136,0
1596168123.0999196,232.2246064761836,1.1501249152309136,0
1596168123.1099195,234.02451892888135,1.1501249152309136,0
1596168123.1199195,235.82400222813672,1.1501249152309136,0
1596168123.1299195,237.6250733951289,1.1501249152309136,0
1596168123.1399195,239.42562957799024,1.1501249152309136,0
1596168123.1499195,241.2238683322627,1.1501249152309136,0
1596168123.1599195,243.02523990666455,1.1501249152309136,0
1596168123.1699195,244.8255815128047,1.1501249152309136,0
1596168123.1799195,246.62540813481397,1.1501249152309136,0
1596168123.1899195,248.4248485187251,1.1501249152309136,0
1596168123.1999195,250.22446056401319,1.1501249152309136,0
1596168123.2099195,252.02368637120313,1.1501249152309136,0
1596168123.2199194,253.8228263477046,1.1501249152309136,0
1596168123.2299194,255.6250562289912,1.1501249152309136,0
1596168123.2399194,257.42411037480423,1.1501249152309136,0
1596168123.2499194,259.22243495976517,1.1501249152309136,0
1596168123.2599194,261.02359195744583,1.1501249152309136,0
1596168123.2699194,262.82277484929153,1.1501249152309136,0
1596168123.2799194,264.62363143956253,1.1501249152309136,0
1596168123.2899194,266.4232434848506,1.1501249152309136,0
1596168123.2999194,268.2249583820064,1.1501249152309136,0
1596168123.3099194,270.02422710454056,1.1501249152309136,0
1596168123.3199193,271.8250407794673,1.1501249152309136,0
1596168123.3299193,273.62482448613235,1.1501249152309136,0
1596168123.3399193,275.42289157902786,1.1501249152309136,0
1596168123.3499193,277.2256793597896,1.1501249152309136,0
1596168123.3599193,279.0250768283565,1.1501249152309136,0
1596168123.3699193,280.8257188419063,1.1501249152309136,0
1596168123.3799193,282.623828850146,1.1501249152309136,0
1596168123.3899193,284.4227542499263,1.1501249152309136,0
1596168123.3999193,286.2233962634761,1.1501249152309136,0
1596168123.4099193,288.0229224780757,1.1501249152309136,0
1596168123.4199193,289.82403656041214,1.1501249152309136,0
1596168123.4299192,291.6250648120601,1.1501249152309136,0
1596168123.4399192,293.42497726475784,1.1501249152309136,0
1596168123.4499192,295.2224006274898,1.1501249152309136,0
1596168123.4599192,297.02467342412064,1.1501249152309136,0
1596168123.4699192,298.82239719426224,1.1501249152309136,0
1596168123.4799192,300.6233396152217,1.1501249152309136,0
1596168123.4899192,302.42582698857376,1.1501249152309136,0
1596168123.4999192,304.22543903386185,1.1501249152309136,0
1596168123.5099192,306.02384944951126,1.1501249152309136,0
1596168123.5199192,307.82547851597855,1.1501249152309136,0
1596168123.5299191,309.62556263005325,1.1501249152309136,0
1596168123.5399191,311.42405887639114,1.1501249152309136,0
1596168123.5499191,313.2229842761714,1.1501249152309136,0
1596168123.559919,315.0234975436885,1.1501249152309136,0
1596168123.5650527,315.946434936877,1.1501249152309136,0
1596168123.5650527,315.946434936877,1.1501249152309136,0
1596168123.569919,316.8251266101558,1.1501249152309136,0
1596168123.579919,318.62460990941116,1.1501249152309136,0
1596168123.589919,320.42533775364944,1.1501249152309136,0
1596168123.599919,322.22306152379105,1.1501249152309136,0
1596168123.609919,324.0248622516353,1.1501249152309136,0
1596168123.619919,325.8256330112178,1.1501249152309136,0
1596168123.629919,327.62297054326126,1.1501249152309136,0
1596168123.639919,329.42301174199173,1.1501249152309136,0
1596168123.649919,331.22365375554153,1.1501249152309136,0
1596168123.659919,333.0223645786006,1.1501249152309136,0
1596168123.669919,334.8235644916255,1.1501249152309136,0
1596168123.679919,336.62300487553665,1.1501249152309136,0
1596168123.689919,338.42317482029983,1.1501249152309136,0
1596168123.699919,340.2229585269649,1.1501249152309136,0
1596168123.709919,342.02527423893997,1.1501249152309136,0
1596168123.719919,343.8226976016719,1.1501249152309136,0
1596168123.729919,345.62484165227005,1.1501249152309136,0
1596168123.739919,347.42514034306595,1.1501249152309136,0
1596168123.749919,349.22355075871536,1.1501249152309136,0
1596168123.7501712,349.2677535632808,1.1501249152309136,0
1596168123.7501712,349.2677535632808,1.1501249152309136,0
1596168123.759919,351.02239032780716,1.1501249152309136,0
1596168123.769919,352.8250922778804,1.1501249152309136,0
1596168123.779919,354.6227302173335,1.1501249152309136,0
1596168123.789919,356.42281433140823,1.1501249152309136,0
1596168123.799919,358.22517295872757,1.1501249152309136,0
1596168123.8098001,360,1.1501249152309136,1
1596168123.8098001,0,0,0
1596168123.8198001,234.53301516052494,1.2929502376183541,0
1596168123.8298001,236.3343867349268,1.2929502376183541,0
1596168123.8398001,238.13172426697025,1.2929502376183541,0
1596168123.8498,239.93125048156986,1.2929502376183541,0
1596168123.8598,241.73223581787357,1.2929502376183541,0
1596168123.8698,243.53433695312748,1.2929502376183541,0
1596168123.8798,245.3317603158594,1.2929502376183541,0
1596168123.8898,247.13403311249027,1.2929502376183541,0
1596168123.8998,248.93261518951664,1.2929502376183541,0
1596168123.9098,250.7336434411646,1.2929502376183541,0
1596168123.9198,252.53334131714115,1.2929502376183541,0
1596168123.9298,254.3321379708887,1.2929502376183541,0
1596168123.9398,256.13114920135746,1.2929502376183541,0
1596168123.9498,257.9322632836939,1.2929502376183541,0
1596168123.9598,259.73320570465336,1.2929502376183541,0
1596168123.9698,261.53114405151615,1.2929502376183541,0
1596168123.9798,263.33101358886967,1.2929502376183541,0
1596168123.9898,265.13375845428715,1.2929502376183541,0
1596168123.9998,266.9313105630518,1.2929502376183541,0
1596168124.0098,268.7340983438135,1.2929502376183541,0
1596168124.0198,270.5339249658228,1.2929502376183541,0
1596168124.0298,272.33315077301273,1.2929502376183541,0
1596168124.0398,274.13357820984135,1.2929502376183541,0
1596168124.0498,275.9330185937525,1.2929502376183541,0
1596168124.0598,277.73430433746586,1.2929502376183541,0
1596168124.0698,279.53292932983646,1.2929502376183541,0
1596168124.0798,281.33331385132084,1.2929502376183541,0
1596168124.0898,283.13249674316654,1.2929502376183541,0
1596168124.0997999,284.93361082550297,1.2929502376183541,0
1596168124.1097999,286.7312487649561,1.2929502376183541,0
1596168124.1197999,288.5325774240137,1.2929502376183541,0
1596168124.1297998,290.33124533172855,1.2929502376183541,0
1596168124.1397998,292.1334752130152,1.2929502376183541,0
1596168124.1497998,293.9315423059107,1.2929502376183541,0
1596168124.1597998,295.73214140411625,1.2929502376183541,0
1596168124.1697998,297.5334271478296,1.2929502376183541,0
1596168124.1797998,299.3335541772486,1.2929502376183541,0
1596168124.1897998,301.131063370669,1.2929502376183541,0
1596168124.1997998,302.93389406677494,1.2929502376183541,0
1596168124.2097998,304.7329482125879,1.2929502376183541,0
1596168124.2197998,306.5326460885645,1.2929502376183541,0
1596168124.2297997,308.33200064178715,1.2929502376183541,0
1596168124.2397997,310.133372216189,1.2929502376183541,0
1596168124.2497997,311.93315592285404,1.2929502376183541,0
1596168124.2597997,313.73233881469974,1.2929502376183541,0
1596168124.2697997,315.5318221139551,1.2929502376183541,0
1596168124.2797997,317.33147707458744,1.2929502376183541,0
1596168124.2897997,319.13323488708744,1.2929502376183541,0
1596168124.2997997,320.9316882180811,1.2929502376183541,0
1596168124.3097997,322.731085686648,1.2929502376183541,0
1596168124.3197997,324.5328864144922,1.2929502376183541,0
1596168124.3297997,326.33400049682865,1.2929502376183541,0
1596168124.3397996,328.13408461090336,1.2929502376183541,0
1596168124.3497996,329.93202295776615,1.2929502376183541,0
1596168124.3597996,331.7309483575464,1.2929502376183541,0
1596168124.3697996,333.53107538696537,1.2929502376183541,0
1596168124.3797996,335.3312024163843,1.2929502376183541,0
1596168124.3897996,337.13368978973637,1.2929502376183541,0
1596168124.3997996,338.93227186676273,1.2929502376183541,0
1596168124.4097996,340.73360052582035,1.2929502376183541,0
1596168124.4197996,342.53334131714115,1.2929502376183541,0
1596168124.4297996,344.33115091797123,1.2929502376183541,0
1596168124.4397995,346.1323079156519,1.2929502376183541,0
1596168124.4497995,347.93131914612064,1.2929502376183541,0
1596168124.4597995,349.7320469903589,1.2929502376183541,0
1596168124.4697995,351.5319594430567,1.2929502376183541,0
1596168124.4797995,353.3332881021143,1.2929502376183541,0
1596168124.4897995,355.13418760772953,1.2929502376183541,0
1596168124.4997995,356.93182554718265,1.2929502376183541,0
1596168124.5097995,358.7338408517481,1.2929502376183541,0
1596168124.5168607,360,1.2929502376183541,1
1596168124.5168607,0,0,0
1596168124.5268607,1.8020153045654297,0,0
1596168124.5368607,3.601713180541992,0,0
1596168124.5468607,5.402054786682129,0,0
1596168124.5568607,7.201709747314453,0,0
1596168124.5668607,9.002008438110352,0,0
1596168124.5768607,10.801491737365723,0,0
1596168124.5868607,12.603378295898438,0,0
1596168124.5968606,14.401659965515137,0,0
1596168124.6068606,16.20311737060547,0,0
1596168124.6168606,18.003244400024414,0,0
1596168124.6268606,19.800539016723633,0,0
1596168124.6368606,21.600022315979004,0,0
1596168124.6468606,23.40263843536377,0,0
1596168124.6568606,25.20139217376709,0,0
1596168124.6668606,27.000575065612793,0,0
1596168124.6690316,27.390761375427246,0,0
1596168124.6690316,27.390761375427246,0,0
1596168124.6768606,28.803277015686035,0,0
1596168124.684165,30.11476993560791,0,0
1596168124.684165,30.11476993560791,0,0
1596168124.6868606,30.60112953186035,0,0
1596168124.6968606,32.401771545410156,0,0
1596168124.7068605,34.202542304992676,0,0
1596168124.7168605,36.00121021270752,0,0
1596168124.7268605,37.80296802520752,0,0
1596168124.7368605,39.6002197265625,0,0
1596168124.7468605,41.40352249145508,0,0
1596168124.7568605,43.2008171081543,0,0
1596168124.7668605,45.0005578994751,0,0
1596168124.7768605,46.800169944763184,0,0
1596168124.7868605,48.60145568847656,0,0
1596168124.7968605,50.40055274963379,0,0
1596168124.8068604,52.202696800231934,0,0
1596168124.8168604,54.00260925292969,0,0
1596168124.8268604,55.80136299133301,0,0
1596168124.8368604,57.60003089904785,0,0
1596168124.8468604,59.40140247344971,0,0
1596168124.8568604,61.20062828063965,0,0
1596168124.8668604,62.999939918518066,0,0
1596168124.8768604,64.80071067810059,0,0
1596168124.8868604,66.6025972366333,0,0
1596168124.8968604,68.40079307556152,0,0
1596168124.9068604,70.20074844360352,0,0
1596168124.9168603,72.00151920318604,0,0
1596168124.9268603,73.80293369293213,0,0
1596168124.9368603,75.60044288635254,0,0
1596168124.9430232,76.70924663543701,0,0
1596168124.9430232,76.70924663543701,0,0
1596168124.9468603,77.40202903747559,0,0
1596168124.9568603,79.20202732086182,0,0
1596168124.9668603,81.0010814666748,0,0
1596168124.9768603,82.80245304107666,0,0
1596168124.9868603,84.60069179534912,0,0
1596168124.9968603,86.40116214752197,0,0
1596168125.0068603,88.20188999176025,0,0
1596168125.0168602,90.00360488891602,0,0
1596168125.0268602,91.80128574371338,0,0
1596168125.0368602,93.60089778900146,0,0
1596168125.0468602,95.40055274963379,0,0
1596168125.0568602,97.20359802246094,0,0
1596168125.0668602,99.00290966033936,0,0
1596168125.0768602,100.80033302307129,0,0
1596168125.0868602,102.6007604598999,0,0
1596168125.0968602,104.4007158279419,0,0
1596168125.1068602,106.20157241821289,0,0
1596168125.1168602,108.00161361694336,0,0
1596168125.1268601,109.8028564453125,0,0
1596168125.1368601,111.60040855407715,0,0
1596168125.1468601,113.39993476867676,0,0
1596168125.15686,115.20001888275146,0,0
1596168125.16686,117.00143337249756,0,0
1596168125.17686,118.80044460296631,0,0
1596168125.18686,120.60070037841797,0,0
1596168125.19686,122.40026950836182,0,0
1596168125.20686,124.20035362243652,0,0
1596168125.21686,126.00013732910156,0,0
1596168125.22686,127.80039310455322,0,0
1596168125.230655,128.4829616546631,0,0
1596168125.230655,128.4829616546631,0,0
1596168125.23686,129.6016788482666,0,0
1596168125.24686,131.4006471633911,0,0
1596168125.25686,133.20120334625244,0,0
1596168125.26686,135.00051498413086,0,0
1596168125.27686,136.8034315109253,0,0
1596168125.28686,138.6011552810669,0,0
1596168125.29686,140.40008068084717,0,0
1596168125.30686,142.20136642456055,0,0
1596168125.31686,144.00333881378174,0,0
1596168125.32686,145.8006763458252,0,0
1596168125.33686,147.6018762588501,0,0
1596168125.34686,149.40316200256348,0,0
1596168125.35686,151.20264530181885,0,0
1596168125.36686,153.0019998550415,0,0
1596168125.37686,154.8016119003296,0,0
1596168125.38686,156.60006523132324,0,0
1596168125.39686,158.4006643295288,0,0
1596168125.4068599,160.20057678222656,0,0
1596168125.4168599,162.00139045715332,0,0
1596168125.4268599,163.80306243896484,0,0
1596168125.4368598,165.60215950012207,0,0
1596168125.4468598,167.40078449249268,0,0
1596168125.4568598,169.2009973526001,0,0
1596168125.4668598,171.00168228149414,0,0
1596168125.4768598,172.8026247024536,0,0
1596168125.4868598,174.60197925567627,0,0
1596168125.4968598,176.40116214752197,0,0
1596168125.5068598,178.20347785949707,0,0
1596168125.5168598,180.00351905822754,0,0
1596168125.5268598,181.80145740509033,0,0
1596168125.5368598,183.60257148742676,0,0
1596168125.5468597,185.40059566497803,0,0
1596168125.5568597,187.19990730285645,0,0
1596168125.5668597,189.00346755981445,0,0
1596168125.5768597,190.80243587493896,0,0
1596168125.5868597,192.60114669799805,0,0
1596168125.5968597,194.40247535705566,0,0
1596168125.6068597,196.20122909545898,0,0
1596168125.6168597,198.00174236297607,0,0
1596168125.6268597,199.80225563049316,0,0
1596168125.6368597,201.6012668609619,0,0
1596168125.6468596,203.403582572937,0,0
1596168125.6568596,205.20328044891357,0,0
1596168125.6668596,207.0009183883667,0,0
1596168125.6768596,208.80220413208008,0,0
1596168125.6868596,210.60104370117188,0,0
1596168125.6968596,212.40155696868896,0,0
1596168125.7068596,214.19979572296143,0,0
1596168125.7168596,216.00043773651123,0,0
1596168125.7268596,217.80219554901123,0,0
1596168125.7368596,219.6023654937744,0,0
1596168125.7468596,221.40244960784912,0,0
1596168125.7568595,223.2030487060547,0,0
1596168125.7668595,225.001802444458,0,0
1596168125.7768595,226.80205821990967,0,0
1596168125.7868595,228.60162734985352,0,0
1596168125.7968595,230.4026985168457,0,0
1596168125.8068595,232.20158100128174,0,0
1596168125.8168595,234.0012788772583,0,0
1596168125.8268595,235.80020427703857,0,0
1596168125.8368595,237.6029920578003,0,0
1596168125.8468595,239.40007209777832,0,0
1596168125.8568594,241.20041370391846,0,0
1596168125.8668594,243.0005407333374,0,0
1596168125.8768594,244.80019569396973,0,0
1596168125.8868594,246.60186767578125,0,0
1596168125.8968594,248.4022092819214,0,0
1596168125.9068594,250.20276546478271,0,0
1596168125.9168594,252.00207710266113,0,0
1596168125.9268594,253.8019037246704,0,0
1596168125.9368594,255.60057163238525,0,0
1596168125.9468594,257.4011278152466,0,0
1596168125.9568594,259.20005321502686,0,0
1596168125.9668593,261.0029697418213,0,0
1596168125.9768593,262.8018522262573,0,0
1596168125.9868593,264.6025800704956,0,0
1596168125.9968593,266.4030933380127,0,0
1596168126.0068593,268.202919960022,0,0
1596168126.0168593,270.00317573547363,0,0
1596168126.0268593,271.8012857437134,0,0
1596168126.0368593,273.60257148742676,0,0
1596168126.0468593,275.4024410247803,0,0
1596168126.0568593,277.2002077102661,0,0
1596168126.0668592,279.0022659301758,0,0
1596168126.0768592,280.80230712890625,0,0
1596168126.0868592,282.60329246520996,0,0
1596168126.0968592,284.40080165863037,0,0
1596168126.1068592,286.20277404785156,0,0
1596168126.1168592,288.00337314605713,0,0
1596168126.1195095,288.4767723083496,0,0
1596168126.1195095,288.4767723083496,0,0
1596168126.1268592,289.8025131225586,0,0
1596168126.1368592,291.6021680831909,0,0
1596168126.1468592,293.40328216552734,0,0
1596168126.1568592,295.20087718963623,0,0
1596168126.1668591,297.00018882751465,0,0
1596168126.1768591,298.8010025024414,0,0
1596168126.1868591,300.60203075408936,0,0
1596168126.1968591,302.4015998840332,0,0
1596168126.206859,304.2031002044678,0,0
1596168126.216859,306.00013732910156,0,0
1596168126.226859,307.7997922897339,0,0
1596168126.236859,309.60017681121826,0,0
1596168126.246859,311.40305042266846,0,0
1596168126.256859,313.1999158859253,0,0
1596168126.266859,315.00051498413086,0,0
1596168126.276859,316.80192947387695,0,0
1596168126.286859,318.6010694503784,0,0
1596168126.296859,320.40299892425537,0,0
1596168126.306859,322.20261096954346,0,0
1596168126.316859,324.0029525756836,0,0
1596168126.326859,325.8032512664795,0,0
1596168126.336859,327.60170459747314,0,0
1596168126.346859,329.39998626708984,0,0
1596168126.356859,331.20032787323,0,0
1596168126.366859,332.99968242645264,0,0
1596168126.376859,334.80311393737793,0,0
1596168126.386859,336.6023826599121,0,0
1596168126.396859,338.3996772766113,0,0
1596168126.406859,340.19989013671875,0,0
1596168126.416859,341.99975967407227,0,0
1596168126.426859,343.8030195236206,0,0
1596168126.436859,345.60035705566406,0,0
1596168126.446859,347.4006128311157,0,0
1596168126.4568589,349.2018127441406,0,0
1596168126.4668589,351.00146770477295,0,0
1596168126.4768589,352.80245304107666,0,0
1596168126.4868588,354.59970474243164,0,0
1596168126.4968588,356.40214920043945,0,0
1596168126.5068588,358.20313453674316,0,0
1596168126.5168734,360,0,1
1596168126.5168734,0,0,0
1596168126.5268734,194.63553029956876,1.0712958750163217,0
1596168126.5368733,196.43505651416837,1.0712958750163217,0
1596168126.5468733,198.23363859119473,1.0712958750163217,0
1596168126.5568733,200.0340231126791,1.0712958750163217,0
1596168126.5668733,201.8346651262289,1.0712958750163217,0
1596168126.5768733,203.63401967945157,1.0712958750163217,0
1596168126.5868733,205.4347046083456,1.0712958750163217,0
1596168126.5968733,207.235990352059,1.0712958750163217,0
1596168126.6068733,209.0348299211508,1.0712958750163217,0
1596168126.6168733,210.83452779712735,1.0712958750163217,0
1596168126.6268733,212.6358993715292,1.0712958750163217,0
1596168126.6368732,214.43443853321133,1.0712958750163217,0
1596168126.6468732,216.2361534303671,1.0712958750163217,0
1596168126.6568732,218.03576547565518,1.0712958750163217,0
1596168126.6668732,219.83503419818936,1.0712958750163217,0
1596168126.6768732,221.63554746570645,1.0712958750163217,0
1596168126.6868732,223.43610364856778,1.0712958750163217,0
1596168126.6968732,225.23648817005216,1.0712958750163217,0
1596168126.7068732,227.03386861743985,1.0712958750163217,0
1596168126.7168732,228.8337810701376,1.0712958750163217,0
1596168126.7268732,230.63562471332608,1.0712958750163217,0
1596168126.7368731,232.43622381153165,1.0712958750163217,0
1596168126.7468731,234.2344625658041,1.0712958750163217,0
1596168126.7568731,236.03450376453458,1.0712958750163217,0
1596168126.7668731,237.83613283100186,1.0712958750163217,0
1596168126.776873,239.63342744770108,1.0712958750163217,0
1596168126.786873,241.4344127840048,1.0712958750163217,0
1596168126.796873,243.23647100391446,1.0712958750163217,0
1596168126.806873,245.0335510438925,1.0712958750163217,0
1596168126.816873,246.83333475055753,1.0712958750163217,0
1596168126.826873,248.6346204942709,1.0712958750163217,0
1596168126.836873,250.43646413745938,1.0712958750163217,0
1596168126.846873,252.23491746845303,1.0712958750163217,0
1596168126.856873,254.0342720216757,1.0712958750163217,0
1596168126.866873,255.8335836595541,1.0712958750163217,0
1596168126.876873,257.63379651966153,1.0712958750163217,0
1596168126.886873,259.4342668718344,1.0712958750163217,0
1596168126.896873,261.2349088853842,1.0712958750163217,0
1596168126.906873,263.035550898934,1.0712958750163217,0
1596168126.916873,264.8357208436972,1.0712958750163217,0
1596168126.926873,266.63576204242764,1.0712958750163217,0
1596168126.936873,268.4347732728964,1.0712958750163217,0
1596168126.9433753,269.6036155885702,1.0712958750163217,0
1596168126.9433753,269.6036155885702,1.0712958750163217,0
1596168126.946873,270.23593027057706,1.0712958750163217,0
1596168126.956873,272.0353706544882,1.0712958750163217,0
1596168126.966873,273.8344248003012,1.0712958750163217,0
1596168126.976873,275.63635427417813,1.0712958750163217,0
1596168126.986873,277.43343431415616,1.0712958750163217,0
1596168126.996873,279.2333038515097,1.0712958750163217,0
1596168127.006873,281.03557664814053,1.0712958750163217,0
1596168127.016873,282.83420164051114,1.0712958750163217,0
1596168127.0268729,284.63540155353604,1.0712958750163217,0
1596168127.0368729,286.4348419374472,1.0712958750163217,0
1596168127.0468729,288.2332952684408,1.0712958750163217,0
1596168127.0568728,290.0335939592367,1.0712958750163217,0
1596168127.0668728,291.8338497346884,1.0712958750163217,0
1596168127.0768728,293.63599378528653,1.0712958750163217,0
1596168127.0868728,295.4350050157553,1.0712958750163217,0
1596168127.0968728,297.2338445848471,1.0712958750163217,0
1596168127.1068728,299.0355165666586,1.0712958750163217,0
1596168127.1168728,300.83465654316007,1.0712958750163217,0
1596168127.1268728,302.6349123186117,1.0712958750163217,0
1596168127.1368728,304.434738940621,1.0712958750163217,0
1596168127.1468728,306.234694308663,1.0712958750163217,0
1596168127.1568727,308.03392011585294,1.0712958750163217,0
1596168127.1668727,309.83391839923917,1.0712958750163217,0
1596168127.1768727,311.63451749744473,1.0712958750163217,0
1596168127.1868727,313.4359319871908,1.0712958750163217,0
1596168127.1968727,315.23571569385587,1.0712958750163217,0
1596168127.2068727,317.03352529468594,1.0712958750163217,0
1596168127.2168727,318.8353689378744,1.0712958750163217,0
1596168127.2268727,320.63613969745694,1.0712958750163217,0
1596168127.2368727,322.4358375734335,1.0712958750163217,0
1596168127.2468727,324.2355783647543,1.0712958750163217,0
1596168127.2568727,326.0345037645346,1.0712958750163217,0
1596168127.2668726,327.8361757463461,1.0712958750163217,0
1596168127.2768726,329.63407117786466,1.0712958750163217,0
1596168127.2868726,331.43346864643155,1.0712958750163217,0
1596168127.2968726,333.23432523670255,1.0712958750163217,0
1596168127.3068726,335.035267657662,1.0712958750163217,0
1596168127.3168726,336.8363388246542,1.0712958750163217,0
1596168127.3268726,338.6363800233847,1.0712958750163217,0
1596168127.3368726,340.43577749195157,1.0712958750163217,0
1596168127.3468726,342.2362049287802,1.0712958750163217,0
1596168127.3568726,344.0354307359701,1.0712958750163217,0
1596168127.3668725,345.83607274951993,1.0712958750163217,0
1596168127.3768725,347.6354273027426,1.0712958750163217,0
1596168127.3868725,349.43435270252286,1.0712958750163217,0
1596168127.3968725,351.23508054676114,1.0712958750163217,0
1596168127.4068725,353.03516466083585,1.0712958750163217,0
1596168127.4168725,354.8361929124838,1.0712958750163217,0
1596168127.4268725,356.63477498951016,1.0712958750163217,0
1596168127.4368725,358.4330995744711,1.0712958750163217,0
1596168127.445587,360,1.0712958750163217,1
1596168127.445587,0,0,0
1596168127.455587,96.12397022757882,0.5240177748222017,0
1596168127.465587,97.92448349509591,0.5240177748222017,0
1596168127.475587,99.72482510123605,0.5240177748222017,0
1596168127.485587,101.52452297721261,0.5240177748222017,0
1596168127.4955869,103.32370586905832,0.5240177748222017,0
1596168127.5055869,105.12494869742746,0.5240177748222017,0
1596168127.5155869,106.92443199668283,0.5240177748222017,0
1596168127.5255868,108.72382946524972,0.5240177748222017,0
1596168127.5355868,110.52580185447091,0.5240177748222017,0
1596168127.5455868,112.32567139182443,0.5240177748222017,0
1596168127.5555868,114.12502594504708,0.5240177748222017,0
1596168127.5655868,115.92352219138498,0.5240177748222017,0
1596168127.5755868,117.72600956473703,0.5240177748222017,0
1596168127.5855868,119.52343292746896,0.5240177748222017,0
1596168127.5955868,121.32471867118234,0.5240177748222017,0
1596168127.6055868,123.12647648368234,0.5240177748222017,0
1596168127.6155868,124.92510147605294,0.5240177748222017,0
1596168127.6255867,126.72346897635812,0.5240177748222017,0
1596168127.6355867,128.52539845023506,0.5240177748222017,0
1596168127.6455867,130.32621212516182,0.5240177748222017,0
1596168127.6555867,132.1247083714997,0.5240177748222017,0
1596168127.6655867,133.92384834800117,0.5240177748222017,0
1596168127.6755867,135.72393246207588,0.5240177748222017,0
1596168127.6855867,137.52423115287178,0.5240177748222017,0
1596168127.6955867,139.32641811881416,0.5240177748222017,0
1596168127.7055867,141.1255151799714,0.5240177748222017,0
1596168127.7155867,142.92388268027656,0.5240177748222017,0
1596168127.7255867,144.72362347159736,0.5240177748222017,0
1596168127.7355866,146.5254241994416,0.5240177748222017,0
1596168127.7455866,148.32383461509102,0.5240177748222017,0
1596168127.7555866,150.12357540641182,0.5240177748222017,0
1596168127.7655866,151.92400284324043,0.5240177748222017,0
1596168127.7755866,153.72374363456123,0.5240177748222017,0
1596168127.7855866,155.5258018544709,0.5240177748222017,0
1596168127.7955866,157.32356853995674,0.5240177748222017,0
1596168127.8055866,159.1258413365876,0.5240177748222017,0
1596168127.8155866,160.92365093741768,0.5240177748222017,0
1596168127.8255866,162.72635288749092,0.5240177748222017,0
1596168127.8355865,164.5242912343537,0.5240177748222017,0
1596168127.8455865,166.32600613150947,0.5240177748222017,0
1596168127.8555865,168.12506027732246,0.5240177748222017,0
1596168127.8655865,169.92668934378975,0.5240177748222017,0
1596168127.8697515,170.6728155187165,0.5240177748222017,0
1596168127.8697515,170.6728155187165,0.5240177748222017,0
1596168127.8755865,171.72351189170234,0.5240177748222017,0
1596168127.8855865,173.5235530904328,0.5240177748222017,0
1596168127.8955865,175.32376595054023,0.5240177748222017,0
1596168127.9055865,177.123678403238,0.5240177748222017,0
1596168127.9155865,178.9239770940339,0.5240177748222017,0
1596168127.9255865,180.72410412345283,0.5240177748222017,0
1596168127.9355865,182.52633400473945,0.5240177748222017,0
1596168127.9455864,184.3235427907502,0.5240177748222017,0
1596168127.9555864,186.12379856620186,0.5240177748222017,0
1596168127.9655864,187.92311020408027,0.5240177748222017,0
1596168127.9755864,189.72538300071113,0.5240177748222017,0
1596168127.9855864,191.52636833701484,0.5240177748222017,0
1596168127.9955864,193.32486458335273,0.5240177748222017,0
