Type = Reachback Firefly,Function = Reachback Firefly (ln/e^),Refract = 0.05,Epsilon = 0.3,Start_phase = 31
Timestamp,Phase,Offset,Ping?
1596168138,31,0,0
1596168138.01,32.79695129394531,0.17222222222222222,0
1596168138.02,34.59759330749512,0.17222222222222222,0
1596168138.03,36.39608955383301,0.17222222222222222,0
1596168138.04,38.195701599121094,0.17222222222222222,0
1596168138.05,39.995442390441895,0.17222222222222222,0
1596168138.06,41.797672271728516,0.17222222222222222,0
1596168138.07,43.598228454589844,0.17222222222222222,0
1596168138.08,45.39651012420654,0.17222222222222222,0
1596168138.09,47.19663715362549,0.17222222222222222,0
1596168138.1,48.996721267700195,0.17222222222222222,0
1596168138.11,50.79804992675781,0.17222222222222222,0
1596168138.12,52.59706115722656,0.17222222222222222,0
1596168138.1299999,54.395729064941406,0.17222222222222222,0
1596168138.1399999,56.19697189331055,0.17222222222222222,0
1596168138.1499999,57.99709892272949,0.17222222222222222,0
1596168138.1599998,59.79546642303467,0.17222222222222222,0
1596168138.1699998,61.596280097961426,0.17222222222222222,0
1596168138.1799998,63.39670753479004,0.17222222222222222,0
1596168138.1899998,65.19700622558594,0.17222222222222222,0
1596168138.1999998,66.99799156188965,0.17222222222222222,0
1596168138.2099998,68.79507160186768,0.17222222222222222,0
1596168138.2199998,70.59515571594238,0.17222222222222222,0
1596168138.2299998,72.39635562896729,0.17222222222222222,0
1596168138.2399998,74.19558143615723,0.17222222222222222,0
1596168138.2499998,75.99673843383789,0.17222222222222222,0
1596168138.2599998,77.79720878601074,0.17222222222222222,0
1596168138.2699997,79.5974645614624,0.17222222222222222,0
1596168138.2799997,81.39784908294678,0.17222222222222222,0
1596168138.2899997,83.19522953033447,0.17222222222222222,0
1596168138.2999997,84.9957857131958,0.17222222222222222,0
1596168138.3099997,86.79612731933594,0.17222222222222222,0
1596168138.3199997,88.59732723236084,0.17222222222222222,0
1596168138.3299997,90.3954372406006,0.17222222222222222,0
1596168138.3399997,92.19706630706789,0.17222222222222222,0
1596168138.3499997,93.99586296081544,0.17222222222222222,0
1596168138.3599997,95.79809284210206,0.17222222222222222,0
1596168138.3699996,97.59482955932619,0.17222222222222222,0
1596168138.3799996,99.39508533477785,0.17222222222222222,0
1596168138.3899996,101.19692897796632,0.17222222222222222,0
1596168138.3999996,102.99533939361574,0.17222222222222222,0
1596168138.4099996,104.79752635955812,0.17222222222222222,0
1596168138.4199996,106.59632301330568,0.17222222222222222,0
1596168138.4299996,108.39679336547853,0.17222222222222222,0
1596168138.4399996,110.19747829437257,0.17222222222222222,0
1596168138.4499996,111.99571704864503,0.17222222222222222,0
1596168138.4599996,113.7968740463257,0.17222222222222222,0
1596168138.4699996,115.59781646728517,0.17222222222222222,0
1596168138.4799995,117.39665603637697,0.17222222222222222,0
1596168138.4899995,119.1957530975342,0.17222222222222222,0
1596168138.4999995,120.99497890472414,0.17222222222222222,0
1596168138.5099995,122.79562091827394,0.17222222222222222,0
1596168138.5199995,124.59617710113527,0.17222222222222222,0
1596168138.529751,126.35008430480958,0.17222222222222222,0
1596168138.529751,126.35008430480958,0.17222222222222222,0
1596168138.5299995,126.39681911468507,0.17222222222222222,0
1596168138.5399995,128.19540119171143,0.17222222222222222,0
1596168138.5499995,129.9963436126709,0.17222222222222222,0
1596168138.5599995,131.79561233520508,0.17222222222222222,0
1596168138.5699995,133.59483814239502,0.17222222222222222,0
1596168138.5799994,135.39754009246826,0.17222222222222222,0
1596168138.5899994,137.19762420654297,0.17222222222222222,0
1596168138.5999994,138.99547672271729,0.17222222222222222,0
1596168138.6099994,140.79766368865967,0.17222222222222222,0
1596168138.6199994,142.59714698791504,0.17222222222222222,0
1596168138.6299994,144.3975315093994,0.17222222222222222,0
1596168138.6399994,146.19628524780273,0.17222222222222222,0
1596168138.6499994,147.9966697692871,0.17222222222222222,0
1596168138.6599994,149.797869682312,0.17222222222222222,0
1596168138.6699994,151.59683799743652,0.17222222222222222,0
1596168138.6799994,153.39760875701904,0.17222222222222222,0
1596168138.6899993,155.19743537902832,0.17222222222222222,0
1596168138.6999993,156.9970474243164,0.17222222222222222,0
1596168138.7099993,158.79657363891602,0.17222222222222222,0
1596168138.7199993,160.59665775299072,0.17222222222222222,0
1596168138.7299993,162.39601230621338,0.17222222222222222,0
1596168138.7399993,164.19785594940186,0.17222222222222222,0
1596168138.7499993,165.99592304229736,0.17222222222222222,0
1596168138.7599993,167.7971658706665,0.17222222222222222,0
1596168138.7699993,169.5969066619873,0.17222222222222222,0
1596168138.7799993,171.39681911468506,0.17222222222222222,0
1596168138.7899992,173.1952724456787,0.17222222222222222,0
1596168138.7999992,174.9965581893921,0.17222222222222222,0
1596168138.8099992,176.7973289489746,0.17222222222222222,0
1596168138.8199992,178.59732723236084,0.17222222222222222,0
1596168138.8299992,180.39676761627197,0.17222222222222222,0
1596168138.8399992,182.19543552398682,0.17222222222222222,0
1596168138.8499992,183.99487590789795,0.17222222222222222,0
1596168138.8599992,185.79629039764404,0.17222222222222222,0
1596168138.8699992,187.59615993499756,0.17222222222222222,0
1596168138.8799992,189.39598655700684,0.17222222222222222,0
1596168138.8899992,191.1949119567871,0.17222222222222222,0
1596168138.8999991,192.99697017669678,0.17222222222222222,0
1596168138.9099991,194.7962818145752,0.17222222222222222,0
1596168138.9199991,196.59628009796143,0.17222222222222222,0
1596168138.929999,198.3972225189209,0.17222222222222222,0
1596168138.939999,200.19679164886475,0.17222222222222222,0
1596168138.949999,201.99606037139893,0.17222222222222222,0
1596168138.959999,203.79807567596436,0.17222222222222222,0
1596168138.969999,205.5964002609253,0.17222222222222222,0
1596168138.979999,207.3950252532959,0.17222222222222222,0
1596168138.989999,209.19661140441895,0.17222222222222222,0
1596168138.999999,210.99712467193604,0.17222222222222222,0
1596168139.009999,212.79544925689697,0.17222222222222222,0
1596168139.019999,214.5980224609375,0.17222222222222222,0
1596168139.029999,216.39690494537354,0.17222222222222222,0
1596168139.039999,218.19600200653076,0.17222222222222222,0
1596168139.049999,219.995099067688,0.17222222222222222,0
1596168139.059999,221.79655647277832,0.17222222222222222,0
1596168139.069999,223.59621143341064,0.17222222222222222,0
1596168139.079999,225.39715385437012,0.17222222222222222,0
1596168139.089999,227.1951780319214,0.17222222222222222,0
1596168139.099999,228.99551963806152,0.17222222222222222,0
1596168139.109999,230.79487419128418,0.17222222222222222,0
1596168139.119999,232.5957736968994,0.17222222222222222,0
1596168139.129999,234.39735984802246,0.17222222222222222,0
1596168139.139999,236.19632816314697,0.17222222222222222,0
1596168139.149999,237.9959831237793,0.17222222222222222,0
1596168139.159999,239.79529476165771,0.17222222222222222,0
1596168139.169999,241.5967092514038,0.17222222222222222,0
1596168139.1799989,243.39675045013428,0.17222222222222222,0
1596168139.1899989,245.19468879699707,0.17222222222222222,0
1596168139.1999989,246.9967041015625,0.17222222222222222,0
1596168139.2099988,248.79670238494873,0.17222222222222222,0
1596168139.2199988,250.59670066833496,0.17222222222222222,0
1596168139.2299988,252.39811515808105,0.17222222222222222,0
1596168139.2399988,254.19613933563232,0.17222222222222222,0
1596168139.2499988,255.99660968780518,0.17222222222222222,0
1596168139.2599988,257.7963933944702,0.17222222222222222,0
1596168139.2699988,259.5969066619873,0.17222222222222222,0
1596168139.2799988,261.3956604003906,0.17222222222222222,0
1596168139.2899988,263.1959590911865,0.17222222222222222,0
1596168139.2999988,264.9962577819824,0.17222222222222222,0
1596168139.3099988,266.79728603363037,0.17222222222222222,0
1596168139.3199987,268.5961685180664,0.17222222222222222,0
1596168139.3299987,270.39642429351807,0.17222222222222222,0
1596168139.3399987,272.1959934234619,0.17222222222222222,0
1596168139.3499987,273.99676418304443,0.17222222222222222,0
1596168139.3599987,275.79504585266113,0.17222222222222222,0
1596168139.3699987,277.5966320037842,0.17222222222222222,0
1596168139.377361,278.91988372802734,0.17222222222222222,0
1596168139.377361,278.91988372802734,0.17222222222222222,0
1596168139.3799987,279.39791774749756,0.17222222222222222,0
1596168139.3899987,281.1946973800659,0.17222222222222222,0
1596168139.3999987,282.9967985153198,0.17222222222222222,0
1596168139.4099987,284.79490852355957,0.17222222222222222,0
1596168139.4199986,286.5950355529785,0.17222222222222222,0
1596168139.4299986,288.3964500427246,0.17222222222222222,0
1596168139.4399986,290.1949462890625,0.17222222222222222,0
1596168139.4499986,291.9980344772339,0.17222222222222222,0
1596168139.4599986,293.79605865478516,0.17222222222222222,0
1596168139.4699986,295.59489822387695,0.17222222222222222,0
1596168139.4799986,297.39687061309814,0.17222222222222222,0
1596168139.4899986,299.197340965271,0.17222222222222222,0
1596168139.4999986,300.9975538253784,0.17222222222222222,0
1596168139.5099986,302.79630756378174,0.17222222222222222,0
1596168139.5199986,304.59549045562744,0.17222222222222222,0
1596168139.5299985,306.3963041305542,0.17222222222222222,0
1596168139.5399985,308.19690322875977,0.17222222222222222,0
1596168139.5499985,309.9951419830322,0.17222222222222222,0
1596168139.5599985,311.7954406738281,0.17222222222222222,0
1596168139.5699985,313.59724140167236,0.17222222222222222,0
1596168139.5799985,315.3971109390259,0.17222222222222222,0
1596168139.5899985,317.1968946456909,0.17222222222222222,0
1596168139.5999985,318.99676418304443,0.17222222222222222,0
1596168139.6099985,320.7974491119385,0.17222222222222222,0
1596168139.6199985,322.59637451171875,0.17222222222222222,0
1596168139.6299984,324.3971881866455,0.17222222222222222,0
1596168139.6399984,326.19710063934326,0.17222222222222222,0
1596168139.6499984,327.9966697692871,0.17222222222222222,0
1596168139.6599984,329.79645347595215,0.17222222222222222,0
1596168139.6699984,331.59563636779785,0.17222222222222222,0
1596168139.6799984,333.3979949951172,0.17222222222222222,0
1596168139.6899984,335.1961479187012,0.17222222222222222,0
1596168139.6999984,336.99575996398926,0.17222222222222222,0
1596168139.7099984,338.7975606918335,0.17222222222222222,0
1596168139.7199984,340.5951557159424,0.17222222222222222,0
1596168139.7299984,342.39554023742676,0.17222222222222222,0
1596168139.7399983,344.19708347320557,0.17222222222222222,0
1596168139.7499983,345.99566555023193,0.17222222222222222,0
1596168139.7599983,347.797251701355,0.17222222222222222,0
1596168139.7699983,349.5960054397583,0.17222222222222222,0
1596168139.7799983,351.3962182998657,0.17222222222222222,0
1596168139.7899983,353.19518661499023,0.17222222222222222,0
1596168139.7999983,354.9970302581787,0.17222222222222222,0
1596168139.8099983,356.7961702346802,0.17222222222222222,0
1596168139.8199983,358.5967264175415,0.17222222222222222,0
1596168139.827825,360,0.17222222222222222,1
1596168139.827825,0,0,0
1596168139.837825,143.58992679706225,0.7877070431240736,0
1596168139.847825,145.38820846667895,0.7877070431240736,0
1596168139.857825,147.1892367183269,0.7877070431240736,0
1596168139.867825,148.9877329646648,0.7877070431240736,0
1596168139.877825,150.78751667132983,0.7877070431240736,0
1596168139.887825,152.5888024150432,0.7877070431240736,0
1596168139.897825,154.389444428593,0.7877070431240736,0
1596168139.907825,156.18729694476733,0.7877070431240736,0
1596168139.917825,157.98982723346361,0.7877070431240736,0
1596168139.927825,159.790211754948,0.7877070431240736,0
1596168139.937825,161.58926590076098,0.7877070431240736,0
1596168139.947825,163.39012249103197,0.7877070431240736,0
1596168139.957825,165.1886616527141,0.7877070431240736,0
1596168139.967825,166.98960407367358,0.7877070431240736,0
1596168139.977825,168.79024608722338,0.7877070431240736,0
1596168139.987825,170.58848484149584,0.7877070431240736,0
1596168139.997825,172.39071472278246,0.7877070431240736,0
1596168140.007825,174.18998344531664,0.7877070431240736,0
1596168140.017825,175.98805053821215,0.7877070431240736,0
1596168140.0278249,177.79036625018725,0.7877070431240736,0
1596168140.0378249,179.58907707324633,0.7877070431240736,0
1596168140.0478249,181.39040573230395,0.7877070431240736,0
1596168140.0578249,183.18825824847826,0.7877070431240736,0
1596168140.0678248,184.987269478947,0.7877070431240736,0
1596168140.0778248,186.787224846989,0.7877070431240736,0
1596168140.0878248,188.58872516742358,0.7877070431240736,0
1596168140.0978248,190.38842304340014,0.7877070431240736,0
1596168140.1078248,192.18915088763842,0.7877070431240736,0
1596168140.1178248,193.98769004932055,0.7877070431240736,0
1596168140.1278248,195.7874737559856,0.7877070431240736,0
1596168140.1378248,197.5901327907146,0.7877070431240736,0
1596168140.1478248,199.388543206364,0.7877070431240736,0
1596168140.1578248,201.1892710506023,0.7877070431240736,0
1596168140.1678247,202.99068554034838,0.7877070431240736,0
1596168140.1778247,204.78737934222826,0.7877070431240736,0
1596168140.1878247,206.58810718646654,0.7877070431240736,0
1596168140.1978247,208.39020832172045,0.7877070431240736,0
1596168140.2078247,210.18874748340258,0.7877070431240736,0
1596168140.2178247,211.98913200488695,0.7877070431240736,0
1596168140.2278247,213.78973110309252,0.7877070431240736,0
1596168140.2378247,215.58951480975756,0.7877070431240736,0
1596168140.2478247,217.3887406169475,0.7877070431240736,0
1596168140.2578247,219.19067009082445,0.7877070431240736,0
1596168140.2678246,220.98908050647387,0.7877070431240736,0
1596168140.2778246,222.78822048297533,0.7877070431240736,0
1596168140.2878246,224.59036453357348,0.7877070431240736,0
1596168140.2978246,226.3883457957805,0.7877070431240736,0
1596168140.3078246,228.18722828021654,0.7877070431240736,0
1596168140.3178246,229.99044521442065,0.7877070431240736,0
1596168140.3278246,231.79031475177416,0.7877070431240736,0
1596168140.3378246,233.59005554309496,0.7877070431240736,0
1596168140.3478246,235.38945301166186,0.7877070431240736,0
1596168140.3578246,237.18730552783617,0.7877070431240736,0
1596168140.3678246,238.98996456256518,0.7877070431240736,0
1596168140.3778245,240.78914745441088,0.7877070431240736,0
1596168140.3878245,242.59008987537035,0.7877070431240736,0
1596168140.3978245,244.38922985187182,0.7877070431240736,0
1596168140.4078245,246.18755443683276,0.7877070431240736,0
1596168140.4178245,247.98939808002123,0.7877070431240736,0
1596168140.4278245,249.7872076808513,0.7877070431240736,0
1596168140.4378245,251.58965213885912,0.7877070431240736,0
1596168140.4478245,253.39050872913012,0.7877070431240736,0
1596168140.4578245,255.18767459979662,0.7877070431240736,0
1596168140.4678245,256.9879303752483,0.7877070431240736,0
1596168140.4778244,258.7886582194866,0.7877070431240736,0
1596168140.4878244,260.58990104785573,0.7877070431240736,0
1596168140.4978244,262.38844020953786,0.7877070431240736,0
1596168140.5078244,264.18762310138356,0.7877070431240736,0
1596168140.5178244,265.98981006732595,0.7877070431240736,0
1596168140.5278244,267.79010875812185,0.7877070431240736,0
1596168140.5299819,268.1754885493816,0.7877070431240736,0
1596168140.5299819,268.1754885493816,0.7877070431240736,0
1596168140.5378244,269.5905791102947,0.7877070431240736,0
1596168140.5478244,271.3889466105999,0.7877070431240736,0
1596168140.5578244,273.18842990985524,0.7877070431240736,0
1596168140.5678244,274.9898014842571,0.7877070431240736,0
1596168140.5778244,276.7886410533489,0.7877070431240736,0
1596168140.5878243,278.58778102985036,0.7877070431240736,0
1596168140.5978243,280.388208466679,0.7877070431240736,0
1596168140.6078243,282.18846424213064,0.7877070431240736,0
1596168140.6178243,283.99047954669606,0.7877070431240736,0
1596168140.6278243,285.78940494647634,0.7877070431240736,0
1596168140.6378243,287.58785827747,0.7877070431240736,0
1596168140.6478243,289.38888652911794,0.7877070431240736,0
1596168140.6578243,291.1882410823406,0.7877070431240736,0
1596168140.6678243,292.9898701488079,0.7877070431240736,0
1596168140.6778243,294.7881947337688,0.7877070431240736,0
1596168140.6878242,296.5875922023357,0.7877070431240736,0
1596168140.6978242,298.3872042476238,0.7877070431240736,0
1596168140.7078242,300.19024952045095,0.7877070431240736,0
1596168140.7178242,301.9897328197063,0.7877070431240736,0
1596168140.7278242,303.78904445758474,0.7877070431240736,0
1596168140.7378242,305.5902872859539,0.7877070431240736,0
1596168140.7478242,307.38942726245534,0.7877070431240736,0
1596168140.7578242,309.1882239162029,0.7877070431240736,0
1596168140.7678242,310.98912342181814,0.7877070431240736,0
1596168140.7778242,312.78955085864675,0.7877070431240736,0
1596168140.7878242,314.58851917377126,0.7877070431240736,0
1596168140.7978241,316.3873158275188,0.7877070431240736,0
1596168140.8078241,318.18709953418386,0.7877070431240736,0
1596168140.8178241,319.9903593837322,0.7877070431240736,0
1596168140.827824,321.7880831538738,0.7877070431240736,0
1596168140.837824,323.5891972362102,0.7877070431240736,0
1596168140.847824,325.3895817576946,0.7877070431240736,0
1596168140.857824,327.18927963367116,0.7877070431240736,0
1596168140.867824,328.9875183879436,0.7877070431240736,0
1596168140.877824,330.7889328776897,0.7877070431240736,0
1596168140.887824,332.5883303462566,0.7877070431240736,0
1596168140.897824,334.3872557460369,0.7877070431240736,0
1596168140.907824,336.18764026752126,0.7877070431240736,0
1596168140.917824,337.98926933398855,0.7877070431240736,0
1596168140.927824,339.7877226649822,0.7877070431240736,0
1596168140.937824,341.5894804774822,0.7877070431240736,0
1596168140.947824,343.38904960742605,0.7877070431240736,0
1596168140.957824,345.18879039874685,0.7877070431240736,0
1596168140.967824,346.98908908954274,0.7877070431240736,0
1596168140.971353,347.6223049937786,0.7877070431240736,0
1596168140.971353,347.6223049937786,0.7877070431240736,0
1596168140.977824,348.78728492847097,0.7877070431240736,0
1596168140.987824,350.58968647113454,0.7877070431240736,0
1596168140.997824,352.38998516193044,0.7877070431240736,0
1596168141.007824,354.1874514400066,0.7877070431240736,0
1596168141.017824,355.9876213847698,0.7877070431240736,0
1596168141.027824,357.7884779750408,0.7877070431240736,0
1596168141.037824,359.5872317134441,0.7877070431240736,0
1596168141.040134,360,0.7877070431240736,1
1596168141.040134,0,0,0
1596168141.050134,217.24249461705116,1.1969015653163542,0
1596168141.060134,219.04292205387978,1.1969015653163542,0
1596168141.070134,220.84249118382363,1.1969015653163542,0
1596168141.080134,222.64339068943886,1.1969015653163542,0
1596168141.090134,224.4448480945292,1.1969015653163542,0
1596168141.100134,226.24364474827675,1.1969015653163542,0
1596168141.110134,228.04553130680947,1.1969015653163542,0
1596168141.1201339,229.84312633091835,1.1969015653163542,0
1596168141.1301339,231.6429100375834,1.1969015653163542,0
1596168141.1401339,233.44475368077187,1.1969015653163542,0
1596168141.1501338,235.2430782657328,1.1969015653163542,0
1596168141.1601338,237.0448360782328,1.1969015653163542,0
1596168141.1701338,238.84487727696327,1.1969015653163542,0
1596168141.1801338,240.64414599949745,1.1969015653163542,0
1596168141.1901338,242.4444876056376,1.1969015653163542,0
1596168141.2001338,244.2451296191874,1.1969015653163542,0
1596168141.2101338,246.04323962742714,1.1969015653163542,0
1596168141.2201338,247.84413913304238,1.1969015653163542,0
1596168141.2301338,249.64375117833046,1.1969015653163542,0
1596168141.2401338,251.4435348849955,1.1969015653163542,0
1596168141.2501338,253.24542144352822,1.1969015653163542,0
1596168141.2601337,255.0453768115702,1.1969015653163542,0
1596168141.2701337,256.84335807377727,1.1969015653163542,0
1596168141.2801337,258.6430130344096,1.1969015653163542,0
1596168141.2901337,260.4451141696635,1.1969015653163542,0
1596168141.3001337,262.24279502446086,1.1969015653163542,0
1596168141.3101337,264.04532531315715,1.1969015653163542,0
1596168141.3201337,265.84304908329875,1.1969015653163542,0
1596168141.3301337,267.64278987461955,1.1969015653163542,0
1596168141.3401337,269.44407561833293,1.1969015653163542,0
1596168141.3501337,271.2445459705058,1.1969015653163542,0
1596168141.3601336,273.04493049199016,1.1969015653163542,0
1596168141.3701336,274.84274009282024,1.1969015653163542,0
1596168141.3801336,276.64273837620647,1.1969015653163542,0
1596168141.3901336,278.4441957812968,1.1969015653163542,0
1596168141.4001336,280.24397948796184,1.1969015653163542,0
1596168141.4101336,282.044321094102,1.1969015653163542,0
1596168141.4201336,283.84337523991496,1.1969015653163542,0
1596168141.4301336,285.6452617984477,1.1969015653163542,0
1596168141.4401336,287.44440177494914,1.1969015653163542,0
1596168141.4501336,289.24470046574504,1.1969015653163542,0
1596168141.4601336,291.04422668034465,1.1969015653163542,0
1596168141.4701335,292.84340957219035,1.1969015653163542,0
1596168141.4801335,294.6433220248881,1.1969015653163542,0
1596168141.4901335,296.44525149876506,1.1969015653163542,0
1596168141.5001335,298.2423744540873,1.1969015653163542,0
1596168141.5101335,300.0445614200297,1.1969015653163542,0
1596168141.5201335,301.8451605182353,1.1969015653163542,0
1596168141.5301335,303.6423263889018,1.1969015653163542,0
1596168141.5401335,305.44451335484416,1.1969015653163542,0
1596168141.5501335,307.2429237704936,1.1969015653163542,0
1596168141.5601335,309.04283622319133,1.1969015653163542,0
1596168141.5701334,310.8442077975932,1.1969015653163542,0
1596168141.5801334,312.6451073032084,1.1969015653163542,0
1596168141.5901334,314.4450197559062,1.1969015653163542,0
1596168141.6001334,316.24471763188274,1.1969015653163542,0
1596168141.6101334,318.0430422168437,1.1969015653163542,0
1596168141.6201334,319.8447141986552,1.1969015653163542,0
1596168141.6301334,321.6439829211894,1.1969015653163542,0
1596168141.6401334,323.4423075061503,1.1969015653163542,0
1596168141.6501334,325.2432499271098,1.1969015653163542,0
1596168141.6601334,327.0435486179057,1.1969015653163542,0
1596168141.6701334,328.84346107060344,1.1969015653163542,0
1596168141.6801333,330.6429014545146,1.1969015653163542,0
1596168141.6901333,332.4422560077372,1.1969015653163542,0
1596168141.7001333,334.24289802128703,1.1969015653163542,0
1596168141.7101333,336.0428104739848,1.1969015653163542,0
1596168141.7201333,337.84340957219035,1.1969015653163542,0
1596168141.7301333,339.64370826298625,1.1969015653163542,0
1596168141.7401333,341.44366363102824,1.1969015653163542,0
1596168141.7501333,343.2452497821513,1.1969015653163542,0
1596168141.7601333,345.04250148350627,1.1969015653163542,0
1596168141.7701333,346.84477428013713,1.1969015653163542,0
1596168141.7714725,347.083211932725,1.1969015653163542,0
1596168141.7714725,347.083211932725,1.1969015653163542,0
1596168141.7801332,348.64352801854045,1.1969015653163542,0
1596168141.7901332,350.44348338658244,1.1969015653163542,0
1596168141.8001332,352.244082484788,1.1969015653163542,0
1596168141.8101332,354.0435657840434,1.1969015653163542,0
1596168141.8201332,355.8451519351664,1.1969015653163542,0
1596168141.8301332,357.6433906894389,1.1969015653163542,0
1596168141.8401332,359.44343188816936,1.1969015653163542,0
1596168141.843238,360,1.1969015653163542,1
1596168141.843238,0,0,0
1596168141.853238,123.23260602978439,0.674611770313513,0
1596168141.863238,125.03337678936691,0.674611770313513,0
1596168141.873238,126.8333321574089,0.674611770313513,0
1596168141.883238,128.63333044079513,0.674611770313513,0
1596168141.893238,130.43307123211594,0.674611770313513,0
1596168141.903238,132.2324257853386,0.674611770313513,0
1596168141.913238,134.03302488354416,0.674611770313513,0
1596168141.923238,135.83061990765304,0.674611770313513,0
1596168141.933238,137.63250646618576,0.674611770313513,0
1596168141.943238,139.43332014111252,0.674611770313513,0
1596168141.953238,141.23087224987717,0.674611770313513,0
1596168141.963238,143.03168592480392,0.674611770313513,0
1596168141.973238,144.83288583782883,0.674611770313513,0
1596168141.983238,146.63301286724777,0.674611770313513,0
1596168141.993238,148.43193826702804,0.674611770313513,0
1596168142.003238,150.23069200543137,0.674611770313513,0
1596168142.013238,152.0322781565544,0.674611770313513,0
1596168142.023238,153.8325768473503,0.674611770313513,0
1596168142.033238,155.63133058575363,0.674611770313513,0
1596168142.043238,157.43201551464767,0.674611770313513,0
1596168142.053238,159.23167047528,0.674611770313513,0
1596168142.063238,161.0326558115837,0.674611770313513,0
1596168142.073238,162.8304654124138,0.674611770313513,0
1596168142.083238,164.63063535717697,0.674611770313513,0
1596168142.0932379,166.43093404797287,0.674611770313513,0
1596168142.1032379,168.23303518322678,0.674611770313513,0
1596168142.1132379,170.0326901438591,0.674611770313513,0
1596168142.1190896,171.08338651684494,0.674611770313513,0
1596168142.1190896,171.08338651684494,0.674611770313513,0
1596168142.1232378,171.83105764416428,0.674611770313513,0
1596168142.1332378,173.63230047253342,0.674611770313513,0
1596168142.1432378,175.43298540142746,0.674611770313513,0
1596168142.1532378,177.2319966318962,0.674611770313513,0
1596168142.1632378,179.0301495554802,0.674611770313513,0
1596168142.1732378,180.832594013488,0.674611770313513,0
1596168142.1832378,182.6312190058586,0.674611770313513,0
1596168142.1932378,184.43323431042404,0.674611770313513,0
1596168142.2032378,186.23018560436935,0.674611770313513,0
1596168142.2132378,188.03134260205002,0.674611770313513,0
1596168142.2232378,189.8327570917961,0.674611770313513,0
1596168142.2332377,191.6332703593132,0.674611770313513,0
1596168142.2432377,193.4304362299797,0.674611770313513,0
1596168142.2532377,195.2330952647087,0.674611770313513,0
1596168142.2632377,197.0310336115715,0.674611770313513,0
1596168142.2732377,198.83309183148117,0.674611770313513,0
1596168142.2832377,200.6327467921135,0.674611770313513,0
1596168142.2932377,202.43343172100754,0.674611770313513,0
1596168142.3032377,204.23029718426437,0.674611770313513,0
1596168142.3132377,206.03093919781418,0.674611770313513,0
1596168142.3232377,207.8311520579216,0.674611770313513,0
1596168142.3332376,209.63162241009445,0.674611770313513,0
1596168142.3432376,211.4315348627922,0.674611770313513,0
1596168142.3532376,213.23076066998215,0.674611770313513,0
1596168142.3632376,215.03020105389328,0.674611770313513,0
1596168142.3732376,216.8322163584587,0.674611770313513,0
1596168142.3832376,218.63045511273117,0.674611770313513,0
1596168142.3932376,220.43015298870773,0.674611770313513,0
1596168142.4032376,222.23251161602707,0.674611770313513,0
1596168142.4132376,224.03147993115158,0.674611770313513,0
1596168142.4232376,225.8311348917839,0.674611770313513,0
1596168142.4332376,227.63194856671066,0.674611770313513,0
1596168142.4432375,229.43147478131027,0.674611770313513,0
1596168142.4532375,231.23061475781174,0.674611770313513,0
1596168142.4632375,233.03014097241135,0.674611770313513,0
1596168142.4732375,234.83031091717453,0.674611770313513,0
1596168142.4832375,236.63121042278976,0.674611770313513,0
1596168142.4932375,238.43146619824142,0.674611770313513,0
1596168142.5032375,240.23146448162765,0.674611770313513,0
1596168142.5132375,242.03279314068527,0.674611770313513,0
1596168142.5232375,243.83219060925217,0.674611770313513,0
1596168142.5332375,245.6321888926384,0.674611770313513,0
1596168142.5432374,247.43051347759933,0.674611770313513,0
1596168142.5532374,249.23300085095138,0.674611770313513,0
1596168142.5632374,251.0319691660759,0.674611770313513,0
1596168142.5732374,252.8319245341179,0.674611770313513,0
1596168142.5832374,254.63140783337326,0.674611770313513,0
1596168142.5932374,256.4314061167595,0.674611770313513,0
1596168142.6032374,258.23243436840744,0.674611770313513,0
1596168142.6042068,258.4044819834587,0.674611770313513,0
1596168142.6042068,258.4044819834587,0.674611770313513,0
1596168142.6132374,260.0328188898918,0.674611770313513,0
1596168142.6232374,261.83238801983566,0.674611770313513,0
1596168142.6332374,263.63075552014084,0.674611770313513,0
1596168142.6432374,265.4319125178215,0.674611770313513,0
1596168142.6532373,267.2304087641594,0.674611770313513,0
1596168142.6632373,269.03220949200363,0.674611770313513,0
1596168142.6732373,270.8317786219475,0.674611770313513,0
1596168142.6832373,272.63057527569504,0.674611770313513,0
1596168142.6932373,274.43053064373703,0.674611770313513,0
1596168142.7032373,276.2312155726311,0.674611770313513,0
1596168142.7132373,278.0310851099846,0.674611770313513,0
1596168142.7232373,279.83335790661545,0.674611770313513,0
1596168142.7332373,281.6331845286247,0.674611770313513,0
1596168142.7432373,283.433011150634,0.674611770313513,0
1596168142.7532372,285.23270902661056,0.674611770313513,0
1596168142.7632372,287.03232107189865,0.674611770313513,0
1596168142.7732372,288.83038816479416,0.674611770313513,0
1596168142.7832372,290.6329613688347,0.674611770313513,0
1596168142.7932372,292.43077096966476,0.674611770313513,0
1596168142.8032372,294.2327004435417,0.674611770313513,0
1596168142.8132372,296.0329991343376,0.674611770313513,0
1596168142.8232372,297.8303795817253,0.674611770313513,0
1596168142.8332372,299.6317082407829,0.674611770313513,0
1596168142.8432372,301.43059072521896,0.674611770313513,0
1596168142.8532372,303.2330351832268,0.674611770313513,0
1596168142.8632371,305.03307638195724,0.674611770313513,0
1596168142.8732371,306.8299418452141,0.674611770313513,0
1596168142.8832371,308.63041219738693,0.674611770313513,0
1596168142.893237,310.4329424860832,0.674611770313513,0
1596168142.9005685,311.7495852473137,0.674611770313513,0
1596168142.9005685,311.7495852473137,0.674611770313513,0
1596168142.903237,312.23049459484787,0.674611770313513,0
1596168142.913237,314.0306216242668,0.674611770313513,0
1596168142.923237,315.832594013488,0.674611770313513,0
1596168142.933237,317.63306436566086,0.674611770313513,0
1596168142.943237,319.4316464426872,0.674611770313513,0
1596168142.953237,321.23177347210617,0.674611770313513,0
1596168142.963237,323.03284463909836,0.674611770313513,0
1596168142.973237,324.83245668438644,0.674611770313513,0
1596168142.983237,326.633055782592,0.674611770313513,0
1596168142.993237,328.4327536585686,0.674611770313513,0
1596168143.003237,330.23215112713547,0.674611770313513,0
1596168143.013237,332.03197774914474,0.674611770313513,0
1596168143.023237,333.8331347468254,0.674611770313513,0
1596168143.033237,335.6318884852287,0.674611770313513,0
1596168143.043237,337.43098554638595,0.674611770313513,0
1596168143.053237,339.2306834223625,0.674611770313513,0
1596168143.063237,341.0302954676506,0.674611770313513,0
1596168143.073237,342.83291158703537,0.674611770313513,0
1596168143.083237,344.62994871166916,0.674611770313513,0
1596168143.093237,346.4322215083,0.674611770313513,0
1596168143.103237,348.2299452784416,0.674611770313513,0
1596168143.113237,350.0316601755974,0.674611770313513,0
1596168143.123237,351.8317442896721,0.674611770313513,0
1596168143.133237,353.63311586407394,0.674611770313513,0
1596168143.1432369,355.43307123211594,0.674611770313513,0
1596168143.1532369,357.2326403620598,0.674611770313513,0
1596168143.1632369,359.0320378306267,0.674611770313513,0
1596168143.1686268,360,0.674611770313513,1
1596168143.1686268,0,0,0
1596168143.1786268,261.1304670033795,1.4407136205489672,0
1596168143.1886268,262.93123776296204,1.4407136205489672,0
1596168143.1986268,264.73187977651185,1.4407136205489672,0
1596168143.2086267,266.5296893773419,1.4407136205489672,0
1596168143.2186267,268.3317475972516,1.4407136205489672,0
1596168143.2286267,270.1302867589337,1.4407136205489672,0
1596168143.2386267,271.9301992116315,1.4407136205489672,0
1596168143.2486267,273.73157078603333,1.4407136205489672,0
1596168143.2586267,275.5299382863385,1.4407136205489672,0
1596168143.2686267,277.3314815221173,1.4407136205489672,0
1596168143.2786267,279.131737297569,1.4407136205489672,0
1596168143.2886267,280.93134934285706,1.4407136205489672,0
1596168143.2986267,282.7284293828351,1.4407136205489672,0
1596168143.3086267,284.5307880101544,1.4407136205489672,0
1596168143.3186266,286.3303571400983,1.4407136205489672,0
1596168143.3286266,288.13164288381165,1.4407136205489672,0
1596168143.3386266,289.9313407597882,1.4407136205489672,0
1596168143.3486266,291.7290216145856,1.4407136205489672,0
1596168143.3586266,293.5300069508893,1.4407136205489672,0
1596168143.3686266,295.3309064565045,1.4407136205489672,0
1596168143.3786266,297.1300893483502,1.4407136205489672,0
1596168143.3886266,298.9288860020978,1.4407136205489672,0
1596168143.3986266,300.7292276082379,1.4407136205489672,0
1596168143.4086266,302.53180081227845,1.4407136205489672,0
1596168143.4186265,304.3312411961896,1.4407136205489672,0
1596168143.4286265,306.1293512044293,1.4407136205489672,0
1596168143.4386265,307.9293065724713,1.4407136205489672,0
1596168143.4486265,309.72943360189026,1.4407136205489672,0
1596168143.4586265,311.52960354665345,1.4407136205489672,0
1596168143.4686265,313.3299880681378,1.4407136205489672,0
1596168143.4786265,315.12951428273743,1.4407136205489672,0
1596168143.4886265,316.9315725026471,1.4407136205489672,0
1596168143.4986265,318.72959668019837,1.4407136205489672,0
1596168143.5086265,320.5308395085675,1.4407136205489672,0
1596168143.5186265,322.32959324697083,1.4407136205489672,0
1596168143.5286264,324.13160855153626,1.4407136205489672,0
1596168143.5369456,325.62583500722474,1.4407136205489672,0
1596168143.5369456,325.62583500722474,1.4407136205489672,0
1596168143.5386264,325.92933232167786,1.4407136205489672,0
1596168143.5486264,327.7286439595563,1.4407136205489672,0
1596168143.5586264,329.52911431172913,1.4407136205489672,0
1596168143.5686264,331.33009964803284,1.4407136205489672,0
1596168143.5786264,333.1303554234845,1.4407136205489672,0
1596168143.5886264,334.92842251638,1.4407136205489672,0
1596168143.5986264,336.73065239766663,1.4407136205489672,0
1596168143.6086264,338.53086525777405,1.4407136205489672,0
1596168143.6186264,340.3288894353253,1.4407136205489672,0
1596168143.6286263,342.13069016316956,1.4407136205489672,0
1596168143.6386263,343.9316754994733,1.4407136205489672,0
1596168143.6486263,345.7300859151227,1.4407136205489672,0
1596168143.6586263,347.53124291280335,1.4407136205489672,0
1596168143.6686263,349.329696243797,1.4407136205489672,0
1596168143.6786263,351.12879330495423,1.4407136205489672,0
1596168143.6886263,352.93149525502747,1.4407136205489672,0
1596168143.6986263,354.72896153310364,1.4407136205489672,0
1596168143.7086263,356.5289598164899,1.4407136205489672,0
1596168143.7186263,358.32921559194153,1.4407136205489672,0
1596168143.7279217,360,1.4407136205489672,1
1596168143.7279217,0,0,0
1596168143.7379217,115.72375128046197,0.6329059241753774,0
1596168143.7479217,117.52572366968316,0.6329059241753774,0
1596168143.7579217,119.32426283136529,0.6329059241753774,0
1596168143.7679217,121.12374613062066,0.6329059241753774,0
1596168143.7779217,122.92413065210503,0.6329059241753774,0
1596168143.7879217,124.72545931116265,0.6329059241753774,0
1596168143.7979217,126.5253717638604,0.6329059241753774,0
1596168143.8079216,128.3257562853448,0.6329059241753774,0
1596168143.8179216,130.12442419305964,0.6329059241753774,0
1596168143.8279216,131.92459413782282,0.6329059241753774,0
1596168143.8379216,133.72347662225886,0.6329059241753774,0
1596168143.8479216,135.52364656702204,0.6329059241753774,0
1596168143.8579216,137.32317278162165,0.6329059241753774,0
1596168143.8679216,139.1260034777276,0.6329059241753774,0
1596168143.8779216,140.92437097803278,0.6329059241753774,0
1596168143.8879216,142.7236826159112,0.6329059241753774,0
1596168143.8979216,144.52492544428034,0.6329059241753774,0
1596168143.9079216,146.32423708215876,0.6329059241753774,0
1596168143.9179215,148.12359163538142,0.6329059241753774,0
1596168143.9279215,149.92414781824274,0.6329059241753774,0
1596168143.9379215,151.72311613336726,0.6329059241753774,0
1596168143.9479215,153.5241443850152,0.6329059241753774,0
1596168143.9579215,155.325687620794,0.6329059241753774,0
1596168143.9679215,157.12594339624567,0.6329059241753774,0
1596168143.9779215,158.9258129335992,0.6329059241753774,0
1596168143.9879215,160.72551080957575,0.6329059241753774,0
1596168143.9979215,162.52495119348688,0.6329059241753774,0
1596168144.0079215,164.32323286310358,0.6329059241753774,0
1596168144.0179214,166.12572023645563,0.6329059241753774,0
1596168144.0279214,167.92357275262995,0.6329059241753774,0
1596168144.0379214,169.7234852053277,0.6329059241753774,0
1596168144.0479214,171.5241272188775,0.6329059241753774,0
1596168144.0579214,173.3238680101983,0.6329059241753774,0
1596168144.0679214,175.12614080682917,0.6329059241753774,0
1596168144.0779214,176.92566702142878,0.6329059241753774,0
1596168144.0879214,178.72339079157038,0.6329059241753774,0
1596168144.0979214,180.52476236597224,0.6329059241753774,0
1596168144.1079214,182.32527563348933,0.6329059241753774,0
1596168144.1179214,184.1256601549737,0.6329059241753774,0
1596168144.1279213,185.92355558649226,0.6329059241753774,0
1596168144.1379213,187.72398302332087,0.6329059241753774,0
1596168144.1479213,189.52333757654353,0.6329059241753774,0
1596168144.1579213,191.32329294458552,0.6329059241753774,0
1596168144.1679213,193.12466451898737,0.6329059241753774,0
1596168144.1779213,194.9259073473565,0.6329059241753774,0
1596168144.1879213,196.72307321802302,0.6329059241753774,0
1596168144.1979213,198.52350065485163,0.6329059241753774,0
1596168144.2079213,200.32538721338435,0.6329059241753774,0
1596168144.2179213,202.12534258142634,0.6329059241753774,0
1596168144.2279212,203.92443964258356,0.6329059241753774,0
1596168144.2379212,205.72306463495417,0.6329059241753774,0
1596168144.2479212,207.52550909296198,0.6329059241753774,0
1596168144.2579212,209.32434866205378,0.6329059241753774,0
1596168144.2679212,211.12318823114558,0.6329059241753774,0
1596168144.2779212,212.92455980554743,0.6329059241753774,0
1596168144.2879212,214.72490141168757,0.6329059241753774,0
1596168144.2979212,216.52507135645075,0.6329059241753774,0
1596168144.3079212,218.32451174036188,0.6329059241753774,0
1596168144.3179212,220.12442419305964,0.6329059241753774,0
1596168144.3279212,221.92463705316706,0.6329059241753774,0
1596168144.3379211,223.7251074053399,0.6329059241753774,0
1596168144.3479211,225.52411863580866,0.6329059241753774,0
1596168144.3579211,227.32463190332575,0.6329059241753774,0
1596168144.367921,229.1239864565484,0.6329059241753774,0
1596168144.377921,230.92368433252497,0.6329059241753774,0
1596168144.387921,232.72303888574763,0.6329059241753774,0
1596168144.397921,234.5236379839532,0.6329059241753774,0
1596168144.407921,236.32509538904353,0.6329059241753774,0
1596168144.417921,238.12303373590632,0.6329059241753774,0
1596168144.427921,239.92346117273493,0.6329059241753774,0
1596168144.437921,241.72470400110407,0.6329059241753774,0
1596168144.447921,243.52465936914606,0.6329059241753774,0
1596168144.457921,245.3240997530572,0.6329059241753774,0
1596168144.467921,247.12358305231257,0.6329059241753774,0
1596168144.477921,248.92418215051813,0.6329059241753774,0
1596168144.487921,250.72615453973933,0.6329059241753774,0
1596168144.497921,252.52606699243708,0.6329059241753774,0
1596168144.507921,254.32610819116755,0.6329059241753774,0
1596168144.517921,256.12507650629203,0.6329059241753774,0
1596168144.527921,257.92361566797416,0.6329059241753774,0
1596168144.537921,259.7250730730645,0.6329059241753774,0
1596168144.547921,261.5234834887139,0.6329059241753774,0
1596168144.557921,263.3259279467217,0.6329059241753774,0
1596168144.567921,265.12313673273246,0.6329059241753774,0
1596168144.577921,266.92489454523246,0.6329059241753774,0
1596168144.587921,268.72373411432426,0.6329059241753774,0
1596168144.597921,270.5248481966607,0.6329059241753774,0
1596168144.6033058,271.4922029711358,0.6329059241753774,0
1596168144.6033058,271.4922029711358,0.6329059241753774,0
1596168144.607921,272.3240740038506,0.6329059241753774,0
1596168144.6179209,274.12463018671195,0.6329059241753774,0
1596168144.6279209,275.92424223200004,0.6329059241753774,0
1596168144.6379209,277.7232534624688,0.6329059241753774,0
1596168144.6479208,279.5253545977227,0.6329059241753774,0
1596168144.6579208,281.3239795900933,0.6329059241753774,0
1596168144.6679208,283.12457868829887,0.6329059241753774,0
1596168144.6779208,284.92487737909477,0.6329059241753774,0
1596168144.6879208,286.7253477312676,0.6329059241753774,0
1596168144.6979208,288.5231573320977,0.6329059241753774,0
1596168144.7079208,290.3251726366631,0.6329059241753774,0
1596168144.7179208,292.12349722162406,0.6329059241753774,0
1596168144.7279208,293.9252121187798,0.6329059241753774,0
1596168144.7379208,295.7242233492486,0.6329059241753774,0
1596168144.7479208,297.52362081781547,0.6329059241753774,0
1596168144.7579207,299.32387659326713,0.6329059241753774,0
1596168144.7679207,301.12610647455375,0.6329059241753774,0
1596168144.7779207,302.92438814417045,0.6329059241753774,0
1596168144.7879207,304.7238714434258,0.6329059241753774,0
1596168144.7979207,306.5252430178277,0.6329059241753774,0
1596168144.8079207,308.32549879327934,0.6329059241753774,0
1596168144.8179207,310.1233942247979,0.6329059241753774,0
1596168144.8279207,311.9254095293633,0.6329059241753774,0
1596168144.8379207,313.72442075983207,0.6329059241753774,0
1596168144.8479207,315.5236036516778,0.6329059241753774,0
1596168144.8579206,317.3259622789971,0.6329059241753774,0
1596168144.8679206,319.12325689569633,0.6329059241753774,0
1596168144.8779206,320.92334100977104,0.6329059241753774,0
1596168144.8879206,322.7233822085015,0.6329059241753774,0
1596168144.8979206,324.52496835962455,0.6329059241753774,0
1596168144.9079206,326.32380792871635,0.6329059241753774,0
1596168144.9179206,328.12625238672416,0.6329059241753774,0
1596168144.9279206,329.92620775476615,0.6329059241753774,0
1596168144.9379206,331.7241890169732,0.6329059241753774,0
1596168144.9479206,333.5254318453423,0.6329059241753774,0
1596168144.9579206,335.3244430758111,0.6329059241753774,0
1596168144.962178,336.08919451013725,0.6329059241753774,0
1596168144.962178,336.08919451013725,0.6329059241753774,0
1596168144.9679205,337.1251280047051,0.6329059241753774,0
1596168144.9779205,338.9251692034356,0.6329059241753774,0
1596168144.9879205,340.7260687090508,0.6329059241753774,0
1596168144.9979205,342.5260240770928,0.6329059241753774,0
1596168145.0079205,344.32387659326713,0.6329059241753774,0
1596168145.0179205,346.1229307390801,0.6329059241753774,0
1596168145.0279205,347.9238731600396,0.6329059241753774,0
1596168145.0379205,349.72503015772025,0.6329059241753774,0
1596168145.0479205,351.52541467920463,0.6329059241753774,0
1596168145.0579205,353.323996756231,0.6329059241753774,0
1596168145.0679204,355.12378046289604,0.6329059241753774,0
1596168145.0779204,356.9251520372979,0.6329059241753774,0
1596168145.0879204,358.7253219820611,0.6329059241753774,0
1596168145.0950198,360,0.6329059241753774,1
1596168145.0950198,0,0,0
1596168145.1050198,214.3693752099713,1.1809316846008877,0
1596168145.1150198,216.1696739007672,1.1809316846008877,0
1596168145.1250198,217.96945760743225,1.1809316846008877,0
1596168145.1350198,219.76898382203186,1.1809316846008877,0
1596168145.1450198,221.57069871918762,1.1809316846008877,0
1596168145.1550198,223.36777875916565,1.1809316846008877,0
1596168145.1650198,225.17030904786193,1.1809316846008877,0
1596168145.1750197,226.96992109315002,1.1809316846008877,0
1596168145.1850197,228.76781652466858,1.1809316846008877,0
1596168145.1950197,230.5712909509381,1.1809316846008877,0
1596168145.2050197,232.37043092743957,1.1809316846008877,0
1596168145.2150197,234.1687555124005,1.1809316846008877,0
1596168145.2250197,235.97012708680236,1.1809316846008877,0
1596168145.2350197,237.76802251832092,1.1809316846008877,0
1596168145.2450197,239.5698661615094,1.1809316846008877,0
1596168145.2550197,241.37025068299377,1.1809316846008877,0
1596168145.2650197,243.1695623208722,1.1809316846008877,0
1596168145.2750196,244.97106264130676,1.1809316846008877,0
1596168145.2850196,246.7696018029889,1.1809316846008877,0
1596168145.2950196,248.56985757844055,1.1809316846008877,0
1596168145.3050196,250.36848257081115,1.1809316846008877,0
1596168145.3150196,252.16959665314758,1.1809316846008877,0
1596168145.3250196,253.97041032807434,1.1809316846008877,0
1596168145.3350196,255.7686490823468,1.1809316846008877,0
1596168145.3450196,257.5681323816022,1.1809316846008877,0
1596168145.3550196,259.3698043634137,1.1809316846008877,0
1596168145.3650196,261.1710042764386,1.1809316846008877,0
1596168145.3750196,262.96864221589175,1.1809316846008877,0
1596168145.3850195,264.768468837901,1.1809316846008877,0
1596168145.3950195,266.56855295197573,1.1809316846008877,0
1596168145.4050195,268.36773584382144,1.1809316846008877,0
1596168145.4150195,270.16850660340396,1.1809316846008877,0
1596168145.4250195,271.9685048867902,1.1809316846008877,0
1596168145.4350195,273.7705201913556,1.1809316846008877,0
1596168145.4450195,275.56837270752993,1.1809316846008877,0
1596168145.4550195,277.3707742501935,1.1809316846008877,0
1596168145.4650195,279.16776845948306,1.1809316846008877,0
1596168145.4750195,280.9682388116559,1.1809316846008877,0
1596168145.4850194,282.77025411622134,1.1809316846008877,0
1596168145.4950194,284.5701665689191,1.1809316846008877,0
1596168145.5050194,286.3708085824689,1.1809316846008877,0
1596168145.5150194,288.1703347970685,1.1809316846008877,0
1596168145.5250194,289.96857355134097,1.1809316846008877,0
1596168145.5350194,291.77054594056216,1.1809316846008877,0
1596168145.5450194,293.56882761017886,1.1809316846008877,0
1596168145.5550194,295.36826799409,1.1809316846008877,0
1596168145.5650194,297.16809461609927,1.1809316846008877,0
1596168145.5660508,297.35327432648745,1.1809316846008877,0
1596168145.5660508,297.35327432648745,1.1809316846008877,0
1596168145.5750194,298.96950910584536,1.1809316846008877,0
1596168145.5850194,300.7708806802472,1.1809316846008877,0
1596168145.5950193,302.56954858796206,1.1809316846008877,0
1596168145.6050193,304.3694610406598,1.1809316846008877,0
1596168145.6150193,306.168729763194,1.1809316846008877,0
1596168145.6250193,307.96821306244937,1.1809316846008877,0
1596168145.6350193,309.76894090668765,1.1809316846008877,0
1596168145.6450193,311.5687246133527,1.1809316846008877,0
1596168145.6550193,313.3684654046735,1.1809316846008877,0
1596168145.6650193,315.1687640954694,1.1809316846008877,0
1596168145.6750193,316.9703073312482,1.1809316846008877,0
1596168145.6850193,318.7690610696515,1.1809316846008877,0
1596168145.6950192,320.5679006387433,1.1809316846008877,0
1596168145.7050192,322.370860080882,1.1809316846008877,0
1596168145.7150192,324.1685838510236,1.1809316846008877,0
1596168145.7250192,325.9677667428693,1.1809316846008877,0
1596168145.7350192,327.76759336487856,1.1809316846008877,0
1596168145.7450192,329.56797788636294,1.1809316846008877,0
1596168145.7550192,331.37050817505923,1.1809316846008877,0
1596168145.7650192,333.17029188172427,1.1809316846008877,0
1596168145.7750192,334.9684877206525,1.1809316846008877,0
1596168145.7850192,336.76840017335024,1.1809316846008877,0
1596168145.7950191,338.56835554139224,1.1809316846008877,0
1596168145.8050191,340.3692979623517,1.1809316846008877,0
1596168145.8150191,342.17101285950747,1.1809316846008877,0
1596168145.8250191,343.97006700532046,1.1809316846008877,0
1596168145.835019,345.7702798654279,1.1809316846008877,0
1596168145.845019,347.5689048577985,1.1809316846008877,0
1596168145.855019,349.3709201623639,1.1809316846008877,0
1596168145.865019,351.16903017060366,1.1809316846008877,0
1596168145.875019,352.97023008362856,1.1809316846008877,0
1596168145.885019,354.76941297547427,1.1809316846008877,0
1596168145.895019,356.5689391900739,1.1809316846008877,0
1596168145.905019,358.36975286500063,1.1809316846008877,0
1596168145.9140923,360,1.1809316846008877,1
1596168145.9140923,0,0,0
1596168145.9240923,105.83359145856201,0.5779536776926948,0
1596168145.9340923,107.6337614033252,0.5779536776926948,0
1596168145.9440923,109.43200015759766,0.5779536776926948,0
1596168145.9540923,111.23195552563965,0.5779536776926948,0
1596168145.9640923,113.03362750745117,0.5779536776926948,0
1596168145.9740922,114.83229541516602,0.5779536776926948,0
1596168145.9840922,116.63461112714111,0.5779536776926948,0
1596168145.9940922,118.4345664951831,0.5779536776926948,0
1596168146.0040922,120.23267650342285,0.5779536776926948,0
1596168146.0140922,122.034820554021,0.5779536776926948,0
1596168146.0240922,123.83297347760498,0.5779536776926948,0
1596168146.0340922,125.63241386151611,0.5779536776926948,0
1596168146.0440922,127.4340429279834,0.5779536776926948,0
1596168146.0540922,129.23421287274658,0.5779536776926948,0
1596168146.0640922,131.03167915082275,0.5779536776926948,0
1596168146.0740921,132.8318061802417,0.5779536776926948,0
1596168146.0840921,134.63407897687256,0.5779536776926948,0
1596168146.0940921,136.4319744083911,0.5779536776926948,0
1596168146.1040921,138.2347192738086,0.5779536776926948,0
1596168146.1136634,139.95446586346924,0.5779536776926948,0
1596168146.1136634,139.95446586346924,0.5779536776926948,0
1596168146.114092,140.0339021656543,0.5779536776926948,0
1596168146.124092,141.8323125813037,0.5779536776926948,0
1596168146.134092,143.6346282932788,0.5779536776926948,0
1596168146.144092,145.43351077771484,0.5779536776926948,0
1596168146.154092,147.23260783887207,0.5779536776926948,0
1596168146.164092,149.03346442914307,0.5779536776926948,0
1596168146.174092,150.83281898236572,0.5779536776926948,0
1596168146.184092,152.6339759800464,0.5779536776926948,0
1596168146.194092,154.4331588718921,0.5779536776926948,0
1596168146.204092,156.23251342511475,0.5779536776926948,0
1596168146.214092,158.03229713177979,0.5779536776926948,0
1596168146.224092,159.83456992841064,0.5779536776926948,0
1596168146.234092,161.6335811588794,0.5779536776926948,0
1596168146.244092,163.43452357983887,0.5779536776926948,0
1596168146.254092,165.23344897961914,0.5779536776926948,0
1596168146.264092,167.03181647992432,0.5779536776926948,0
1596168146.274092,168.83447551465332,0.5779536776926948,0
1596168146.284092,170.63383006787598,0.5779536776926948,0
1596168146.294092,172.4343862507373,0.5779536776926948,0
1596168146.304092,174.23172378278076,0.5779536776926948,0
1596168146.314092,176.03455447888672,0.5779536776926948,0
1596168146.324092,177.83296489453613,0.5779536776926948,0
1596168146.334092,179.63339233136475,0.5779536776926948,0
1596168146.344092,181.4321889851123,0.5779536776926948,0
1596168146.354092,183.2348480198413,0.5779536776926948,0
1596168146.3640919,185.03471755719482,0.5779536776926948,0
1596168146.3740919,186.83248424268066,0.5779536776926948,0
1596168146.3840919,188.6331691715747,0.5779536776926948,0
1596168146.3940918,190.4338111851245,0.5779536776926948,0
1596168146.4040918,192.2345390293628,0.5779536776926948,0
1596168146.4140918,194.03488063550293,0.5779536776926948,0
1596168146.4240918,195.8323469135791,0.5779536776926948,0
1596168146.4340918,197.63234519696533,0.5779536776926948,0
1596168146.4440918,199.43255805707275,0.5779536776926948,0
1596168146.4540918,201.23259925580322,0.5779536776926948,0
1596168146.4640918,203.03324126935303,0.5779536776926948,0
1596168146.4740918,204.8323812458545,0.5779536776926948,0
1596168146.4840918,206.63263702130615,0.5779536776926948,0
1596168146.4940917,208.4316482517749,0.5779536776926948,0
1596168146.5040917,210.23164653516113,0.5779536776926948,0
1596168146.5140917,212.0334901783496,0.5779536776926948,0
1596168146.5240917,213.83172893262207,0.5779536776926948,0
1596168146.533788,215.57688140607178,0.5779536776926948,0
1596168146.533788,215.57688140607178,0.5779536776926948,0
1596168146.5340917,215.6343021366626,0.5779536776926948,0
1596168146.5440917,217.43194007611572,0.5779536776926948,0
1596168146.5540917,219.23464202618896,0.5779536776926948,0
1596168146.5640917,221.03232288098633,0.5779536776926948,0
1596168146.5740917,222.83390903210937,0.5779536776926948,0
1596168146.5840917,224.63197612500488,0.5779536776926948,0
1596168146.5940917,226.4316310856372,0.5779536776926948,0
1596168146.6040916,228.23274516797363,0.5779536776926948,0
1596168146.6140916,230.0334730122119,0.5779536776926948,0
1596168146.618903,230.8975734684497,0.5779536776926948,0
1596168146.618903,230.8975734684497,0.5779536776926948,0
1596168146.6240916,231.83261298871338,0.5779536776926948,0
1596168146.6340916,233.63179588055908,0.5779536776926948,0
1596168146.6440916,235.43398284650146,0.5779536776926948,0
1596168146.6540916,237.2328653309375,0.5779536776926948,0
1596168146.6640916,239.03432273602783,0.5779536776926948,0
1596168146.6740916,240.83320522046387,0.5779536776926948,0
1596168146.6840916,242.63328933453857,0.5779536776926948,0
1596168146.6940916,244.43285846448242,0.5779536776926948,0
1596168146.7040915,246.23453044629395,0.5779536776926948,0
1596168146.7140915,248.03487205243408,0.5779536776926948,0
1596168146.7240915,249.83199500775635,0.5779536776926948,0
1596168146.7340915,251.633152005437,0.5779536776926948,0
1596168146.7440915,253.43448066449463,0.5779536776926948,0
1596168146.7540915,255.23203277325928,0.5779536776926948,0
1596168146.7640915,257.03241729474365,0.5779536776926948,0
1596168146.7740915,258.8343467686206,0.5779536776926948,0
1596168146.7840915,260.6320705387622,0.5779536776926948,0
1596168146.7940915,262.4339141819507,0.5779536776926948,0
1596168146.8040915,264.2338695499927,0.5779536776926948,0
1596168146.8140914,266.0338678333789,0.5779536776926948,0
1596168146.8240914,267.8318061802417,0.5779536776926948,0
1596168146.8340914,269.63206195569336,0.5779536776926948,0
1596168146.8440914,271.4346351597339,0.5779536776926948,0
1596168146.8540914,273.23287391400635,0.5779536776926948,0
1596168146.8640914,275.03463172650635,0.5779536776926948,0
1596168146.8740914,276.8332138035327,0.5779536776926948,0
1596168146.8840914,278.632139203313,0.5779536776926948,0
1596168146.8940914,280.4345836613208,0.5779536776926948,0
1596168146.9040914,282.23187827802,0.5779536776926948,0
1596168146.9140913,284.03320693707764,0.5779536776926948,0
1596168146.9240913,285.8321323368579,0.5779536776926948,0
1596168146.9340913,287.63350391125977,0.5779536776926948,0
1596168146.9440913,289.43466090894043,0.5779536776926948,0
1596168146.9540913,291.23182677960693,0.5779536776926948,0
1596168146.9640913,293.0343570683032,0.5779536776926948,0
1596168146.9740913,294.83456992841064,0.5779536776926948,0
1596168146.9840913,296.6321220371753,0.5779536776926948,0
1596168146.9940913,298.4328498814136,0.5779536776926948,0
1596168147.0040913,300.2318181965381,0.5779536776926948,0
1596168147.0140913,302.03207397198975,0.5779536776926948,0
1596168147.0240912,303.8348188374072,0.5779536776926948,0
1596168147.0340912,305.6327142689258,0.5779536776926948,0
1596168147.0440912,307.4315967533618,0.5779536776926948,0
1596168147.0540912,309.23180961346924,0.5779536776926948,0
1596168147.0640912,311.0347690556079,0.5779536776926948,0
1596168147.0740912,312.83468150830566,0.5779536776926948,0
1596168147.0840912,314.6339931461841,0.5779536776926948,0
1596168147.0940912,316.43360519147217,0.5779536776926948,0
1596168147.1040912,318.2315006229907,0.5779536776926948,0
1596168147.1140912,320.0323142979175,0.5779536776926948,0
1596168147.1240911,321.8346729252368,0.5779536776926948,0
1596168147.1340911,323.6329116795093,0.5779536776926948,0
1596168147.1440911,325.43351077771484,0.5779536776926948,0
1596168147.1540911,327.23282241559326,0.5779536776926948,0
1596168147.164091,329.0321340534717,0.5779536776926948,0
1596168147.174091,330.8339347813159,0.5779536776926948,0
1596168147.184091,332.6323022816211,0.5779536776926948,0
1596168147.194091,334.43401717877686,0.5779536776926948,0
1596168147.204091,336.23264217114746,0.5779536776926948,0
1596168147.214091,338.03268336987793,0.5779536776926948,0
1596168147.224091,339.83302497601807,0.5779536776926948,0
1596168147.234091,341.6314353916675,0.5779536776926948,0
1596168147.244091,343.4343519184619,0.5779536776926948,0
1596168147.254091,345.2314748737842,0.5779536776926948,0
1596168147.264091,347.0343914005786,0.5779536776926948,0
1596168147.274091,348.8319864246875,0.5779536776926948,0
1596168147.284091,350.6331005070239,0.5779536776926948,0
1596168147.294091,352.43172549939453,0.5779536776926948,0
1596168147.304091,354.2324533436328,0.5779536776926948,0
1596168147.314091,356.0323228809863,0.5779536776926948,0
1596168147.324091,357.8314628574878,0.5779536776926948,0
1596168147.334091,359.63270568585693,0.5779536776926948,0
1596168147.3361523,360,0.5779536776926948,1
1596168147.3361523,0,0,0
1596168147.3461523,206.96826535843536,1.139818460763755,0
1596168147.3561523,208.76976567886993,1.139818460763755,0
1596168147.3661523,210.5700214543216,1.139818460763755,0
1596168147.3761523,212.36834603928253,1.139818460763755,0
1596168147.3861523,214.16774350784942,1.139818460763755,0
1596168147.3961523,215.97005921982452,1.139818460763755,0
1596168147.4061522,217.77040082596466,1.139818460763755,0
1596168147.4161522,219.5703132786624,1.139818460763755,0
1596168147.4261522,221.3679083027713,1.139818460763755,0
1596168147.4361522,223.1677778401248,1.139818460763755,0
1596168147.4461522,224.96914941452667,1.139818460763755,0
1596168147.4561522,226.76884729050323,1.139818460763755,0
1596168147.4661522,228.56738645218536,1.139818460763755,0
1596168147.4761522,230.36970216416046,1.139818460763755,0
1596168147.4861522,232.1694858708255,1.139818460763755,0
1596168147.490271,232.9087026753299,1.139818460763755,0
1596168147.490271,232.9087026753299,1.139818460763755,0
1596168147.4961522,233.9677675404422,1.139818460763755,0
1596168147.5061522,235.76969701431915,1.139818460763755,0
1596168147.5161521,237.56887990616485,1.139818460763755,0
1596168147.5261521,239.36883527420684,1.139818460763755,0
1596168147.5361521,241.1681898274295,1.139818460763755,0
1596168147.546152,242.96956140183136,1.139818460763755,0
1596168147.556152,244.7696884312503,1.139818460763755,0
1596168147.566152,246.56934339188263,1.139818460763755,0
1596168147.576152,248.3705003895633,1.139818460763755,0
1596168147.586152,250.17028409622833,1.139818460763755,0
1596168147.596152,251.96835118912384,1.139818460763755,0
1596168147.606152,253.7682636418216,1.139818460763755,0
1596168147.616152,255.5674465336673,1.139818460763755,0
1596168147.626152,257.36748773239776,1.139818460763755,0
1596168147.636152,259.16843015335724,1.139818460763755,0
1596168147.646152,260.96795636795684,1.139818460763755,0
1596168147.656152,262.77005750321075,1.139818460763755,0
1596168147.666152,264.56988412522,1.139818460763755,0
1596168147.676152,266.36898118637725,1.139818460763755,0
1596168147.686152,268.16739160202667,1.139818460763755,0
1596168147.696152,269.96833402298614,1.139818460763755,0
1596168147.706152,271.77030641220733,1.139818460763755,0
1596168147.716152,273.5702188649051,1.139818460763755,0
1596168147.726152,275.36832887314483,1.139818460763755,0
1596168147.736152,277.17012960098907,1.139818460763755,0
1596168147.746152,278.9696558155887,1.139818460763755,0
1596168147.756152,280.7706411518924,1.139818460763755,0
1596168147.766152,282.56866532944366,1.139818460763755,0
1596168147.776152,284.37042314194366,1.139818460763755,0
1596168147.786152,286.16960603378936,1.139818460763755,0
1596168147.7961519,287.9694755711429,1.139818460763755,0
1596168147.8061519,289.7694309391849,1.139818460763755,0
1596168147.8161519,291.5684421696536,1.139818460763755,0
1596168147.8261518,293.37011415146515,1.139818460763755,0
1596168147.8361518,295.16852456711456,1.139818460763755,0
1596168147.8461518,296.96847993515655,1.139818460763755,0
1596168147.8561518,298.76967984818145,1.139818460763755,0
1596168147.8661518,300.56954938553497,1.139818460763755,0
1596168147.8761518,302.36924726151153,1.139818460763755,0
1596168147.8861518,304.16898805283233,1.139818460763755,0
1596168147.8961518,305.96842843674347,1.139818460763755,0
1596168147.9061518,307.7700145878665,1.139818460763755,0
1596168147.9161518,309.56791001938507,1.139818460763755,0
1596168147.9261518,311.3679941334598,1.139818460763755,0
1596168147.9361517,313.1695802845828,1.139818460763755,0
1596168147.9453945,314.83091909073516,1.139818460763755,0
1596168147.9453945,314.83091909073516,1.139818460763755,0
1596168147.9461517,314.96833402298614,1.139818460763755,0
1596168147.9561517,316.77030641220733,1.139818460763755,0
1596168147.9661517,318.5704334416263,1.139818460763755,0
1596168147.9761517,320.36755639694854,1.139818460763755,0
1596168147.9861517,322.1679409184329,1.139818460763755,0
1596168147.9961517,323.9693124928348,1.139818460763755,0
1596168148.0061517,325.7690532841556,1.139818460763755,0
1596168148.0161517,327.5696094670169,1.139818460763755,0
1596168148.0261517,329.367419067847,1.139818460763755,0
1596168148.0361516,331.1705501713626,1.139818460763755,0
1596168148.0461516,332.9702909626834,1.139818460763755,0
1596168148.0561516,334.7703321614139,1.139818460763755,0
1596168148.0661516,336.57028752945587,1.139818460763755,0
1596168148.0761516,338.3690412678592,1.139818460763755,0
1596168148.0861516,340.16749459885284,1.139818460763755,0
1596168148.0961516,341.96835118912384,1.139818460763755,0
1596168148.1061516,343.770323578345,1.139818460763755,0
1596168148.1161516,345.56954938553497,1.139818460763755,0
1596168148.1261516,347.3683460392825,1.139818460763755,0
1596168148.1361516,349.1699321904056,1.139818460763755,0
1596168148.1461515,350.9688146748416,1.139818460763755,0
1596168148.1561515,352.77061540268585,1.139818460763755,0
1596168148.1661515,354.56992704056427,1.139818460763755,0
1596168148.1761515,356.3688953556888,1.139818460763755,0
1596168148.1861515,358.169794861304,1.139818460763755,0
1596168148.1961515,359.9686344303958,1.139818460763755,0
1596168148.1963367,360,1.139818460763755,1
1596168148.1963367,0,0,0
1596168148.2063367,193.4329025076083,1.0646196162955914,0
1596168148.2163367,195.23315828305996,1.0646196162955914,0
1596168148.2263367,197.03410070401944,1.0646196162955914,0
1596168148.2363367,198.83397024137295,1.0646196162955914,0
1596168148.2463367,200.63366811734952,1.0646196162955914,0
1596168148.2563367,202.43190687162198,1.0646196162955914,0
1596168148.2663367,204.23310678464688,1.0646196162955914,0
1596168148.2763367,206.0340062902621,1.0646196162955914,0
1596168148.2863367,207.83413331968106,1.0646196162955914,0
1596168148.2963367,209.63318746549405,1.0646196162955914,0
1596168148.3063366,211.434215717142,1.0646196162955914,0
1596168148.3163366,213.23232572538174,1.0646196162955914,0
1596168148.3263366,215.03468435270108,1.0646196162955914,0
1596168148.3363366,216.83223646146573,1.0646196162955914,0
1596168148.3463366,218.63244932157315,1.0646196162955914,0
1596168148.3563366,220.43163221341885,1.0646196162955914,0
1596168148.3663366,222.23163049680508,1.0646196162955914,0
1596168148.3763366,224.03454702359952,1.0646196162955914,0
1596168148.3863366,225.8332578466586,1.0646196162955914,0
1596168148.3963366,227.63248365384854,1.0646196162955914,0
1596168148.4063365,229.43269651395596,1.0646196162955914,0
1596168148.4163365,231.23205106717862,1.0646196162955914,0
1596168148.4263365,233.03149145108975,1.0646196162955914,0
1596168148.4363365,234.83359258634366,1.0646196162955914,0
1596168148.44426,236.25769536954678,1.0646196162955914,0
1596168148.44426,236.25769536954678,1.0646196162955914,0
1596168148.4463365,236.63479249936856,1.0646196162955914,0
1596168148.4563365,238.43376081449307,1.0646196162955914,0
1596168148.4663365,240.232085399454,1.0646196162955914,0
1596168148.4763365,242.0325986669711,1.0646196162955914,0
1596168148.4863365,243.83422773343838,1.0646196162955914,0
1596168148.4963365,245.6338826940707,1.0646196162955914,0
1596168148.5063365,247.43302267057217,1.0646196162955914,0
1596168148.5163364,249.23276346189297,1.0646196162955914,0
1596168148.5263364,251.03370588285244,1.0646196162955914,0
1596168148.5363364,252.8338329122714,1.0646196162955914,0
1596168148.5463364,254.63353078824795,1.0646196162955914,0
1596168148.5563364,256.43425863248626,1.0646196162955914,0
1596168148.5663364,258.23477190000335,1.0646196162955914,0
1596168148.5763364,260.03146570188323,1.0646196162955914,0
1596168148.5863364,261.83378141385833,1.0646196162955914,0
1596168148.5963364,263.6327068136386,1.0646196162955914,0
1596168148.6063364,265.432919673746,1.0646196162955914,0
1596168148.6163363,267.23214548093597,1.0646196162955914,0
1596168148.6263363,269.03411787015716,1.0646196162955914,0
1596168148.6363363,270.83364408475677,1.0646196162955914,0
1596168148.6463363,272.633642368143,1.0646196162955914,0
1596168148.6563363,274.4329540060214,1.0646196162955914,0
1596168148.6663363,276.23475473386566,1.0646196162955914,0
1596168148.6763363,278.03393762571136,1.0646196162955914,0
1596168148.6863363,279.8341504858188,1.0646196162955914,0
1596168148.6963363,281.63196008664886,1.0646196162955914,0
1596168148.7063363,283.43461912137786,1.0646196162955914,0
1596168148.7163363,285.2323858068637,1.0646196162955914,0
1596168148.7263362,287.0319120214633,1.0646196162955914,0
1596168148.7363362,288.8314382360629,1.0646196162955914,0
1596168148.7463362,290.6317369268588,1.0646196162955914,0
1596168148.7563362,292.4322501943759,1.0646196162955914,0
1596168148.7663362,294.2319909856967,1.0646196162955914,0
1596168148.7763362,296.03220384580413,1.0646196162955914,0
1596168148.7863362,297.83456247312347,1.0646196162955914,0
1596168148.7963362,299.6340886877231,1.0646196162955914,0
1596168148.8063362,301.4331857488803,1.0646196162955914,0
1596168148.8163362,303.23498647672454,1.0646196162955914,0
1596168148.8263361,305.0322381780795,1.0646196162955914,0
1596168148.8363361,306.83494012815277,1.0646196162955914,0
1596168148.8463361,308.6343805120639,1.0646196162955914,0
1596168148.856336,310.43429296476165,1.0646196162955914,0
1596168148.866336,312.23223131162445,1.0646196162955914,0
1596168148.876336,314.03489034635345,1.0646196162955914,0
1596168148.886336,315.8329145239047,1.0646196162955914,0
1596168148.896336,317.63248365384857,1.0646196162955914,0
1596168148.906336,319.4348422811679,1.0646196162955914,0
1596168148.9106348,320.20517271024505,1.0646196162955914,0
1596168148.9106348,320.20517271024505,1.0646196162955914,0
1596168148.916336,321.23419683439056,1.0646196162955914,0
1596168148.926336,323.0340663717441,1.0646196162955914,0
1596168148.936336,324.83423631650726,1.0646196162955914,0
1596168148.946336,326.6320030019931,1.0646196162955914,0
1596168148.956336,328.4347478674106,1.0646196162955914,0
1596168148.966336,330.2330295370273,1.0646196162955914,0
1596168148.976336,332.03251283628265,1.0646196162955914,0
1596168148.986336,333.83238237363616,1.0646196162955914,0
1596168148.996336,335.6320373342685,1.0646196162955914,0
1596168149.006336,337.4340097234897,1.0646196162955914,0
1596168149.016336,339.2349092291049,1.0646196162955914,0
1596168149.026336,341.0329763220004,1.0646196162955914,0
1596168149.036336,342.83486288053314,1.0646196162955914,0
1596168149.046336,344.6331016348056,1.0646196162955914,0
1596168149.056336,346.43348615629,1.0646196162955914,0
1596168149.066336,348.233269862955,1.0646196162955914,0
1596168149.076336,350.0339118765048,1.0646196162955914,0
1596168149.086336,351.83412473661224,1.0646196162955914,0
1596168149.096336,353.63219182950775,1.0646196162955914,0
1596168149.1063359,355.43296258909027,1.0646196162955914,0
1596168149.1163359,357.23210256559173,1.0646196162955914,0
1596168149.1263359,359.0324870870761,1.0646196162955914,0
1596168149.1317234,360,1.0646196162955914,1
1596168149.1317234,0,0,0
1596168149.1417234,196.4854937066283,1.0815746415928813,0
1596168149.1517234,198.28484825985095,1.0815746415928813,0
1596168149.1617234,200.08583359615466,1.0815746415928813,0
1596168149.1717234,201.88566021816393,1.0815746415928813,0
1596168149.1817234,203.68419937984606,1.0815746415928813,0
1596168149.1917233,205.48514180080554,1.0815746415928813,0
1596168149.2017233,207.28578381435534,1.0815746415928813,0
1596168149.2117233,209.08432297603747,1.0815746415928813,0
1596168149.2217233,210.88663868801257,1.0815746415928813,0
1596168149.2317233,212.68526368038317,1.0815746415928813,0
1596168149.2417233,214.48676400081774,1.0815746415928813,0
1596168149.2517233,216.28620438472888,1.0815746415928813,0
1596168149.2617233,218.08487229244372,1.0815746415928813,0
1596168149.2717233,219.88688759700915,1.0815746415928813,0
1596168149.2817233,221.68448262111804,1.0815746415928813,0
1596168149.2917233,223.48658375637194,1.0815746415928813,0
1596168149.2969935,224.43205170528552,1.0815746415928813,0
1596168149.2969935,224.43205170528552,1.0815746415928813,0
1596168149.3017232,225.28405003444811,1.0815746415928813,0
1596168149.3117232,227.0842199792113,1.0815746415928813,0
1596168149.3217232,228.88434700863024,1.0815746415928813,0
1596168149.3317232,230.68601899044177,1.0815746415928813,0
1596168149.3417232,232.4862318505492,1.0815746415928813,0
1596168149.3517232,234.28438477413317,1.0815746415928813,0
1596168149.3617232,236.08687214748522,1.0815746415928813,0
1596168149.3717232,237.88674168483874,1.0815746415928813,0
1596168149.3817232,239.68549542324206,1.0815746415928813,0
1596168149.3917232,241.48575119869372,1.0815746415928813,0
1596168149.4017231,243.2861357201781,1.0815746415928813,0
1596168149.4117231,245.08506111995837,1.0815746415928813,0
1596168149.4217231,246.88407235042712,1.0815746415928813,0
1596168149.431723,248.68432812587878,1.0815746415928813,0
1596168149.441723,250.48535637752673,1.0815746415928813,0
1596168149.451723,252.2848396767821,1.0815746415928813,0
1596168149.461723,254.08445172207018,1.0815746415928813,0
1596168149.471723,255.88569455043933,1.0815746415928813,0
1596168149.481723,257.685950325891,1.0815746415928813,0
1596168149.491723,259.4852619637694,1.0815746415928813,0
1596168149.501723,261.2849169244017,1.0815746415928813,0
1596168149.511723,263.08414273159167,1.0815746415928813,0
1596168149.521723,264.8837118615355,1.0815746415928813,0
1596168149.531723,266.68349556820056,1.0815746415928813,0
1596168149.541723,268.48422341243884,1.0815746415928813,0
1596168149.551723,270.2837925423827,1.0815746415928813,0
1596168149.561723,272.0860224236693,1.0815746415928813,0
1596168149.571723,273.8854198922362,1.0815746415928813,0
1596168149.581723,275.68567566768786,1.0815746415928813,0
1596168149.591723,277.4855881203856,1.0815746415928813,0
1596168149.601723,279.28425602810046,1.0815746415928813,0
1596168149.611723,281.08442597286364,1.0815746415928813,0
1596168149.621723,282.8842525948729,1.0815746415928813,0
1596168149.631723,284.6850662697997,1.0815746415928813,0
1596168149.641723,286.4863949288573,1.0815746415928813,0
1596168149.651723,288.28407578365466,1.0815746415928813,0
1596168149.661723,290.08446030513903,1.0815746415928813,0
1596168149.671723,291.88390068905017,1.0815746415928813,0
1596168149.6817229,293.6853580941405,1.0815746415928813,0
1596168149.6917229,295.483425187036,1.0815746415928813,0
1596168149.7017229,297.28591256038806,1.0815746415928813,0
1596168149.7117229,299.0833788384642,1.0815746415928813,0
1596168149.7217228,300.8851366509642,1.0815746415928813,0
1596168149.7317228,302.68389038936755,1.0815746415928813,0
1596168149.7417228,304.4860344399657,1.0815746415928813,0
1596168149.7517228,306.2849169244017,1.0815746415928813,0
1596168149.7617228,308.0850868691649,1.0815746415928813,0
1596168149.7717228,309.8854713906493,1.0815746415928813,0
1596168149.7817228,311.68495468990466,1.0815746415928813,0
1596168149.7917228,313.48443798916,1.0815746415928813,0
1596168149.8017228,315.2867537011351,1.0815746415928813,0
1596168149.8117228,317.08516411678454,1.0815746415928813,0
1596168149.8217227,318.8843899239745,1.0815746415928813,0
1596168149.8317227,320.6861477364745,1.0815746415928813,0
1596168149.8417227,322.48571686641833,1.0815746415928813,0
1596168149.8517227,324.2846422661986,1.0815746415928813,0
1596168149.8617227,326.08511261837145,1.0815746415928813,0
1596168149.8717227,327.88429551021716,1.0815746415928813,0
1596168149.8817227,329.6859674920287,1.0815746415928813,0
1596168149.8917227,331.48356251613757,1.0815746415928813,0
1596168149.9017227,333.2865648736205,1.0815746415928813,0
1596168149.9117227,335.0834303368773,1.0815746415928813,0
1596168149.9171295,336.05653576748034,1.0815746415928813,0
1596168149.9171295,336.05653576748034,1.0815746415928813,0
1596168149.9217227,336.8859606255736,1.0815746415928813,0
1596168149.9317226,338.68565850155017,1.0815746415928813,0
1596168149.9417226,340.4853134621825,1.0815746415928813,0
1596168149.9517226,342.2838526238646,1.0815746415928813,0
1596168149.9617226,344.08552460567614,1.0815746415928813,0
1596168149.9717226,345.8855658044066,1.0815746415928813,0
1596168149.9817226,347.6841907967772,1.0815746415928813,0
1596168149.9917226,349.48530487911364,1.0815746415928813,0
1596168150.0017226,351.28358654873034,1.0815746415928813,0
1596168150.0117226,353.08470063106677,1.0815746415928813,0
1596168150.0217226,354.88555722133776,1.0815746415928813,0
1596168150.0317225,356.68529801265856,1.0815746415928813,0
1596168150.0417225,358.4843950738158,1.0815746415928813,0
1596168150.0501513,360,1.0815746415928813,1
1596168150.0501513,0,0,0
1596168150.0601513,197.89397000843408,1.0893992715176677,0
1596168150.0701513,199.69392537647607,1.0893992715176677,0
1596168150.0801513,201.49353742176416,1.0893992715176677,0
1596168150.083491,202.0930218654287,1.0893992715176677,0
1596168150.083491,202.0930218654287,1.0893992715176677,0
1596168150.0901513,203.2940936046255,1.0893992715176677,0
1596168150.1001513,205.0952076869619,1.0893992715176677,0
1596168150.1101513,206.89456224018457,1.0893992715176677,0
1596168150.1201513,208.6937880473745,1.0893992715176677,0
1596168150.1301513,210.49455880695703,1.0893992715176677,0
1596168150.1401513,212.29266881519678,1.0893992715176677,0
1596168150.1501513,214.09262418323877,1.0893992715176677,0
1596168150.1601512,215.89309453541162,1.0893992715176677,0
1596168150.1701512,217.69262075001123,1.0893992715176677,0
1596168150.1801512,219.49527978474023,1.0893992715176677,0
1596168150.1901512,221.29433393055322,1.0893992715176677,0
1596168150.2001512,223.09240102344873,1.0893992715176677,0
1596168150.2101512,224.89214181476953,1.0893992715176677,0
1596168150.2201512,226.69321298176172,1.0893992715176677,0
1596168150.2301512,228.49454164081934,1.0893992715176677,0
1596168150.2401512,230.29518365436914,1.0893992715176677,0
1596168150.2501512,232.09243535572412,1.0893992715176677,0
1596168150.2601511,233.89251946979883,1.0893992715176677,0
1596168150.2701511,235.69281816059473,1.0893992715176677,0
1596168150.2801511,237.49346017414453,1.0893992715176677,0
1596168150.2901511,239.29341554218652,1.0893992715176677,0
1596168150.300151,241.09319924885156,1.0893992715176677,0
1596168150.310151,242.89182424122217,1.0893992715176677,0
1596168150.320151,244.6950840907705,1.0893992715176677,0
1596168150.330151,246.49512528950098,1.0893992715176677,0
1596168150.340151,248.2927632289541,1.0893992715176677,0
1596168150.350151,250.09460687214258,1.0893992715176677,0
1596168150.360151,251.89512013965967,1.0893992715176677,0
1596168150.370151,253.6924147563589,1.0893992715176677,0
1596168150.380151,255.49258470112207,1.0893992715176677,0
1596168150.390151,257.29326963001614,1.0893992715176677,0
1596168150.400151,259.0918517070425,1.0893992715176677,0
1596168150.410151,260.8924937205923,1.0893992715176677,0
1596168150.420151,262.69498109394436,1.0893992715176677,0
1596168150.430151,264.49493646198636,1.0893992715176677,0
1596168150.440151,266.29523515278225,1.0893992715176677,0
1596168150.450151,268.092443938793,1.0893992715176677,0
1596168150.460151,269.8918414073599,1.0893992715176677,0
1596168150.470151,271.69244050556546,1.0893992715176677,0
1596168150.480151,273.49406957203274,1.0893992715176677,0
1596168150.490151,275.2924370723379,1.0893992715176677,0
1596168150.500151,277.09187745624905,1.0893992715176677,0
1596168150.510151,278.89376401478177,1.0893992715176677,0
1596168150.520151,280.6933331447256,1.0893992715176677,0
1596168150.530151,282.492816443981,1.0893992715176677,0
1596168150.540151,284.29238557392483,1.0893992715176677,0
1596168150.5501509,286.0923409419668,1.0893992715176677,0
1596168150.5601509,287.8941845851553,1.0893992715176677,0
1596168150.5701509,289.6950411754263,1.0893992715176677,0
1596168150.5801508,291.4946532207144,1.0893992715176677,0
1596168150.5901508,293.2943081813467,1.0893992715176677,0
1596168150.6001508,295.0923752742422,1.0893992715176677,0
1596168150.6101508,296.8933606105459,1.0893992715176677,0
1596168150.6201508,298.69301557117825,1.0893992715176677,0
1596168150.6301508,300.4928421931875,1.0893992715176677,0
1596168150.6401508,302.2921109157217,1.0893992715176677,0
1596168150.6501508,304.09438371235257,1.0893992715176677,0
1596168150.6601508,305.892622466625,1.0893992715176677,0
1596168150.6701508,307.69373654896145,1.0893992715176677,0
1596168150.6801507,309.49313401752835,1.0893992715176677,0
1596168150.6901507,311.2920594173086,1.0893992715176677,0
1596168150.7001507,313.0950188594473,1.0893992715176677,0
1596168150.7101507,314.8930859523428,1.0893992715176677,0
1596168150.7201507,316.6929554896963,1.0893992715176677,0
1596168150.7301507,318.4943699794424,1.0893992715176677,0
1596168150.7401507,320.29428243214016,1.0893992715176677,0
1596168150.7448545,321.13842725330716,1.0893992715176677,0
1596168150.7448545,321.13842725330716,1.0893992715176677,0
1596168150.7501507,322.09342240864163,1.0893992715176677,0
1596168150.7601507,323.89475106769925,1.0893992715176677,0
1596168150.7701507,325.6936335521353,1.0893992715176677,0
1596168150.7801507,327.4939751582754,1.0893992715176677,0
1596168150.7901506,329.2931151347769,1.0893992715176677,0
1596168150.8001506,331.09337091022854,1.0893992715176677,0
1596168150.8101506,332.89178132587796,1.0893992715176677,0
1596168150.8201506,334.69272374683743,1.0893992715176677,0
1596168150.8301506,336.49216413074856,1.0893992715176677,0
1596168150.8401506,338.2919478374136,1.0893992715176677,0
1596168150.8501506,340.0928044276846,1.0893992715176677,0
1596168150.8601506,341.89361810261136,1.0893992715176677,0
1596168150.8701506,343.6950755077017,1.0893992715176677,0
1596168150.8801506,345.49464463764554,1.0893992715176677,0
1596168150.8901505,347.2934412913931,1.0893992715176677,0
1596168150.9001505,349.09404038959866,1.0893992715176677,0
1596168150.9101505,350.89266538196927,1.0893992715176677,0
1596168150.9201505,352.6948094325674,1.0893992715176677,0
1596168150.9301505,354.4946360545767,1.0893992715176677,0
1596168150.9401505,356.29480599933987,1.0893992715176677,0
1596168150.9501505,358.0948901134146,1.0893992715176677,0
1596168150.9601505,359.8941159206045,1.0893992715176677,0
1596168150.9607663,360,1.0893992715176677,1
1596168150.9607663,0,0,0
1596168150.9707663,184.8576870578064,1.0169840604163616,0
1596168150.9807663,186.65725618775025,1.0169840604163616,0
1596168150.9907663,188.46047312195435,1.0169840604163616,0
1596168151.0007663,190.25909811432496,1.0169840604163616,0
1596168151.0037222,190.7891884463562,1.0169840604163616,0
1596168151.0037222,190.7891884463562,1.0169840604163616,0
1596168151.0107663,192.0572081225647,1.0169840604163616,0
1596168151.0207663,193.8571634906067,1.0169840604163616,0
1596168151.0307662,195.65883547241822,1.0169840604163616,0
1596168151.0407662,197.4590054171814,1.0169840604163616,0
1596168151.0507662,199.25900370056763,1.0169840604163616,0
1596168151.0607662,201.05844408447877,1.0169840604163616,0
1596168151.0707662,202.8585711138977,1.0169840604163616,0
1596168151.0807662,204.65951353485718,1.0169840604163616,0
1596168151.0907662,206.46011263306275,1.0169840604163616,0
1596168151.1007662,208.26041132385865,1.0169840604163616,0
1596168151.1107662,210.06006628449097,1.0169840604163616,0
1596168151.1207662,211.85774713928834,1.0169840604163616,0
1596168151.1307662,213.65783125336304,1.0169840604163616,0
1596168151.1407661,215.4595461505188,1.0169840604163616,0
1596168151.1507661,217.25864321167603,1.0169840604163616,0
1596168151.1607661,219.05726820404664,1.0169840604163616,0
1596168151.170766,220.85722357208863,1.0169840604163616,0
1596168151.180766,222.65825182373658,1.0169840604163616,0
1596168151.190766,224.45829302246705,1.0169840604163616,0
1596168151.200766,226.25880628998414,1.0169840604163616,0
1596168151.210766,228.0603066104187,1.0169840604163616,0
1596168151.220766,229.8602619784607,1.0169840604163616,0
1596168151.230766,231.65897280151978,1.0169840604163616,0
1596168151.240766,233.4575977938904,1.0169840604163616,0
1596168151.250766,235.25944143707886,1.0169840604163616,0
1596168151.260766,237.05888182099,1.0169840604163616,0
1596168151.270766,238.86016756470337,1.0169840604163616,0
1596168151.280766,240.65866381104127,1.0169840604163616,0
1596168151.290766,242.45784670288697,1.0169840604163616,0
1596168151.300766,244.25767332489625,1.0169840604163616,0
1596168151.310766,246.058486999823,1.0169840604163616,0
1596168151.320766,247.8601160662903,1.0169840604163616,0
1596168151.330766,249.65947061951294,1.0169840604163616,0
1596168151.340766,251.45964056427613,1.0169840604163616,0
1596168151.350766,253.25938135559693,1.0169840604163616,0
1596168151.360766,255.05766302521363,1.0169840604163616,0
1596168151.370766,256.8600645678772,1.0169840604163616,0
1596168151.380766,258.65748793060914,1.0169840604163616,0
1596168151.390766,260.4577437060608,1.0169840604163616,0
1596168151.400766,262.2582998889221,1.0169840604163616,0
1596168151.410766,264.05795484955445,1.0169840604163616,0
1596168151.4207659,265.85992723877564,1.0169840604163616,0
1596168151.4307659,267.65911013062134,1.0169840604163616,0
1596168151.4407659,269.45885092194214,1.0169840604163616,0
1596168151.4507658,271.25914961273804,1.0169840604163616,0
1596168151.4607658,273.05944830353394,1.0169840604163616,0
1596168151.4707658,274.8592749255432,1.0169840604163616,0
1596168151.4807658,276.658114494635,1.0169840604163616,0
1596168151.4907658,278.4577265399231,1.0169840604163616,0
1596168151.5007658,280.25806814606324,1.0169840604163616,0
1596168151.5107658,282.05892473633423,1.0169840604163616,0
1596168151.5207658,283.8586226123108,1.0169840604163616,0
1596168151.5307658,285.65754801209107,1.0169840604163616,0
1596168151.5407658,287.4593487399353,1.0169840604163616,0
1596168151.5507658,289.2581024783386,1.0169840604163616,0
1596168151.5607657,291.0595169680847,1.0169840604163616,0
1596168151.5707657,292.85938650543824,1.0169840604163616,0
1596168151.5807657,294.65848356659546,1.0169840604163616,0
1596168151.5907657,296.4603701251282,1.0169840604163616,0
1596168151.6007657,298.258136810614,1.0169840604163616,0
1596168151.6107657,300.05912214691773,1.0169840604163616,0
1596168151.6207657,301.86010748322144,1.0169840604163616,0
1596168151.6307657,303.6584320681824,1.0169840604163616,0
1596168151.6407657,305.45834452088013,1.0169840604163616,0
1596168151.6507657,307.2575703280701,1.0169840604163616,0
1596168151.6607656,309.0602722781433,1.0169840604163616,0
1596168151.6707656,310.85846811707154,1.0169840604163616,0
1596168151.6807656,312.6585951464905,1.0169840604163616,0
1596168151.6907656,314.4582501071228,1.0169840604163616,0
1596168151.7007656,316.25760466034546,1.0169840604163616,0
1596168151.7107656,318.0591908114685,1.0169840604163616,0
1596168151.7207656,319.85940367157593,1.0169840604163616,0
1596168151.7307656,321.6570845263733,1.0169840604163616,0
1596168151.7407656,323.4588423388733,1.0169840604163616,0
1596168151.7507656,325.2578964846863,1.0169840604163616,0
1596168151.7607656,327.05746561463013,1.0169840604163616,0
1596168151.7707655,328.85699182922974,1.0169840604163616,0
1596168151.7807655,330.6596079486145,1.0169840604163616,0
1596168151.7907655,332.4592199939026,1.0169840604163616,0
1596168151.8007655,334.25788790161744,1.0169840604163616,0
1596168151.8107655,336.058486999823,1.0169840604163616,0
1596168151.8207655,337.8600302356018,1.0169840604163616,0
1596168151.8307655,339.65779692108765,1.0169840604163616,0
1596168151.8407655,341.4593830722107,1.0169840604163616,0
1596168151.8507655,343.25882345612183,1.0169840604163616,0
1596168151.8607655,345.05710512573853,1.0169840604163616,0
1596168151.8707654,346.8579617160095,1.0169840604163616,0
1596168151.8807654,348.6581316607727,1.0169840604163616,0
1596168151.8907654,350.458859505011,1.0169840604163616,0
1596168151.9007654,352.2596302645935,1.0169840604163616,0
1596168151.9107654,354.05838400299683,1.0169840604163616,0
1596168151.9207654,355.85859686310425,1.0169840604163616,0
1596168151.9307654,357.65799433167115,1.0169840604163616,0
1596168151.9407654,359.45966631348267,1.0169840604163616,0
1596168151.9437823,360,1.0169840604163616,1
1596168151.9437823,0,0,0
1596168151.9537823,68.55142201883365,0.3708293220457528,0
1596168151.9637823,70.35051907999087,0.3708293220457528,0
1596168151.9737823,72.15038861734439,0.3708293220457528,0
1596168151.9837823,73.95141686899234,0.3708293220457528,0
1596168151.9937823,75.75047101480533,0.3708293220457528,0
1596168152.0037823,77.55222882730533,0.3708293220457528,0
1596168152.0137823,79.35119714242984,0.3708293220457528,0
1596168152.0237823,81.15209664804507,0.3708293220457528,0
1596168152.0337822,82.95033540231753,0.3708293220457528,0
1596168152.0437822,84.75187863809634,0.3708293220457528,0
1596168152.0537822,86.55239190561343,0.3708293220457528,0
1596168152.0637822,88.35221852762271,0.3708293220457528,0
1596168152.0737822,90.15187348825503,0.3708293220457528,0
1596168152.0837822,91.95118512613345,0.3708293220457528,0
1596168152.0937822,93.7504109333234,0.3708293220457528,0
1596168152.1037822,95.55173959238101,0.3708293220457528,0
1596168152.1137822,97.35075082284976,0.3708293220457528,0
1596168152.1237822,99.15014829141666,0.3708293220457528,0
1596168152.1337821,100.94945992929507,0.3708293220457528,0
1596168152.1437821,102.75130357248355,0.3708293220457528,0
1596168152.1537821,104.55117310983707,0.3708293220457528,0
1596168152.1637821,106.35035600168277,0.3708293220457528,0
1596168152.173782,108.15168466074039,0.3708293220457528,0
1596168152.183782,109.95061006052066,0.3708293220457528,0
1596168152.193782,111.74944962961246,0.3708293220457528,0
1596168152.203782,113.5504778812604,0.3708293220457528,0
1596168152.213782,115.35249318582584,0.3708293220457528,0
1596168152.223782,117.15257729990054,0.3708293220457528,0
1596168152.233782,118.95236100656558,0.3708293220457528,0
1596168152.243782,120.75162972909976,0.3708293220457528,0
1596168152.253782,122.55111302835513,0.3708293220457528,0
1596168152.263782,124.35201253397037,0.3708293220457528,0
1596168152.273782,126.14969338876773,0.3708293220457528,0
1596168152.283782,127.95054997903873,0.3708293220457528,0
1596168152.293782,129.75020493967105,0.3708293220457528,0
1596168152.303782,131.55093278390933,0.3708293220457528,0
1596168152.313782,133.3509739826398,0.3708293220457528,0
1596168152.323782,135.15153016550113,0.3708293220457528,0
1596168152.333782,136.9498976658063,0.3708293220457528,0
1596168152.343782,138.75101174814273,0.3708293220457528,0
1596168152.353782,140.55079545480777,0.3708293220457528,0
1596168152.363782,142.34984960062076,0.3708293220457528,0
1596168152.373782,144.1512211750226,0.3708293220457528,0
1596168152.383782,145.94920243722964,0.3708293220457528,0
1596168152.393782,147.75005902750064,0.3708293220457528,0
1596168152.403782,149.55117310983707,0.3708293220457528,0
1596168152.413782,151.351300139256,0.3708293220457528,0
1596168152.4237819,153.15031136972476,0.3708293220457528,0
1596168152.4337819,154.9523266742902,0.3708293220457528,0
1596168152.4437819,156.75000752908755,0.3708293220457528,0
1596168152.4537818,158.5522803257184,0.3708293220457528,0
1596168152.4637818,160.35240735513736,0.3708293220457528,0
1596168152.4737818,162.1516331623273,0.3708293220457528,0
1596168152.4837818,163.95176019174625,0.3708293220457528,0
1596168152.4937818,165.74956979257632,0.3708293220457528,0
1596168152.5037818,167.55248631937076,0.3708293220457528,0
1596168152.5137818,169.35106839639712,0.3708293220457528,0
1596168152.5237818,171.1521395633893,0.3708293220457528,0
1596168152.5337818,172.95059289438296,0.3708293220457528,0
1596168152.5437818,174.75235070688296,0.3708293220457528,0
1596168152.5537817,176.5492161701398,0.3708293220457528,0
1596168152.5637817,178.35088815195132,0.3708293220457528,0
1596168152.5737817,180.1498135517316,0.3708293220457528,0
1596168152.5837817,181.9506701420026,0.3708293220457528,0
1596168152.5937817,183.75032510263492,0.3708293220457528,0
1596168152.6037817,185.5504950473981,0.3708293220457528,0
1596168152.6137817,187.35109414560367,0.3708293220457528,0
1596168152.6237817,189.15212239725162,0.3708293220457528,0
1596168152.6337817,190.94976033670474,0.3708293220457528,0
1596168152.6437817,192.74950112802554,0.3708293220457528,0
1596168152.6537817,194.54915608865787,0.3708293220457528,0
1596168152.6637816,196.3520726154523,0.3708293220457528,0
1596168152.6737816,198.150354285069,0.3708293220457528,0
1596168152.6837816,199.94949426157046,0.3708293220457528,0
1596168152.6937816,201.74992169839908,0.3708293220457528,0
1596168152.7037816,203.55022038919498,0.3708293220457528,0
1596168152.7137816,205.35047616464664,0.3708293220457528,0
1596168152.7237816,207.15236272317935,0.3708293220457528,0
1596168152.7337816,208.94978608591128,0.3708293220457528,0
1596168152.7437816,210.74914063913394,0.3708293220457528,0
1596168152.746356,211.2125405262189,0.3708293220457528,0
1596168152.746356,211.2125405262189,0.3708293220457528,0
1596168152.7537816,212.55179967386294,0.3708293220457528,0
1596168152.7637815,214.34973802072574,0.3708293220457528,0
1596168152.7737815,216.15003671152164,0.3708293220457528,0
1596168152.7837815,217.95183743936587,0.3708293220457528,0
1596168152.7937815,219.75209321481753,0.3708293220457528,0
1596168152.8037815,221.55071820718814,0.3708293220457528,0
1596168152.8137815,223.35213269693423,0.3708293220457528,0
1596168152.8237815,225.15054311258365,0.3708293220457528,0
1596168152.8337815,226.94981183511783,0.3708293220457528,0
1596168152.8437815,228.75088300211002,0.3708293220457528,0
1596168152.8537815,230.55221166116763,0.3708293220457528,0
1596168152.8637815,232.35096539957095,0.3708293220457528,0
1596168152.8737814,234.15083493692447,0.3708293220457528,0
1596168152.8837814,235.951605696507,0.3708293220457528,0
1596168152.8937814,237.75121774179507,0.3708293220457528,0
1596168152.9037814,239.55082978708316,0.3708293220457528,0
1596168152.9137814,241.349497694798,0.3708293220457528,0
1596168152.9237814,243.1500109623151,0.3708293220457528,0
1596168152.9337814,244.95052422983218,0.3708293220457528,0
1596168152.9437814,246.75138082010318,0.3708293220457528,0
1596168152.9537814,248.54927625162173,0.3708293220457528,0
1596168152.9637814,250.35253610117007,0.3708293220457528,0
1596168152.9737813,252.14970197183658,0.3708293220457528,0
1596168152.9837813,253.95201768381168,0.3708293220457528,0
1596168152.9937813,255.7504280994611,0.3708293220457528,0
