Type = Reachback Firefly,Function = Reachback Firefly (ln/e^),Refract = 0.05,Epsilon = 0.3,Start_phase = 107
Timestamp,Phase,Offset,Ping?
1596168188,107,0,0
1596168188.01,108.79502010345459,0.5944444444444444,0
1596168188.02,110.59437465667725,0.5944444444444444,0
1596168188.03,112.39424419403076,0.5944444444444444,0
1596168188.04,114.19673156738281,0.5944444444444444,0
1596168188.05,115.99741649627686,0.5944444444444444,0
1596168188.06,117.7966423034668,0.5944444444444444,0
1596168188.07,119.59689807891846,0.5944444444444444,0
1596168188.08,121.39620971679688,0.5944444444444444,0
1596168188.09,123.19655132293701,0.5944444444444444,0
1596168188.1,124.99534797668457,0.5944444444444444,0
1596168188.11,126.79693412780762,0.5944444444444444,0
1596168188.12,128.59435749053955,0.5944444444444444,0
1596168188.1299999,130.3974027633667,0.5944444444444444,0
1596168188.1399999,132.19585609436035,0.5944444444444444,0
1596168188.1499999,133.99533939361572,0.5944444444444444,0
1596168188.1599998,135.7973976135254,0.5944444444444444,0
1596168188.1699998,137.59752464294434,0.5944444444444444,0
1596168188.1799998,139.3958921432495,0.5944444444444444,0
1596168188.1899998,141.19726371765137,0.5944444444444444,0
1596168188.1999998,142.99588871002197,0.5944444444444444,0
1596168188.2099998,144.79717445373535,0.5944444444444444,0
1596168188.2139316,145.5019302368164,0.5944444444444444,0
1596168188.2139316,145.5019302368164,0.5944444444444444,0
1596168188.2199998,146.59442615509033,0.5944444444444444,0
1596168188.2299998,148.39472484588623,0.5944444444444444,0
1596168188.2399998,150.19468021392822,0.5944444444444444,0
1596168188.2499998,151.99609470367432,0.5944444444444444,0
1596168188.2599998,153.7975950241089,0.5944444444444444,0
1596168188.2699997,155.5971212387085,0.5944444444444444,0
1596168188.2799997,157.39544582366943,0.5944444444444444,0
1596168188.2899997,159.19454288482666,0.5944444444444444,0
1596168188.2999997,160.99436950683594,0.5944444444444444,0
1596168188.3099997,162.79638481140137,0.5944444444444444,0
1596168188.3199997,164.59685516357422,0.5944444444444444,0
1596168188.3299997,166.39706802368164,0.5944444444444444,0
1596168188.3399997,168.19603633880615,0.5944444444444444,0
1596168188.3499997,169.99736499786377,0.5944444444444444,0
1596168188.3599997,171.795560836792,0.5944444444444444,0
1596168188.3699996,173.596417427063,0.5944444444444444,0
1596168188.3799996,175.39632987976074,0.5944444444444444,0
1596168188.3899996,177.19722938537598,0.5944444444444444,0
1596168188.3999996,178.99752807617188,0.5944444444444444,0
1596168188.4099996,180.7967109680176,0.5944444444444444,0
1596168188.4199996,182.59512138366702,0.5944444444444444,0
1596168188.4299996,184.3946046829224,0.5944444444444444,0
1596168188.4399996,186.19696331024173,0.5944444444444444,0
1596168188.4499996,187.99494457244876,0.5944444444444444,0
1596168188.4599996,189.79670238494876,0.5944444444444444,0
1596168188.4699996,191.59416866302493,0.5944444444444444,0
1596168188.4799995,193.3973426818848,0.5944444444444444,0
1596168188.4899995,195.19480895996097,0.5944444444444444,0
1596168188.4999995,196.99630928039554,0.5944444444444444,0
1596168188.5099995,198.79587841033938,0.5944444444444444,0
1596168188.5199995,200.59712123870852,0.5944444444444444,0
1596168188.5299995,202.39484500885013,0.5944444444444444,0
1596168188.5399995,204.19651699066165,0.5944444444444444,0
1596168188.5499995,205.99728775024417,0.5944444444444444,0
1596168188.5599995,207.7965993881226,0.5944444444444444,0
1596168188.5699995,209.5972414016724,0.5944444444444444,0
1596168188.5799994,211.3966388702393,0.5944444444444444,0
1596168188.5899994,213.19646549224856,0.5944444444444444,0
1596168188.5999994,214.99530506134036,0.5944444444444444,0
1596168188.6099994,216.79603290557864,0.5944444444444444,0
1596168188.6199994,218.59633159637454,0.5944444444444444,0
1596168188.6299994,220.39731693267825,0.5944444444444444,0
1596168188.6399994,222.19495487213138,0.5944444444444444,0
1596168188.6499994,223.9958543777466,0.5944444444444444,0
1596168188.6599994,225.79460811614993,0.5944444444444444,0
1596168188.6699994,227.59452056884768,0.5944444444444444,0
1596168188.6799994,229.39520549774173,0.5944444444444444,0
1596168188.6899993,231.19610500335696,0.5944444444444444,0
1596168188.6999993,232.9951162338257,0.5944444444444444,0
1596168188.7099993,234.795844078064,0.5944444444444444,0
1596168188.7199993,236.5950269699097,0.5944444444444444,0
1596168188.7299993,238.39485359191897,0.5944444444444444,0
1596168188.7399993,240.1957530975342,0.5944444444444444,0
1596168188.7499993,241.99557971954349,0.5944444444444444,0
1596168188.7599993,243.79699420928958,0.5944444444444444,0
1596168188.7699993,245.5964345932007,0.5944444444444444,0
1596168188.7799993,247.39707660675052,0.5944444444444444,0
1596168188.7899992,249.19449996948245,0.5944444444444444,0
1596168188.7999992,250.99557113647464,0.5944444444444444,0
1596168188.8099992,252.7952690124512,0.5944444444444444,0
1596168188.8199992,254.5973701477051,0.5944444444444444,0
1596168188.8299992,256.39483642578125,0.5944444444444444,0
1596168188.8399992,258.1944913864136,0.5944444444444444,0
1596168188.8499992,259.9960775375366,0.5944444444444444,0
1596168188.8599992,261.7967195510864,0.5944444444444444,0
1596168188.8699992,263.59512996673584,0.5944444444444444,0
1596168188.8799992,265.39452743530273,0.5944444444444444,0
1596168188.8899992,267.19744396209717,0.5944444444444444,0
1596168188.8999991,268.99546813964844,0.5944444444444444,0
1596168188.9099991,270.7949514389038,0.5944444444444444,0
1596168188.9199991,272.59597969055176,0.5944444444444444,0
1596168188.929999,274.3945617675781,0.5944444444444444,0
1596168188.939999,276.1943025588989,0.5944444444444444,0
1596168188.949999,277.99408626556396,0.5944444444444444,0
1596168188.959999,279.79481410980225,0.5944444444444444,0
1596168188.969999,281.59644317626953,0.5944444444444444,0
1596168188.979999,283.39721393585205,0.5944444444444444,0
1596168188.989999,285.19695472717285,0.5944444444444444,0
1596168188.999999,286.99712467193604,0.5944444444444444,0
1596168189.009999,288.79540634155273,0.5944444444444444,0
1596168189.019999,290.59660625457764,0.5944444444444444,0
1596168189.029999,292.39634704589844,0.5944444444444444,0
1596168189.039999,294.19690322875977,0.5944444444444444,0
1596168189.049999,295.9953136444092,0.5944444444444444,0
1596168189.059999,297.79501152038574,0.5944444444444444,0
1596168189.069999,299.59509563446045,0.5944444444444444,0
1596168189.079999,301.3947505950928,0.5944444444444444,0
1596168189.089999,303.19637966156006,0.5944444444444444,0
1596168189.099999,304.99444675445557,0.5944444444444444,0
1596168189.109999,306.7945737838745,0.5944444444444444,0
1596168189.119999,308.59637451171875,0.5944444444444444,0
1596168189.129999,310.39611530303955,0.5944444444444444,0
1596168189.139999,312.1959419250488,0.5944444444444444,0
1596168189.149999,313.9966697692871,0.5944444444444444,0
1596168189.159999,315.7973976135254,0.5944444444444444,0
1596168189.169999,317.59563636779785,0.5944444444444444,0
1596168189.1799989,319.39580631256104,0.5944444444444444,0
1596168189.1899989,321.1970920562744,0.5944444444444444,0
1596168189.1999989,322.99498748779297,0.5944444444444444,0
1596168189.2099988,324.79412746429443,0.5944444444444444,0
1596168189.2199988,326.595627784729,0.5944444444444444,0
1596168189.2299988,328.3943815231323,0.5944444444444444,0
1596168189.2399988,330.1970405578613,0.5944444444444444,0
1596168189.2499988,331.99523639678955,0.5944444444444444,0
1596168189.2599988,333.79566383361816,0.5944444444444444,0
1596168189.2699988,335.59424591064453,0.5944444444444444,0
1596168189.2799988,337.3972911834717,0.5944444444444444,0
1596168189.2899988,339.1968173980713,0.5944444444444444,0
1596168189.2999988,340.9958715438843,0.5944444444444444,0
1596168189.3099988,342.7962989807129,0.5944444444444444,0
1596168189.3199987,344.5953531265259,0.5944444444444444,0
1596168189.3299987,346.3966817855835,0.5944444444444444,0
1596168189.3399987,348.19715213775635,0.5944444444444444,0
1596168189.3499987,349.9962491989136,0.5944444444444444,0
1596168189.3599987,351.7952604293823,0.5944444444444444,0
1596168189.3699987,353.5959882736206,0.5944444444444444,0
1596168189.3799987,355.396201133728,0.5944444444444444,0
1596168189.3899987,357.1946973800659,0.5944444444444444,0
1596168189.3999987,358.997013092041,0.5944444444444444,0
1596168189.4056015,360,0.5944444444444444,1
1596168189.4056015,0,0,0
1596168189.4156015,52.7059884029304,0.2828062878481078,0
1596168189.4256015,54.505385871497296,0.2828062878481078,0
1596168189.4356015,56.30851697501292,0.2828062878481078,0
1596168189.4456015,58.10847234305491,0.2828062878481078,0
1596168189.4556015,59.905681129065655,0.2828062878481078,0
1596168189.4656014,61.70851182517161,0.2828062878481078,0
1596168189.4756014,63.505677695838116,0.2828062878481078,0
1596168189.4856014,65.30833673056712,0.2828062878481078,0
1596168189.4956014,67.1055884319221,0.2828062878481078,0
1596168189.5056014,68.90691709097972,0.2828062878481078,0
1596168189.5156014,70.70519876059642,0.2828062878481078,0
1596168189.5256014,72.50712823447337,0.2828062878481078,0
1596168189.5356014,74.30738400992503,0.2828062878481078,0
1596168189.5456014,76.10553693350901,0.2828062878481078,0
1596168189.5556014,77.90643643912425,0.2828062878481078,0
1596168189.5656013,79.70789384421458,0.2828062878481078,0
1596168189.5756013,81.50707673606028,0.2828062878481078,0
1596168189.5856013,83.30823373374095,0.2828062878481078,0
1596168189.5956013,85.10827493247142,0.2828062878481078,0
1596168189.6056013,86.90715741690745,0.2828062878481078,0
1596168189.6156013,88.70711278494944,0.2828062878481078,0
1596168189.6256013,90.50685357627025,0.2828062878481078,0
1596168189.6356013,92.30689477500071,0.2828062878481078,0
1596168189.6456013,94.10792302664866,0.2828062878481078,0
1596168189.6556013,95.9082646327888,0.2828062878481078,0
1596168189.6656013,97.70560216483226,0.2828062878481078,0
1596168189.6756012,99.5057291942512,0.2828062878481078,0
1596168189.6856012,101.30628537711253,0.2828062878481078,0
1596168189.6956012,103.107227798072,0.2828062878481078,0
1596168189.7056012,104.90739774283519,0.2828062878481078,0
1596168189.7156012,106.70799684104075,0.2828062878481078,0
1596168189.7256012,108.5081238704597,0.2828062878481078,0
1596168189.732797,109.80030488547435,0.2828062878481078,0
1596168189.732797,109.80030488547435,0.2828062878481078,0
1596168189.7356012,110.30541848715892,0.2828062878481078,0
1596168189.7456012,112.10618924674144,0.2828062878481078,0
1596168189.7556012,113.90558671530833,0.2828062878481078,0
1596168189.7656012,115.7061858135139,0.2828062878481078,0
1596168189.7756011,117.50802945670237,0.2828062878481078,0
1596168189.7856011,119.30819940146556,0.2828062878481078,0
1596168189.7956011,121.1083264308845,0.2828062878481078,0
1596168189.8056011,122.9060502010261,0.2828062878481078,0
1596168189.815601,124.70720719870677,0.2828062878481078,0
1596168189.825601,126.50699090537181,0.2828062878481078,0
1596168189.835601,128.3079762416755,0.2828062878481078,0
1596168189.845601,130.10587167319406,0.2828062878481078,0
1596168189.855601,131.906899924842,0.2828062878481078,0
1596168189.865601,133.70655488547433,0.2828062878481078,0
1596168189.875601,135.50599526938547,0.2828062878481078,0
1596168189.885601,137.30607938346017,0.2828062878481078,0
1596168189.895601,139.1066355663215,0.2828062878481078,0
1596168189.905601,140.90676259574045,0.2828062878481078,0
1596168189.915601,142.70560216483224,0.2828062878481078,0
1596168189.925601,144.50735997733224,0.2828062878481078,0
1596168189.935601,146.30731534537423,0.2828062878481078,0
1596168189.945601,148.10718488272775,0.2828062878481078,0
1596168189.955601,149.90525197562326,0.2828062878481078,0
1596168189.965601,151.70546483573068,0.2828062878481078,0
1596168189.975601,153.50653600272287,0.2828062878481078,0
1596168189.985601,155.30571889456857,0.2828062878481078,0
1596168189.995601,157.10824918326486,0.2828062878481078,0
1596168190.005601,158.90743207511056,0.2828062878481078,0
1596168190.015601,160.7060999828254,0.2828062878481078,0
1596168190.025601,162.50592660483468,0.2828062878481078,0
1596168190.035601,164.30553865012277,0.2828062878481078,0
1596168190.045601,166.10682439383615,0.2828062878481078,0
1596168190.055601,167.90635060843576,0.2828062878481078,0
1596168190.0656009,169.7073788600837,0.2828062878481078,0
1596168190.0756009,171.50694799002756,0.2828062878481078,0
1596168190.0856009,173.30660295065988,0.2828062878481078,0
1596168190.0956008,175.10561418112863,0.2828062878481078,0
1596168190.1056008,176.90681409415353,0.2828062878481078,0
1596168190.1156008,178.70634030875314,0.2828062878481078,0
1596168190.1256008,180.50784062918774,0.2828062878481078,0
1596168190.1356008,182.30766725119702,0.2828062878481078,0
1596168190.1456008,184.10543393668286,0.2828062878481078,0
1596168190.1556008,185.90517472800366,0.2828062878481078,0
1596168190.1656008,187.70577382620922,0.2828062878481078,0
1596168190.1756008,189.50804662284008,0.2828062878481078,0
1596168190.1856008,191.30675744589917,0.2828062878481078,0
1596168190.1956007,193.1070990520393,0.2828062878481078,0
1596168190.2056007,194.90804147299878,0.2828062878481078,0
1596168190.2129164,196.22180890616528,0.2828062878481078,0
1596168190.2129164,196.22180890616528,0.2828062878481078,0
1596168190.2156007,196.70537900504223,0.2828062878481078,0
1596168190.2256007,198.50683641013256,0.2828062878481078,0
1596168190.2356007,200.30623387869946,0.2828062878481078,0
1596168190.2456007,202.10593175467602,0.2828062878481078,0
1596168190.2556007,203.90704583701245,0.2828062878481078,0
1596168190.2656007,205.7054991680061,0.2828062878481078,0
1596168190.2756007,207.50674199637524,0.2828062878481078,0
1596168190.2856007,209.3055386501228,0.2828062878481078,0
1596168190.2956007,211.10768270072094,0.2828062878481078,0
1596168190.3056006,212.9053635555183,0.2828062878481078,0
1596168190.3156006,214.70669221457592,0.2828062878481078,0
1596168190.3256006,216.50724839743725,0.2828062878481078,0
1596168190.3356006,218.30690335806958,0.2828062878481078,0
1596168190.3456006,220.10604333457104,0.2828062878481078,0
1596168190.3556006,221.90617036399,0.2828062878481078,0
1596168190.3656006,223.7059111553108,0.2828062878481078,0
1596168190.3756006,225.50741147574536,0.2828062878481078,0
1596168190.3856006,227.3078818279182,0.2828062878481078,0
1596168190.3956006,229.1072792964851,0.2828062878481078,0
1596168190.4056005,230.90513181265942,0.2828062878481078,0
1596168190.4156005,232.70779084738842,0.2828062878481078,0
1596168190.4256005,234.50667333182446,0.2828062878481078,0
1596168190.4356005,236.30602788504711,0.2828062878481078,0
1596168190.4456005,238.10684155997387,0.2828062878481078,0
1596168190.4556005,239.90786981162182,0.2828062878481078,0
1596168190.4656005,241.70795392569653,0.2828062878481078,0
1596168190.4756005,243.5068793254768,0.2828062878481078,0
1596168190.4856005,245.30782174643628,0.2828062878481078,0
1596168190.4956005,247.10498761710278,0.2828062878481078,0
1596168190.5056005,248.90738915976635,0.2828062878481078,0
1596168190.5156004,250.7082028346931,0.2828062878481078,0
1596168190.5256004,252.5063557582771,0.2828062878481078,0
1596168190.5356004,254.30819940146557,0.2828062878481078,0
1596168190.5456004,256.10566567954174,0.2828062878481078,0
1596168190.5556004,257.9070372539436,0.2828062878481078,0
1596168190.5656004,259.70815133628,0.2828062878481078,0
1596168190.5756004,261.5067334133064,0.2828062878481078,0
1596168190.5856004,263.30720376547924,0.2828062878481078,0
1596168190.5956004,265.106214995948,0.2828062878481078,0
1596168190.6056004,266.9075436550056,0.2828062878481078,0
1596168190.6156003,268.70732736167065,0.2828062878481078,0
1596168190.6256003,270.5074543910896,0.2828062878481078,0
1596168190.6356003,272.30556439932934,0.2828062878481078,0
1596168190.6456003,274.10822343405835,0.2828062878481078,0
1596168190.6556003,275.90538930472485,0.2828062878481078,0
1596168190.6656003,277.7066750484382,0.2828062878481078,0
1596168190.6756003,279.50723123129956,0.2828062878481078,0
1596168190.6856003,281.30705785330883,0.2828062878481078,0
1596168190.6956003,283.10589742240063,0.2828062878481078,0
1596168190.7056003,284.9055094676887,0.2828062878481078,0
1596168190.7156003,286.70709561881176,0.2828062878481078,0
1596168190.7256002,288.50760888632885,0.2828062878481078,0
1596168190.7356002,290.3069634395515,0.2828062878481078,0
1596168190.7456002,292.1079487758552,0.2828062878481078,0
1596168190.7556002,293.9076466518318,0.2828062878481078,0
1596168190.7656002,295.7059712367927,0.2828062878481078,0
1596168190.7756002,297.5057120281135,0.2828062878481078,0
1596168190.7856002,299.3051953273689,0.2828062878481078,0
1596168190.7956002,301.1050648647224,0.2828062878481078,0
1596168190.8056002,302.90832471427075,0.2828062878481078,0
1596168190.8156002,304.70561933096997,0.2828062878481078,0
1596168190.8256001,306.5054888683235,0.2828062878481078,0
1596168190.8356001,308.3051438289558,0.2828062878481078,0
1596168190.8456001,310.1078886943733,0.2828062878481078,0
1596168190.8556,311.9055266338264,0.2828062878481078,0
1596168190.8656,313.7074131923591,0.2828062878481078,0
1596168190.8756,315.5072398143684,0.2828062878481078,0
1596168190.8856,317.30758142050854,0.2828062878481078,0
1596168190.8956,319.1054768520271,0.2828062878481078,0
1596168190.9056,320.9050888973152,0.2828062878481078,0
1596168190.9156,322.70646047171704,0.2828062878481078,0
1596168190.9256,324.50710248526684,0.2828062878481078,0
1596168190.9356,326.30830239829174,0.2828062878481078,0
1596168190.9456,328.10602616843335,0.2828062878481078,0
1596168190.9556,329.9055952983772,0.2828062878481078,0
1596168190.9656,331.705336089698,0.2828062878481078,0
1596168190.9717774,332.81680059012524,0.2828062878481078,0
1596168190.9717774,332.81680059012524,0.2828062878481078,0
1596168190.9756,333.50529145774,0.2828062878481078,0
1596168190.9856,335.3071780162727,0.2828062878481078,0
1596168190.9956,337.10687589224926,0.2828062878481078,0
1596168191.0056,338.905887122718,0.2828062878481078,0
1596168191.0156,340.7048554378425,0.2828062878481078,0
1596168191.0256,342.506699081031,0.2828062878481078,0
1596168191.0356,344.3051094966804,0.2828062878481078,0
1596168191.0456,346.10648107108227,0.2828062878481078,0
1596168191.0556,347.90811013754956,0.2828062878481078,0
1596168191.0656,349.7081084209358,0.2828062878481078,0
1596168191.0756,351.5075058895027,0.2828062878481078,0
1596168191.0856,353.30810498770825,0.2828062878481078,0
1596168191.0956,355.10514211234204,0.2828062878481078,0
1596168191.1055999,356.90488290366284,0.2828062878481078,0
1596168191.1155999,358.70732736167065,0.2828062878481078,0
1596168191.122811,360,0.2828062878481078,1
1596168191.122811,0,0,0
1596168191.132811,225.30432032436778,1.241685671215292,0
1596168191.142811,227.10637854427745,1.241685671215292,0
1596168191.152811,228.9041452297633,1.241685671215292,0
1596168191.162811,230.7036714443629,1.241685671215292,0
1596168191.172811,232.50551508755137,1.241685671215292,0
1596168191.182811,234.30474089474131,1.241685671215292,0
1596168191.192811,236.1041383633082,1.241685671215292,0
1596168191.202811,237.90495203823497,1.241685671215292,0
1596168191.212811,239.70559405178477,1.241685671215292,0
1596168191.222811,241.5052490124171,1.241685671215292,0
1596168191.232811,243.30473231167247,1.241685671215292,0
1596168191.242811,245.10464476437022,1.241685671215292,0
1596168191.252811,246.90657423824717,1.241685671215292,0
1596168191.2568893,247.63750838131358,1.241685671215292,0
1596168191.2568893,247.63750838131358,1.241685671215292,0
1596168191.262811,248.7049846538966,1.241685671215292,0
1596168191.272811,250.50356673092296,1.241685671215292,0
1596168191.282811,252.30498122066905,1.241685671215292,0
1596168191.292811,254.10437868923594,1.241685671215292,0
1596168191.302811,255.90454863399913,1.241685671215292,0
1596168191.312811,257.7044610866969,1.241685671215292,0
1596168191.322811,259.5054464230006,1.241685671215292,0
1596168191.3328109,261.3042859920924,1.241685671215292,0
1596168191.3428109,263.1039409527247,1.241685671215292,0
1596168191.3528109,264.90651415676524,1.241685671215292,0
1596168191.3628109,266.70355128139903,1.241685671215292,0
1596168191.3728108,268.5053949245875,1.241685671215292,0
1596168191.3828108,270.30620859951426,1.241685671215292,0
1596168191.3928108,272.1056489834254,1.241685671215292,0
1596168191.4028108,273.9055185207789,1.241685671215292,0
1596168191.4128108,275.70362852901866,1.241685671215292,0
1596168191.4228108,277.50427054256846,1.241685671215292,0
1596168191.4328108,279.3067150005763,1.241685671215292,0
1596168191.4428108,281.1059408077662,1.241685671215292,0
1596168191.4528108,282.90392206997325,1.241685671215292,0
1596168191.4628108,284.7037486919825,1.241685671215292,0
1596168191.4728107,286.50439070553233,1.241685671215292,0
1596168191.4828107,288.3062343487208,1.241685671215292,0
1596168191.4928107,290.10588930935313,1.241685671215292,0
1596168191.5028107,291.90653132290294,1.241685671215292,0
1596168191.5128107,293.706143368191,1.241685671215292,0
1596168191.5228107,295.50399588436534,1.241685671215292,0
1596168191.5328107,297.306054104275,1.241685671215292,0
1596168191.5428107,299.1047649273341,1.241685671215292,0
1596168191.5528107,300.90433405727794,1.241685671215292,0
1596168191.5628107,302.7054052242701,1.241685671215292,0
1596168191.5728106,304.5045452007716,1.241685671215292,0
1596168191.5828106,306.30604552120616,1.241685671215292,0
1596168191.5928106,308.1034688839381,1.241685671215292,0
1596168191.6028106,309.9062566646998,1.241685671215292,0
1596168191.6128106,311.70501040310313,1.241685671215292,0
1596168191.6228106,313.50655363888194,1.241685671215292,0
1596168191.6328106,315.3064660915797,1.241685671215292,0
1596168191.6428106,317.1039752850001,1.241685671215292,0
1596168191.6528106,318.90354441494395,1.241685671215292,0
1596168191.6628106,320.7044868359034,1.241685671215292,0
1596168191.6728106,322.5064592251246,1.241685671215292,0
1596168191.6828105,324.30667208523204,1.241685671215292,0
1596168191.6928105,326.1037092098658,1.241685671215292,0
1596168191.7028105,327.9033212551539,1.241685671215292,0
1596168191.7128105,329.7064094433253,1.241685671215292,0
1596168191.7228105,331.5042190441554,1.241685671215292,0
1596168191.7328105,333.30537604183604,1.241685671215292,0
1596168191.7428105,335.1059751400416,1.241685671215292,0
1596168191.7528105,336.906359661526,1.241685671215292,0
1596168191.7628105,338.7064437756007,1.241685671215292,0
1596168191.7728105,340.50369547695567,1.241685671215292,0
1596168191.7828104,342.304251659817,1.241685671215292,0
1596168191.7928104,344.1050224193995,1.241685671215292,0
1596168191.8028104,345.9048490414088,1.241685671215292,0
1596168191.8128104,347.70579146236827,1.241685671215292,0
1596168191.8228104,349.50463103146006,1.241685671215292,0
1596168191.8328104,351.3044147381251,1.241685671215292,0
1596168191.8428104,353.10488509029796,1.241685671215292,0
1596168191.8528104,354.90642832607676,1.241685671215292,0
1596168191.8628104,356.70333670467784,1.241685671215292,0
1596168191.8728104,358.50354956478526,1.241685671215292,0
1596168191.8811324,360,1.241685671215292,1
1596168191.8811324,0,0,0
1596168191.8911324,88.44125158155025,0.4813231299632159,0
1596168191.9011323,90.23820287549556,0.4813231299632159,0
1596168191.9111323,92.04116231763423,0.4813231299632159,0
1596168191.9211323,93.83901483380855,0.4813231299632159,0
1596168191.9311323,95.6400430854565,0.4813231299632159,0
1596168191.9411323,97.43879682385982,0.4813231299632159,0
1596168191.9511323,99.23939592206538,0.4813231299632159,0
1596168191.9611323,101.03883630597652,0.4813231299632159,0
1596168191.9711323,102.84007913434566,0.4813231299632159,0
1596168191.9811323,104.64097863996089,0.4813231299632159,0
1596168191.9911323,106.43835908734859,0.4813231299632159,0
1596168191.997017,107.49738103711665,0.4813231299632159,0
1596168191.997017,107.49738103711665,0.4813231299632159,0
1596168192.0011322,108.24076063001216,0.4813231299632159,0
1596168192.0111322,110.03947145307124,0.4813231299632159,0
1596168192.0211322,111.83865434491695,0.4813231299632159,0
1596168192.0311322,113.63929635846675,0.4813231299632159,0
1596168192.0411322,115.43993837201656,0.4813231299632159,0
1596168192.0511322,117.24075204694331,0.4813231299632159,0
1596168192.0611322,119.03817540967525,0.4813231299632159,0
1596168192.0711322,120.84001905286372,0.4813231299632159,0
1596168192.0811322,122.64100438916743,0.4813231299632159,0
1596168192.0911322,124.44005853498042,0.4813231299632159,0
1596168192.1011322,126.23915559613765,0.4813231299632159,0
1596168192.1111321,128.0401838477856,0.4813231299632159,0
1596168192.1211321,129.84121209943356,0.4813231299632159,0
1596168192.1311321,131.64005166852536,0.4813231299632159,0
1596168192.141132,133.44026452863278,0.4813231299632159,0
1596168192.151132,135.23949033582272,0.4813231299632159,0
1596168192.161132,137.03991777265134,0.4813231299632159,0
1596168192.171132,138.8390577491528,0.4813231299632159,0
1596168192.181132,140.64038640821042,0.4813231299632159,0
1596168192.191132,142.43918306195798,0.4813231299632159,0
1596168192.201132,144.24021131360593,0.4813231299632159,0
1596168192.211132,146.04068166577878,0.4813231299632159,0
1596168192.221132,147.8394354041821,0.4813231299632159,0
1596168192.231132,149.63921911084714,0.4813231299632159,0
1596168192.241132,151.4396036323315,0.4813231299632159,0
1596168192.251132,153.23814279401364,0.4813231299632159,0
1596168192.261132,155.0381839927441,0.4813231299632159,0
1596168192.271132,156.8389118369824,0.4813231299632159,0
1596168192.281132,158.6405838187939,0.4813231299632159,0
1596168192.291132,160.43809301221432,0.4813231299632159,0
1596168192.301132,162.24079496228757,0.4813231299632159,0
1596168192.311132,164.03980619275632,0.4813231299632159,0
1596168192.321132,165.84113485181393,0.4813231299632159,0
1596168192.331132,167.63877279126706,0.4813231299632159,0
1596168192.341132,169.44121724927487,0.4813231299632159,0
1596168192.351132,171.24078637921872,0.4813231299632159,0
1596168192.361132,173.04035550916257,0.4813231299632159,0
1596168192.371132,174.83807927930417,0.4813231299632159,0
1596168192.381132,176.64035207593503,0.4813231299632159,0
1596168192.3911319,178.43824750745358,0.4813231299632159,0
1596168192.4011319,180.24060613477292,0.4813231299632159,0
1596168192.4111319,182.0387590583569,0.4813231299632159,0
1596168192.4211318,183.8399589713818,0.4813231299632159,0
1596168192.4311318,185.63987142407956,0.4813231299632159,0
1596168192.4411318,187.44128591382565,0.4813231299632159,0
1596168192.4511318,189.23875219190182,0.4813231299632159,0
1596168192.4611318,191.04042417371335,0.4813231299632159,0
1596168192.4711318,192.83913499677243,0.4813231299632159,0
1596168192.4811318,194.63831788861813,0.4813231299632159,0
1596168192.4911318,196.4389169868237,0.4813231299632159,0
1596168192.5011318,198.24015981519284,0.4813231299632159,0
1596168192.5111318,200.04084474408688,0.4813231299632159,0
1596168192.5211318,201.83921224439206,0.4813231299632159,0
1596168192.5311317,203.64127046430173,0.4813231299632159,0
1596168192.5333753,204.04188520276608,0.4813231299632159,0
1596168192.5333753,204.04188520276608,0.4813231299632159,0
1596168192.5411317,205.43989545667233,0.4813231299632159,0
1596168192.5511317,207.23997957074704,0.4813231299632159,0
1596168192.5611317,209.04122239911618,0.4813231299632159,0
1596168192.5711317,210.84096319043698,0.4813231299632159,0
1596168192.5811317,212.63975984418454,0.4813231299632159,0
1596168192.5911317,214.43937188947262,0.4813231299632159,0
1596168192.6011317,216.23915559613766,0.4813231299632159,0
1596168192.6111317,218.0408275779492,0.4813231299632159,0
1596168192.6211317,219.84061128461423,0.4813231299632159,0
1596168192.6311316,221.6393221076733,0.4813231299632159,0
1596168192.6411316,223.4412944968945,0.4813231299632159,0
1596168192.6511316,225.24116403424802,0.4813231299632159,0
1596168192.6611316,227.04103357160153,0.4813231299632159,0
1596168192.6711316,228.84004480207028,0.4813231299632159,0
1596168192.6811316,230.63952810132565,0.4813231299632159,0
1596168192.6911316,232.44072801435055,0.4813231299632159,0
1596168192.7011316,234.24737817609372,0.4813231299632159,0
1596168192.7111316,236.03887922132077,0.4813231299632159,0
1596168192.7211316,237.84050828778805,0.4813231299632159,0
1596168192.7311316,239.64067823255124,0.4813231299632159,0
1596168192.7411315,241.4401615318066,0.4813231299632159,0
1596168192.7511315,243.24114686811032,0.4813231299632159,0
1596168192.7611315,245.0398576911694,0.4813231299632159,0
1596168192.7711315,246.83899766767087,0.4813231299632159,0
1596168192.7811315,248.6386526283032,0.4813231299632159,0
1596168192.7911315,250.43890840375485,0.4813231299632159,0
1596168192.8011315,252.23907834851803,0.4813231299632159,0
1596168192.8111315,254.04122239911618,0.4813231299632159,0
1596168192.8211315,255.83813077771725,0.4813231299632159,0
1596168192.8311315,257.6404035743481,0.4813231299632159,0
1596168192.8411314,259.43859941327634,0.4813231299632159,0
1596168192.8511314,261.2380827125317,0.4813231299632159,0
1596168192.8611314,263.03829557263913,0.4813231299632159,0
1596168192.8711314,264.83863717877927,0.4813231299632159,0
1596168192.8811314,266.63915044629636,0.4813231299632159,0
1596168192.8911314,268.4398353751904,0.4813231299632159,0
1596168192.9011314,270.24129278028073,0.4813231299632159,0
1596168192.9111314,272.0392311271435,0.4813231299632159,0
1596168192.9211314,273.84111768567624,0.4813231299632159,0
1596168192.9311314,275.6402576621777,0.4813231299632159,0
1596168192.9411314,277.44072801435055,0.4813231299632159,0
1596168192.9511313,279.24046880567136,0.4813231299632159,0
1596168192.9611313,281.0403812583691,0.4813231299632159,0
1596168192.9711313,282.8405512031323,0.4813231299632159,0
1596168192.9811313,284.6401632484204,0.4813231299632159,0
1596168192.9911313,286.44041902387204,0.4813231299632159,0
1596168193.0011313,288.2405889686352,0.4813231299632159,0
1596168193.0111313,290.0404155906445,0.4813231299632159,0
1596168193.0211313,291.84067136609616,0.4813231299632159,0
1596168193.0311313,293.6398113425976,0.4813231299632159,0
1596168193.0411313,295.43993837201657,0.4813231299632159,0
1596168193.0511312,297.23920709455075,0.4813231299632159,0
1596168193.0611312,299.0385616477734,0.4813231299632159,0
1596168193.0711312,300.8405340369946,0.4813231299632159,0
1596168193.0760252,301.7188823875195,0.4813231299632159,0
1596168193.0760252,301.7188823875195,0.4813231299632159,0
1596168193.0811312,302.6397169288403,0.4813231299632159,0
1596168193.0911312,304.43984395825925,0.4813231299632159,0
1596168193.1011312,306.2391126807934,0.4813231299632159,0
1596168193.1111312,308.0389393028027,0.4813231299632159,0
1596168193.1211312,309.84065419995846,0.4813231299632159,0
1596168193.1311312,311.6409099754101,0.4813231299632159,0
1596168193.1411312,313.44013578260007,0.4813231299632159,0
1596168193.1511312,315.2381170448071,0.4813231299632159,0
1596168193.1611311,317.0396602805859,0.4813231299632159,0
1596168193.1711311,318.8389719184643,0.4813231299632159,0
1596168193.1811311,320.6403864082104,0.4813231299632159,0
1596168193.191131,322.4402130302197,0.4813231299632159,0
1596168193.201131,324.23888093793454,0.4813231299632159,0
1596168193.211131,326.04076749646725,0.4813231299632159,0
1596168193.221131,327.84115201795163,0.4813231299632159,0
1596168193.231131,329.6389616187817,0.4813231299632159,0
1596168193.241131,331.43930322492184,0.4813231299632159,0
1596168193.251131,333.2380140479809,0.4813231299632159,0
1596168193.261131,335.0384844001538,0.4813231299632159,0
1596168193.271131,336.8409717735058,0.4813231299632159,0
1596168193.281131,338.63848096692624,0.4813231299632159,0
1596168193.291131,340.43877965772214,0.4813231299632159,0
1596168193.301131,342.23989374005856,0.4813231299632159,0
1596168193.311131,344.0395487006909,0.4813231299632159,0
1596168193.321131,345.8388603385693,0.4813231299632159,0
1596168193.331131,347.6413047965771,0.4813231299632159,0
1596168193.3323698,347.8609026130444,0.4813231299632159,0
1596168193.3323698,347.8609026130444,0.4813231299632159,0
1596168193.341131,349.43928605878415,0.4813231299632159,0
1596168193.351131,351.2401855643994,0.4813231299632159,0
1596168193.361131,353.0383814033276,0.4813231299632159,0
1596168193.371131,354.84009630048337,0.4813231299632159,0
1596168193.381131,356.6397512611157,0.4813231299632159,0
1596168193.391131,358.44000703656735,0.4813231299632159,0
1596168193.3998106,360,0.4813231299632159,1
1596168193.3998106,0,0,0
1596168193.4098105,338.0577230180621,1.8680886955864562,0
1596168193.4198105,339.85930916918517,1.8680886955864562,0
1596168193.4298105,341.6591787065387,1.8680886955864562,0
1596168193.4398105,343.4586190904498,1.8680886955864562,0
1596168193.4498105,345.2566432680011,1.8680886955864562,0
1596168193.4598105,347.05621239794493,1.8680886955864562,0
1596168193.4698105,348.85801312578917,1.8680886955864562,0
1596168193.4798105,350.658655139339,1.8680886955864562,0
1596168193.4898105,352.45659348620177,1.8680886955864562,0
1596168193.4998105,354.256591769588,1.8680886955864562,0
1596168193.5098104,356.05616089953185,1.8680886955864562,0
1596168193.5198104,357.85894868029357,1.8680886955864562,0
1596168193.5298104,359.6592044557452,1.8680886955864562,0
1596168193.5317292,360,1.8680886955864562,1
1596168193.5317292,0,0,0
1596168193.5417292,1.8034744262695312,0,0
1596168193.5517292,3.601541519165039,0,0
1596168193.5617292,5.402054786682129,0,0
1596168193.5717292,7.20179557800293,0,0
1596168193.5817292,9.00303840637207,0,0
1596168193.5917292,10.800933837890625,0,0
1596168193.6017292,12.600202560424805,0,0
1596168193.6117291,14.401144981384277,0,0
1596168193.6217291,16.201915740966797,0,0
1596168193.6317291,18.000712394714355,0,0
1596168193.641729,19.80036735534668,0,0
1596168193.651729,21.60088062286377,0,0
1596168193.661729,23.40113639831543,0,0
1596168193.671729,25.201692581176758,0,0
1596168193.681729,27.001948356628418,0,0
1596168193.691729,28.801474571228027,0,0
1596168193.701729,30.603318214416504,0,0
1596168193.711729,32.402586936950684,0,0
1596168193.721729,34.2030143737793,0,0
1596168193.731729,36.001596450805664,0,0
1596168193.741729,37.801594734191895,0,0
1596168193.751729,39.60090637207031,0,0
1596168193.761729,41.40154838562012,0,0
1596168193.771729,43.203091621398926,0,0
1596168193.781729,45.00171661376953,0,0
1596168193.791729,46.80304527282715,0,0
1596168193.801729,48.60106945037842,0,0
1596168193.811729,50.40244102478027,0,0
1596168193.821729,52.20128059387207,0,0
1596168193.831729,54.001708030700684,0,0
1596168193.841729,55.80136299133301,0,0
1596168193.851729,57.600674629211426,0,0
1596168193.861729,59.4001579284668,0,0
1596168193.871729,61.20058536529541,0,0
1596168193.881729,63.00337314605713,0,0
1596168193.8917289,64.80135440826416,0,0
1596168193.9017289,66.60289764404297,0,0
1596168193.9117289,68.40311050415039,0,0
1596168193.9217288,70.20070552825928,0,0
1596168193.9317288,72.00212001800537,0,0
1596168193.9417288,73.80168914794922,0,0
1596168193.9517288,75.60301780700684,0,0
1596168193.9617288,77.39992618560791,0,0
1596168193.9717288,79.20018196105957,0,0
1596168193.9817288,81.0005235671997,0,0
1596168193.9917288,82.80017852783203,0,0
1596168194.0017288,84.60103511810303,0,0
1596168194.0117288,86.40008926391602,0,0
1596168194.0217288,88.20055961608887,0,0
1596168194.0317287,90.0005578994751,0,0
1596168194.0417287,91.80004119873047,0,0
1596168194.0517287,93.60227108001709,0,0
1596168194.0617287,95.40063858032227,0,0
1596168194.0717287,97.20316886901855,0,0
1596168194.0817287,99.00140762329102,0,0
1596168194.0917287,100.80217838287354,0,0
1596168194.1017287,102.60136127471924,0,0
1596168194.1117287,104.40290451049805,0,0
1596168194.1217287,106.20324611663818,0,0
1596168194.1317286,108.00066947937012,0,0
1596168194.1417286,109.80289936065674,0,0
1596168194.1517286,111.6016960144043,0,0
1596168194.1617286,113.40023517608643,0,0
1596168194.1717286,115.19997596740723,0,0
1596168194.1817286,117.00010299682617,0,0
1596168194.1917286,118.80078792572021,0,0
1596168194.2017286,120.60108661651611,0,0
1596168194.2117286,122.40194320678711,0,0
1596168194.2217286,124.20297145843506,0,0
1596168194.2317286,126.00206851959229,0,0
1596168194.2417285,127.80035018920898,0,0
1596168194.2517285,129.6023654937744,0,0
1596168194.2617285,131.40077590942383,0,0
1596168194.2717285,133.20043087005615,0,0
1596168194.2817285,135.00261783599854,0,0
1596168194.2917285,136.80257320404053,0,0
1596168194.2974975,137.8382921218872,0,0
1596168194.2974975,137.8382921218872,0,0
1596168194.3017285,138.60167026519775,0,0
1596168194.3117285,140.40196895599365,0,0
1596168194.3217285,142.20205307006836,0,0
1596168194.3317285,144.00192260742188,0,0
1596168194.3417284,145.8006763458252,0,0
1596168194.3517284,147.601318359375,0,0
1596168194.3617284,149.40311908721924,0,0
1596168194.3717284,151.20054244995117,0,0
1596168194.3817284,153.00079822540283,0,0
1596168194.3917284,154.80294227600098,0,0
1596168194.4017284,156.60306930541992,0,0
1596168194.4117284,158.399977684021,0,0
1596168194.4217284,160.20328044891357,0,0
1596168194.4317284,162.00139045715332,0,0
1596168194.4417284,163.8019895553589,0,0
1596168194.4517283,165.60215950012207,0,0
1596168194.4617283,167.40207195281982,0,0
1596168194.4717283,169.20013904571533,0,0
1596168194.4817283,171.0027551651001,0,0
1596168194.4917283,172.80266761779785,0,0
1596168194.5017283,174.60073471069336,0,0
1596168194.5117283,176.4021921157837,0,0
1596168194.5217283,178.2006025314331,0,0
1596168194.5317283,180.00188827514648,0,0
1596168194.5417283,181.80004119873047,0,0
1596168194.5517282,183.60244274139404,0,0
1596168194.5617282,185.40226936340332,0,0
1596168194.5717282,187.20312595367432,0,0
1596168194.5817282,189.00303840637207,0,0
1596168194.5917282,190.7999038696289,0,0
1596168194.6017282,192.59994506835938,0,0
1596168194.6117282,194.40041542053223,0,0
1596168194.6217282,196.2020444869995,0,0
1596168194.6317282,198.00045490264893,0,0
1596168194.6417282,199.8011827468872,0,0
1596168194.6517282,201.60006523132324,0,0
1596168194.6617281,203.40208053588867,0,0
1596168194.6717281,205.2018642425537,0,0
1596168194.6817281,207.00096130371094,0,0
1596168194.691728,208.80228996276855,0,0
1596168194.701728,210.60168743133545,0,0
1596168194.711728,212.40151405334473,0,0
1596168194.721728,214.20159816741943,0,0
1596168194.731728,216.0005235671997,0,0
1596168194.741728,217.80202388763428,0,0
1596168194.751728,219.60073471069336,0,0
1596168194.761728,221.4003038406372,0,0
1596168194.771728,223.20322036743164,0,0
1596168194.781728,224.99987125396729,0,0
1596168194.791728,226.8032169342041,0,0
1596168194.801728,228.60188484191895,0,0
1596168194.811728,230.40184020996094,0,0
1596168194.821728,232.20239639282227,0,0
1596168194.831728,234.00226593017578,0,0
1596168194.841728,235.79981803894043,0,0
1596168194.851728,237.60307788848877,0,0
1596168194.861728,239.4010591506958,0,0
1596168194.871728,241.20238780975342,0,0
1596168194.881728,243.0003261566162,0,0
1596168194.891728,244.8016119003296,0,0
1596168194.901728,246.60272598266602,0,0
1596168194.911728,248.39989185333252,0,0
1596168194.921728,250.2018642425537,0,0
1596168194.931728,252.00053215026855,0,0
1596168194.9417279,253.80220413208008,0,0
1596168194.9517279,255.6007432937622,0,0
1596168194.9617279,257.40031242370605,0,0
1596168194.9717278,259.2028856277466,0,0
1596168194.9817278,261.0005235671997,0,0
1596168194.9917278,262.8015947341919,0,0
1596168195.0017278,264.60206508636475,0,0
1596168195.0117278,266.40292167663574,0,0
1596168195.0217278,268.2029628753662,0,0
1596168195.0317278,270.00094413757324,0,0
1596168195.0417278,271.8031311035156,0,0
1596168195.0517278,273.59986782073975,0,0
1596168195.0617278,275.4027843475342,0,0
1596168195.0717278,277.201452255249,0,0
1596168195.0763726,278.0358123779297,0,0
1596168195.0763726,278.0358123779297,0,0
1596168195.0817277,279.00102138519287,0,0
1596168195.0917277,280.8029079437256,0,0
1596168195.1017277,282.6025199890137,0,0
1596168195.1117277,284.40020084381104,0,0
1596168195.1217277,286.20285987854004,0,0
1596168195.1317277,288.0031156539917,0,0
1596168195.1417277,289.80311393737793,0,0
1596168195.1517277,291.60229682922363,0,0
1596168195.1617277,293.4013509750366,0,0
1596168195.1717277,295.20302295684814,0,0
1596168195.1817276,297.0001029968262,0,0
1596168195.1917276,298.80117416381836,0,0
1596168195.2017276,300.600528717041,0,0
1596168195.2117276,302.40044116973877,0,0
1596168195.2217276,304.20082569122314,0,0
1596168195.2317276,306.00314140319824,0,0
1596168195.2417276,307.8025817871094,0,0
1596168195.2517276,309.59970474243164,0,0
1596168195.2617276,311.39978885650635,0,0
1596168195.2717276,313.2003879547119,0,0
1596168195.2817276,315.00094413757324,0,0
1596168195.2917275,316.7998695373535,0,0
1596168195.3017275,318.601713180542,0,0
1596168195.3117275,320.400595664978,0,0
1596168195.3217275,322.2009801864624,0,0
1596168195.3317275,324.00299549102783,0,0
1596168195.3417275,325.8003759384155,0,0
1596168195.3517275,327.603120803833,0,0
1596168195.3617275,329.4002437591553,0,0
1596168195.3717275,331.20208740234375,0,0
1596168195.3817275,333.0006265640259,0,0
1596168195.3917274,334.8017406463623,0,0
1596168195.4017274,336.6010522842407,0,0
1596168195.4117274,338.4028959274292,0,0
1596168195.4217274,340.2029800415039,0,0
1596168195.4317274,342.0015621185303,0,0
1596168195.4417274,343.8014316558838,0,0
1596168195.4517274,345.60168743133545,0,0
1596168195.4617274,347.4023723602295,0,0
1596168195.4689755,348.70433807373047,0,0
1596168195.4689755,348.70433807373047,0,0
1596168195.4717274,349.2012119293213,0,0
1596168195.4817274,350.99992275238037,0,0
1596168195.4917274,352.8009510040283,0,0
1596168195.5017273,354.60197925567627,0,0
1596168195.5117273,356.40124797821045,0,0
1596168195.5217273,358.20210456848145,0,0
1596168195.531735,360,0,1
1596168195.531735,0,0,0
1596168195.541735,269.29570213012374,1.4860805678727713,0
1596168195.551735,271.0967303817717,1.4860805678727713,0
1596168195.561735,272.8960420196501,1.4860805678727713,0
1596168195.571735,274.6966411178557,1.4860805678727713,0
1596168195.581735,276.4970685546843,1.4860805678727713,0
1596168195.591735,278.29599395446456,1.4860805678727713,0
1596168195.6017349,280.0968076293913,1.4860805678727713,0
1596168195.6117349,281.89457431487716,1.4860805678727713,0
1596168195.6217349,283.6957313125578,1.4860805678727713,0
1596168195.6317348,285.49448505096115,1.4860805678727713,0
1596168195.6417348,287.2977878158537,1.4860805678727713,0
1596168195.6517348,289.0952540939299,1.4860805678727713,0
1596168195.6617348,290.8970977371184,1.4860805678727713,0
1596168195.6717348,292.695722729489,1.4860805678727713,0
1596168195.6817348,294.49623599700607,1.4860805678727713,0
1596168195.6917348,296.2956763809172,1.4860805678727713,0
1596168195.7017348,298.0978633468596,1.4860805678727713,0
1596168195.7117348,299.8964883392302,1.4860805678727713,0
1596168195.7217348,301.6973449295012,1.4860805678727713,0
1596168195.7317348,303.496184498593,1.4860805678727713,0
1596168195.7417347,305.29712691955245,1.4860805678727713,0
1596168195.7517347,307.09639564208663,1.4860805678727713,0
1596168195.7617347,308.89669433288253,1.4860805678727713,0
1596168195.7717347,310.6948043411223,1.4860805678727713,0
1596168195.7817347,312.49651923827804,1.4860805678727713,0
1596168195.7917347,314.2949725692717,1.4860805678727713,0
1596168195.8017347,316.09445586852706,1.4860805678727713,0
1596168195.8117347,317.89775863341964,1.4860805678727713,0
1596168195.8217347,319.6968986099211,1.4860805678727713,0
1596168195.8317347,321.4962102477995,1.4860805678727713,0
1596168195.8417346,323.2959510391203,1.4860805678727713,0
1596168195.8517346,325.09457603149093,1.4860805678727713,0
1596168195.8617346,326.8964196746794,1.4860805678727713,0
1596168195.8717346,328.6977054183928,1.4860805678727713,0
1596168195.8817346,330.4945708816496,1.4860805678727713,0
1596168195.8917346,332.2964145248381,1.4860805678727713,0
1596168195.9017346,334.0953399246184,1.4860805678727713,0
1596168195.9117346,335.8955527847258,1.4860805678727713,0
1596168195.9217346,337.69636645965255,1.4860805678727713,0
1596168195.9317346,339.4967509811369,1.4860805678727713,0
1596168195.9417346,341.2961055343596,1.4860805678727713,0
1596168195.9517345,343.0953313415495,1.4860805678727713,0
1596168195.9617345,344.8950292175261,1.4860805678727713,0
1596168195.9717345,346.69695869140304,1.4860805678727713,0
1596168195.9817345,348.49592700652755,1.4860805678727713,0
1596168195.9917345,350.297041088864,1.4860805678727713,0
1596168196.0017345,352.0961381500212,1.4860805678727713,0
1596168196.0117345,353.8976384704558,1.4860805678727713,0
1596168196.0217345,355.6975509231535,1.4860805678727713,0
1596168196.0317345,357.4961330001799,1.4860805678727713,0
1596168196.0417345,359.2954446380583,1.4860805678727713,0
1596168196.0456576,360,1.4860805678727713,1
1596168196.0456576,0,0,0
1596168196.0556576,1.8029594421386719,0,0
1596168196.0656576,3.6000823974609375,0,0
1596168196.0756576,5.400853157043457,0,0
1596168196.0856576,7.200593948364258,0,0
1596168196.0956576,9.00106430053711,0,0
1596168196.1056576,10.803122520446777,0,0
1596168196.1156576,12.600975036621094,0,0
1596168196.1256576,14.403119087219238,0,0
1596168196.1356575,16.202731132507324,0,0
1596168196.1456575,18.003244400024414,0,0
1596168196.1556575,19.8013973236084,0,0
1596168196.1656575,21.60015106201172,0,0
1596168196.1756575,23.403239250183105,0,0
1596168196.1856575,25.203452110290527,0,0
1596168196.1956575,27.000446319580078,0,0
1596168196.2056575,28.801989555358887,0,0
1596168196.2156575,30.601601600646973,0,0
1596168196.2256575,32.402286529541016,0,0
1596168196.2356575,34.20125484466553,0,0
1596168196.2456574,36.00314140319824,0,0
1596168196.2556574,37.8013801574707,0,0
1596168196.2656574,39.60318088531494,0,0
1596168196.2740924,41.11826419830322,0,0
1596168196.2740924,41.11826419830322,0,0
1596168196.2756574,41.40292167663574,0,0
1596168196.2856574,43.20223331451416,0,0
1596168196.2956574,45.00296115875244,0,0
1596168196.3056574,46.80068492889404,0,0
1596168196.3156574,48.60278606414795,0,0
1596168196.3256574,50.40085315704346,0,0
1596168196.3356574,52.20149517059326,0,0
1596168196.3456573,54.00059223175049,0,0
1596168196.3556573,55.80277919769287,0,0
1596168196.3656573,57.600417137145996,0,0
1596168196.3756573,59.40311908721924,0,0
1596168196.3856573,61.20208740234375,0,0
1596168196.3956573,63.00135612487793,0,0
1596168196.4056573,64.80006694793701,0,0
1596168196.4156573,66.60075187683105,0,0
1596168196.4256573,68.4003210067749,0,0
1596168196.4356573,70.20143508911133,0,0
1596168196.4456573,72.00267791748047,0,0
1596168196.4556572,73.80289077758789,0,0
1596168196.4656572,75.60117244720459,0,0
1596168196.4756572,77.40245819091797,0,0
1596168196.4856572,79.20164108276367,0,0
1596168196.4956572,81.00292682647705,0,0
1596168196.5056572,82.8015947341919,0,0
1596168196.5156572,84.6033525466919,0,0
1596168196.5256572,86.40120506286621,0,0
1596168196.5356572,88.20300579071045,0,0
1596168196.5456572,90.00248908996582,0,0
1596168196.5556571,91.80128574371338,0,0
1596168196.5656571,93.60321521759033,0,0
1596168196.5756571,95.40106773376465,0,0
1596168196.5856571,97.20106601715088,0,0
1596168196.595657,99.00226593017578,0,0
1596168196.605657,100.80325126647949,0,0
1596168196.615657,102.60127544403076,0,0
1596168196.625657,104.40011501312256,0,0
1596168196.635657,106.20260238647461,0,0
1596168196.645657,108.00152778625488,0,0
1596168196.655657,109.7999382019043,0,0
1596168196.665657,111.60285472869873,0,0
1596168196.675657,113.40186595916748,0,0
1596168196.685657,115.201735496521,0,0
1596168196.695657,117.00014591217041,0,0
1596168196.705657,118.80220413208008,0,0
1596168196.715657,120.60031414031982,0,0
1596168196.725657,122.40082740783691,0,0
1596168196.735657,124.20262813568115,0,0
1596168196.745657,126.00099563598633,0,0
1596168196.755657,127.8001356124878,0,0
1596168196.765657,129.60159301757812,0,0
1596168196.775657,131.40257835388184,0,0
1596168196.7829597,132.71437168121338,0,0
1596168196.7829597,132.71437168121338,0,0
1596168196.785657,133.20176124572754,0,0
1596168196.795657,135.00308990478516,0,0
1596168196.805657,136.80158615112305,0,0
1596168196.815657,138.60124111175537,0,0
1596168196.825657,140.40317058563232,0,0
1596168196.835657,142.2013235092163,0,0
1596168196.8456569,144.00076389312744,0,0
1596168196.8556569,145.80196380615234,0,0
1596168196.8656569,147.6000738143921,0,0
1596168196.8756568,149.40170288085938,0,0
1596168196.8856568,151.20298862457275,0,0
1596168196.8956568,153.00118446350098,0,0
1596168196.90434,154.5628309249878,0,0
1596168196.90434,154.5628309249878,0,0
1596168196.9056568,154.80294227600098,0,0
1596168196.9156568,156.6024684906006,0,0
1596168196.9256568,158.40306758880615,0,0
1596168196.9356568,160.20323753356934,0,0
1596168196.9456568,162.00284957885742,0,0
1596168196.9556568,163.80181789398193,0,0
1596168196.9656568,165.60057163238525,0,0
1596168196.9756567,167.40031242370605,0,0
1596168196.9856567,169.20327186584473,0,0
1596168196.9956567,171.00112438201904,0,0
1596168197.0056567,172.8002643585205,0,0
1596168197.0156567,174.6014642715454,0,0
1596168197.0256567,176.40154838562012,0,0
1596168197.0356567,178.2011604309082,0,0
1596168197.0456567,180.00098705291748,0,0
1596168197.0556567,181.8021011352539,0,0
1596168197.0656567,183.60102653503418,0,0
1596168197.0756567,185.40016651153564,0,0
1596168197.0856566,187.2002077102661,0,0
1596168197.0956566,189.0023946762085,0,0
1596168197.1056566,190.80063343048096,0,0
1596168197.1156566,192.6009750366211,0,0
1596168197.1256566,194.4023036956787,0,0
1596168197.1332061,195.75872898101807,0,0
1596168197.1332061,195.75872898101807,0,0
1596168197.1356566,196.20251655578613,0,0
1596168197.1456566,198.00105571746826,0,0
1596168197.1556566,199.80234146118164,0,0
1596168197.1656566,201.60165309906006,0,0
1596168197.1756566,203.4019947052002,0,0
1596168197.1856565,205.20177841186523,0,0
1596168197.1956565,207.00087547302246,0,0
1596168197.2056565,208.80160331726074,0,0
1596168197.2156565,210.60237407684326,0,0
1596168197.2256565,212.4000120162964,0,0
1596168197.2356565,214.20129776000977,0,0
1596168197.2456565,216.00258350372314,0,0
1596168197.2556565,217.80301094055176,0,0
1596168197.2656565,219.60094928741455,0,0
1596168197.2756565,221.4027500152588,0,0
1596168197.2856565,223.20141792297363,0,0
1596168197.2956564,225.00098705291748,0,0
1596168197.3056564,226.80171489715576,0,0
1596168197.3156564,228.60214233398438,0,0
1596168197.3256564,230.40244102478027,0,0
1596168197.3356564,232.20012187957764,0,0
1596168197.3456564,234.00230884552002,0,0
1596168197.3556564,235.80041885375977,0,0
1596168197.3656564,237.60046005249023,0,0
1596168197.3756564,239.40080165863037,0,0
1596168197.3856564,241.20049953460693,0,0
1596168197.3956563,243.00002574920654,0,0
1596168197.4056563,244.80281352996826,0,0
1596168197.4156563,246.6013526916504,0,0
1596168197.4256563,248.4001922607422,0,0
1596168197.4356563,250.2018642425537,0,0
1596168197.4456563,252.00297832489014,0,0
1596168197.4556563,253.80254745483398,0,0
1596168197.4656563,255.60301780700684,0,0
1596168197.4756563,257.40245819091797,0,0
1596168197.4856563,259.20138359069824,0,0
1596168197.4956563,261.00125312805176,0,0
1596168197.5056562,262.80163764953613,0,0
1596168197.5156562,264.6012496948242,0,0
1596168197.5256562,266.3999605178833,0,0
1596168197.5356562,268.20000171661377,0,0
1596168197.5456562,270.00085830688477,0,0
1596168197.5556562,271.79999828338623,0,0
1596168197.5656562,273.599910736084,0,0
1596168197.5756562,275.4004669189453,0,0
1596168197.5856562,277.2003364562988,0,0
1596168197.5956562,279.00290966033936,0,0
1596168197.6056561,280.8002042770386,0,0
1596168197.6156561,282.6027774810791,0,0
1596168197.6256561,284.39998626708984,0,0
1596168197.635656,286.200156211853,0,0
1596168197.645656,288.0019998550415,0,0
1596168197.655656,289.80315685272217,0,0
1596168197.665656,291.6020393371582,0,0
1596168197.675656,293.4013509750366,0,0
1596168197.685656,295.2029800415039,0,0
1596168197.695656,296.99984550476074,0,0
1596168197.705656,298.8008737564087,0,0
1596168197.715656,300.6007432937622,0,0
1596168197.725656,302.4013423919678,0,0
1596168197.735656,304.201340675354,0,0
1596168197.745656,306.0022830963135,0,0
1596168197.755656,307.80107975006104,0,0
1596168197.765656,309.60082054138184,0,0
1596168197.775656,311.40034675598145,0,0
1596168197.785656,313.20133209228516,0,0
1596168197.795656,315.0015449523926,0,0
1596168197.805656,316.80261611938477,0,0
1596168197.815656,318.6022710800171,0,0
1596168197.825656,320.4021406173706,0,0
1596168197.835656,322.19969272613525,0,0
1596168197.845656,324.000506401062,0,0
1596168197.855656,325.80084800720215,0,0
1596168197.865656,327.5998592376709,0,0
1596168197.875656,329.4022607803345,0,0
1596168197.8856559,331.20230197906494,0,0
1596168197.8956559,333.00105571746826,0,0
1596168197.9056559,334.8002815246582,0,0
1596168197.9156559,336.6025114059448,0,0
1596168197.9256558,338.4002351760864,0,0
1596168197.9356558,340.2000617980957,0,0
1596168197.9456558,342.0013904571533,0,0
1596168197.9556558,343.80263328552246,0,0
1596168197.9656558,345.602331161499,0,0
1596168197.9756558,347.4011707305908,0,0
1596168197.9856558,349.2025423049927,0,0
1596168197.9956558,350.99979400634766,0,0
1596168198.0056558,352.80065059661865,0,0
1596168198.0156558,354.6027946472168,0,0
1596168198.0256557,356.3997459411621,0,0
1596168198.0356557,358.20300579071045,0,0
1596168198.0456605,360,0,1
1596168198.0456605,0,0,0
1596168198.0556605,185.18120475185088,1.0187775662415652,0
1596168198.0656605,186.98047347438506,1.0187775662415652,0
1596168198.0756605,188.78042884242706,1.0187775662415652,0
1596168198.0856605,190.583259538533,1.0187775662415652,0
1596168198.0956604,192.38021083247833,1.0187775662415652,0
1596168198.1056604,194.18141074550323,1.0187775662415652,0
1596168198.1156604,195.9817952669876,1.0187775662415652,0
1596168198.1256604,197.7814073122757,1.0187775662415652,0
1596168198.1356604,199.5831651247757,1.0187775662415652,0
1596168198.1456604,201.38063140285186,1.0187775662415652,0
1596168198.1556604,203.18093009364776,1.0187775662415652,0
1596168198.1656604,204.97998423946075,1.0187775662415652,0
1596168198.1756604,206.7819137133377,1.0187775662415652,0
1596168198.1856604,208.58174033534698,1.0187775662415652,0
1596168198.1956604,210.38281150233917,1.0187775662415652,0
1596168198.2056603,212.18143649470977,1.0187775662415652,0
1596168198.2156603,213.98182101619415,1.0187775662415652,0
1596168198.2256603,215.7802743471878,1.0187775662415652,0
1596168198.2356603,217.58254714381866,1.0187775662415652,0
1596168198.2456603,219.38220210445098,1.0187775662415652,0
1596168198.2556603,221.18048377406768,1.0187775662415652,0
1596168198.2656603,222.98262782466583,1.0187775662415652,0
1596168198.2756603,224.7822398699539,1.0187775662415652,0
1596168198.2856603,226.58000655543975,1.0187775662415652,0
1596168198.2956603,228.3823651827591,1.0187775662415652,0
1596168198.3056602,230.18283553493194,1.0187775662415652,0
1596168198.3156602,231.98098845851592,1.0187775662415652,0
1596168198.3256602,233.7815875567215,1.0187775662415652,0
1596168198.3356602,235.5803412951248,1.0187775662415652,0
1596168198.3456602,237.3806399859207,1.0187775662415652,0
1596168198.3556602,239.18278403651885,1.0187775662415652,0
1596168198.3656602,240.9814519442337,1.0187775662415652,0
1596168198.3756602,242.78037734401397,1.0187775662415652,0
1596168198.3856602,244.58247847926788,1.0187775662415652,0
1596168198.3956602,246.38166137111358,1.0187775662415652,0
1596168198.4056602,248.18329043758087,1.0187775662415652,0
1596168198.4156601,249.9823874987381,1.0187775662415652,0
1596168198.4256601,251.78019709956817,1.0187775662415652,0
1596168198.4356601,253.58182616603546,1.0187775662415652,0
1596168198.44566,255.3826398409622,1.0187775662415652,0
1596168198.45566,257.1801061190384,1.0187775662415652,0
1596168198.46566,258.9811772860306,1.0187775662415652,0
1596168198.47566,260.78259177577667,1.0187775662415652,0
1596168198.48566,262.5806588686722,1.0187775662415652,0
1596168198.49566,264.3828029192703,1.0187775662415652,0
1596168198.50566,266.1809558428543,1.0187775662415652,0
1596168198.51566,267.9818124331253,1.0187775662415652,0
1596168198.52566,269.78129573238067,1.0187775662415652,0
1596168198.53566,271.5804786242264,1.0187775662415652,0
1596168198.54566,273.3800477541702,1.0187775662415652,0
1596168198.55566,275.18274970424346,1.0187775662415652,0
1596168198.56566,276.9814176119583,1.0187775662415652,0
1596168198.57566,278.78111548793487,1.0187775662415652,0
1596168198.58566,280.5811137713211,1.0187775662415652,0
1596168198.59566,282.38136954677276,1.0187775662415652,0
1596168198.60566,284.18222613704376,1.0187775662415652,0
1596168198.61566,285.98016448390655,1.0187775662415652,0
1596168198.62566,287.7832097567337,1.0187775662415652,0
1596168198.63566,289.5808476961868,1.0187775662415652,0
1596168198.64566,291.38106055629424,1.0187775662415652,0
1596168198.65566,293.1816596544998,1.0187775662415652,0
1596168198.66566,294.98187251460723,1.0187775662415652,0
1596168198.67566,296.7803258456009,1.0187775662415652,0
1596168198.68566,298.5801953829544,1.0187775662415652,0
1596168198.6956599,300.38122363460235,1.0187775662415652,0
1596168198.7056599,302.1803636111038,1.0187775662415652,0
1596168198.7156599,303.98104853999786,1.0187775662415652,0
1596168198.7256598,305.7813043154495,1.0187775662415652,0
1596168198.7356598,307.58289046657256,1.0187775662415652,0
1596168198.7456598,309.3816871203201,1.0187775662415652,0
1596168198.7556598,311.1805266894119,1.0187775662415652,0
1596168198.7656598,312.98151202571563,1.0187775662415652,0
1596168198.7756598,314.78125281703643,1.0187775662415652,0
1596168198.782071,315.9338731325882,1.0187775662415652,0
1596168198.782071,315.9338731325882,1.0187775662415652,0
1596168198.7856598,316.5806073702591,1.0187775662415652,0
1596168198.7956598,318.3820647753494,1.0187775662415652,0
1596168198.8056598,320.18249221217803,1.0187775662415652,0
1596168198.8156598,321.98133178126983,1.0187775662415652,0
1596168198.8256598,323.7807292498367,1.0187775662415652,0
1596168198.8356597,325.58171458614044,1.0187775662415652,0
1596168198.8456597,327.3824424303787,1.0187775662415652,0
1596168198.8556597,329.1799087084549,1.0187775662415652,0
1596168198.8656597,330.98162360561065,1.0187775662415652,0
1596168198.8756597,332.7806348360794,1.0187775662415652,0
1596168198.8856597,334.58097644221954,1.0187775662415652,0
1596168198.8956597,336.38209052455596,1.0187775662415652,0
1596168198.9056597,338.1829900301712,1.0187775662415652,0
1596168198.9156597,339.9820441759842,1.0187775662415652,0
1596168198.9256597,341.78307242763213,1.0187775662415652,0
1596168198.9356596,343.58259864223174,1.0187775662415652,0
1596168198.9456596,345.38289733302764,1.0187775662415652,0
1596168198.9556596,347.18263812434844,1.0187775662415652,0
1596168198.9656596,348.9815635241287,1.0187775662415652,0
1596168198.9756596,350.7801456011551,1.0187775662415652,0
1596168198.9856596,352.5799293078201,1.0187775662415652,0
1596168198.9956596,354.37979884517364,1.0187775662415652,0
1596168199.0056596,356.182157472493,1.0187775662415652,0
1596168199.0156596,357.9811687029617,1.0187775662415652,0
1596168199.0256596,359.7821969546097,1.0187775662415652,0
1596168199.0268962,360,1.0187775662415652,1
1596168199.0268962,0,0,0
1596168199.0368962,112.33460675435487,0.6140680451501974,0
1596168199.0468962,114.134948360495,0.6140680451501974,0
1596168199.0568962,115.9346891518158,0.6140680451501974,0
1596168199.0668962,117.7340866203827,0.6140680451501974,0
1596168199.0768962,119.53524361806336,0.6140680451501974,0
1596168199.0868962,121.33421193318787,0.6140680451501974,0
1596168199.0968962,123.133652317099,0.6140680451501974,0
1596168199.1068962,124.93313561635438,0.6140680451501974,0
1596168199.1168962,126.73566590505067,0.6140680451501974,0
1596168199.1268961,128.53416215138856,0.6140680451501974,0
1596168199.1334298,129.7082830544037,0.6140680451501974,0
1596168199.1334298,129.7082830544037,0.6140680451501974,0
1596168199.1368961,130.3354049797577,0.6140680451501974,0
1596168199.1468961,132.13518868642274,0.6140680451501974,0
1596168199.156896,133.93484364705506,0.6140680451501974,0
1596168199.166896,135.73243867116395,0.6140680451501974,0
1596168199.176896,137.53475438313905,0.6140680451501974,0
1596168199.186896,139.3347955818695,0.6140680451501974,0
1596168199.196896,141.13505135732117,0.6140680451501974,0
1596168199.206896,142.9347063179535,0.6140680451501974,0
1596168199.216896,144.7347904320282,0.6140680451501974,0
1596168199.226896,146.53401623921815,0.6140680451501974,0
1596168199.236896,148.3337999458832,0.6140680451501974,0
1596168199.246896,150.13452779012147,0.6140680451501974,0
1596168199.256896,151.93435441213074,0.6140680451501974,0
1596168199.266896,153.7346101875824,0.6140680451501974,0
1596168199.276896,155.53306351857606,0.6140680451501974,0
1596168199.286896,157.334992992453,0.6140680451501974,0
1596168199.296896,159.13421879964295,0.6140680451501974,0
1596168199.306896,160.93365918355408,0.6140680451501974,0
1596168199.316896,162.73224126058045,0.6140680451501974,0
1596168199.326896,164.5340419884247,0.6140680451501974,0
1596168199.336896,166.33494149403992,0.6140680451501974,0
1596168199.346896,168.13223611073914,0.6140680451501974,0
1596168199.356896,169.93442307668153,0.6140680451501974,0
1596168199.366896,171.73399220662537,0.6140680451501974,0
1596168199.376896,173.53437672810975,0.6140680451501974,0
1596168199.386896,175.33330212789002,0.6140680451501974,0
1596168199.396896,177.1333433266205,0.6140680451501974,0
1596168199.4068959,178.93480073171082,0.6140680451501974,0
1596168199.4168959,180.73432694631043,0.6140680451501974,0
1596168199.4268959,182.53278027730408,0.6140680451501974,0
1596168199.4368958,184.33226357655946,0.6140680451501974,0
1596168199.4468958,186.13281975942078,0.6140680451501974,0
1596168199.4568958,187.9332471962494,0.6140680451501974,0
1596168199.4668958,189.73346005635682,0.6140680451501974,0
1596168199.4768958,191.53277169423524,0.6140680451501974,0
1596168199.4868958,193.33272706227723,0.6140680451501974,0
1596168199.4968958,195.13371239858094,0.6140680451501974,0
1596168199.5068958,196.93555604176942,0.6140680451501974,0
1596168199.5168958,198.73508225636903,0.6140680451501974,0
1596168199.5268958,200.53250561910096,0.6140680451501974,0
1596168199.5368958,202.33413468556824,0.6140680451501974,0
1596168199.5468957,204.1351629372162,0.6140680451501974,0
1596168199.5568957,205.93507538991395,0.6140680451501974,0
1596168199.5623143,206.90749417500916,0.6140680451501974,0
1596168199.5623143,206.90749417500916,0.6140680451501974,0
1596168199.5668957,207.73370038228455,0.6140680451501974,0
1596168199.5768957,209.5338274117035,0.6140680451501974,0
1596168199.5868957,211.33404027181092,0.6140680451501974,0
1596168199.5968957,213.13536893086854,0.6140680451501974,0
1596168199.6068957,214.93545304494324,0.6140680451501974,0
1596168199.6168957,216.73261891560975,0.6140680451501974,0
1596168199.6268957,218.5348917122406,0.6140680451501974,0
1596168199.6368957,220.33313046651307,0.6140680451501974,0
1596168199.6468956,222.13454495625916,0.6140680451501974,0
1596168199.6568956,223.9354444618744,0.6140680451501974,0
1596168199.6668956,225.73364030080262,0.6140680451501974,0
1596168199.6768956,227.53496895986024,0.6140680451501974,0
1596168199.6868956,229.3353534813446,0.6140680451501974,0
1596168199.6968956,231.13402138905946,0.6140680451501974,0
1596168199.7068956,232.93397675710145,0.6140680451501974,0
1596168199.7168956,234.73397504048768,0.6140680451501974,0
1596168199.7268956,236.534531223349,0.6140680451501974,0
1596168199.7368956,238.33452950673524,0.6140680451501974,0
1596168199.7468956,240.13396989064637,0.6140680451501974,0
1596168199.7568955,241.93435441213074,0.6140680451501974,0
1596168199.7668955,243.73508225636903,0.6140680451501974,0
1596168199.7768955,245.53520928578797,0.6140680451501974,0
1596168199.7868955,247.33516465382996,0.6140680451501974,0
1596168199.7968955,249.13542042928162,0.6140680451501974,0
1596168199.8068955,250.93477498250428,0.6140680451501974,0
1596168199.8168955,252.73434411244813,0.6140680451501974,0
1596168199.8268955,254.5321537132782,0.6140680451501974,0
1596168199.8368955,256.3346840019745,0.6140680451501974,0
1596168199.8468955,258.1343389626068,0.6140680451501974,0
1596168199.8568954,259.9324060555023,0.6140680451501974,0
1596168199.8668954,261.7340351219696,0.6140680451501974,0
1596168199.8768954,263.532445537619,0.6140680451501974,0
1596168199.8868954,265.33343087392274,0.6140680451501974,0
1596168199.8968954,267.135231601767,0.6140680451501974,0
1596168199.9068954,268.93316994862977,0.6140680451501974,0
1596168199.9168954,270.7332540627045,0.6140680451501974,0
1596168199.9268954,272.5323511238617,0.6140680451501974,0
1596168199.9368954,274.33406602101746,0.6140680451501974,0
1596168199.9468954,276.1337209816498,0.6140680451501974,0
1596168199.9568954,277.9335905190033,0.6140680451501974,0
1596168199.9668953,279.73337422566834,0.6140680451501974,0
1596168199.9768953,281.5337587471527,0.6140680451501974,0
1596168199.9868953,283.33216916280213,0.6140680451501974,0
1596168199.9968953,285.1337982292694,0.6140680451501974,0
1596168200.0068953,286.93310986714783,0.6140680451501974,0
1596168200.0168953,288.7321210976166,0.6140680451501974,0
1596168200.0268953,290.5328060265106,0.6140680451501974,0
1596168200.0368953,292.33379136281434,0.6140680451501974,0
1596168200.0468953,294.1337038155121,0.6140680451501974,0
1596168200.0568953,295.93498955922547,0.6140680451501974,0
1596168200.0668952,297.7326274986786,0.6140680451501974,0
1596168200.0768952,299.5342994804901,0.6140680451501974,0
1596168200.0868952,301.3352419014496,0.6140680451501974,0
1596168200.0968952,303.13403855519715,0.6140680451501974,0
1596168200.1068952,304.93480931477967,0.6140680451501974,0
1596168200.1168952,306.73463593678895,0.6140680451501974,0
1596168200.1268952,308.53334675984803,0.6140680451501974,0
1596168200.1368952,310.33334504323426,0.6140680451501974,0
1596168200.1468952,312.1346737022919,0.6140680451501974,0
1596168200.1568952,313.9325262184662,0.6140680451501974,0
1596168200.1661832,315.6039072151703,0.6140680451501974,0
1596168200.1661832,315.6039072151703,0.6140680451501974,0
1596168200.1668952,315.7347131844086,0.6140680451501974,0
1596168200.1768951,317.53531228261414,0.6140680451501974,0
1596168200.1868951,319.3347955818695,0.6140680451501974,0
1596168200.1968951,321.1335064049286,0.6140680451501974,0
1596168200.206895,322.93230305867615,0.6140680451501974,0
1596168200.216895,324.73384629445496,0.6140680451501974,0
1596168200.226895,326.5335012550873,0.6140680451501974,0
1596168200.236895,328.3330274696869,0.6140680451501974,0
1596168200.246895,330.135343181662,0.6140680451501974,0
1596168200.256895,331.9325090523285,0.6140680451501974,0
1596168200.266895,333.73443852620545,0.6140680451501974,0
1596168200.276895,335.53405057149354,0.6140680451501974,0
1596168200.286895,337.3350788231415,0.6140680451501974,0
1596168200.296895,339.13512002187196,0.6140680451501974,0
1596168200.306895,340.9351612206024,0.6140680451501974,0
1596168200.316895,342.73412953572694,0.6140680451501974,0
1596168200.326895,344.53288327413026,0.6140680451501974,0
1596168200.336895,346.334598171286,0.6140680451501974,0
1596168200.346895,348.13236485677186,0.6140680451501974,0
1596168200.356895,349.93489514546815,0.6140680451501974,0
1596168200.366895,351.7348075981659,0.6140680451501974,0
1596168200.376895,353.53248845296326,0.6140680451501974,0
1596168200.386895,355.33433209615174,0.6140680451501974,0
1596168200.396895,357.1343732948822,0.6140680451501974,0
1596168200.406895,358.93325577931824,0.6140680451501974,0
1596168200.412845,360,0.6140680451501974,1
1596168200.412845,0,0,0
1596168200.422845,229.98544309092875,1.267693339318772,0
1596168200.4328449,231.78582761241313,1.267693339318772,0
1596168200.4428449,233.58526799632426,1.267693339318772,0
1596168200.4528449,235.38488004161235,1.267693339318772,0
1596168200.4628448,237.18539330912944,1.267693339318772,0
1596168200.4728448,238.98702237559672,1.267693339318772,0
1596168200.4828448,240.7860765214097,1.267693339318772,0
1596168200.4928448,242.5856885666978,1.267693339318772,0
1596168200.5028448,244.38706014109965,1.267693339318772,0
1596168200.5128448,246.1878738160264,1.267693339318772,0
1596168200.5228448,247.98731419993754,1.267693339318772,0
1596168200.5328448,249.78636834575053,1.267693339318772,0
1596168200.5428448,251.58490750743266,1.267693339318772,0
1596168200.5528448,253.38533494426127,1.267693339318772,0
1596168200.5628448,255.18584821177836,1.267693339318772,0
1596168200.5728447,256.98614690257426,1.267693339318772,0
1596168200.5828447,258.7872609849107,1.267693339318772,0
1596168200.5928447,260.5853280778062,1.267693339318772,0
1596168200.6028447,262.38511178447123,1.267693339318772,0
1596168200.6128447,264.1860542054307,1.267693339318772,0
1596168200.6228447,265.9873828644883,1.267693339318772,0
1596168200.6328447,267.7869519944322,1.267693339318772,0
1596168200.6428447,269.58531949473735,1.267693339318772,0
1596168200.6528447,271.38707730723735,1.267693339318772,0
1596168200.6628447,273.1865606064927,1.267693339318772,0
1596168200.6728446,274.9862584824693,1.267693339318772,0
1596168200.6828446,276.788145041002,1.267693339318772,0
1596168200.6928446,278.5849675889146,1.267693339318772,0
1596168200.7028446,280.38522336436625,1.267693339318772,0
1596168200.7128446,282.18552205516215,1.267693339318772,0
1596168200.7228446,283.9874515290391,1.267693339318772,0
1596168200.7328446,285.785947775377,1.267693339318772,0
1596168200.7428446,287.5865039582383,1.267693339318772,0
1596168200.7528446,289.3855151887071,1.267693339318772,0
1596168200.7628446,291.18770215464946,1.267693339318772,0
1596168200.7728446,292.98641297770854,1.267693339318772,0
1596168200.7828445,294.7860250229966,1.267693339318772,0
1596168200.7928445,296.58645245982524,1.267693339318772,0
1596168200.8028445,298.386364912523,1.267693339318772,0
1596168200.8128445,300.18494698954936,1.267693339318772,0
1596168200.8228445,301.9875201935899,1.267693339318772,0
1596168200.8328445,303.7861451859605,1.267693339318772,0
1596168200.8428445,305.585113501085,1.267693339318772,0
1596168200.8528445,307.3870000596177,1.267693339318772,0
1596168200.8628445,309.1866121049058,1.267693339318772,0
1596168200.8728445,310.98570916606303,1.267693339318772,0
1596168200.8828444,312.78536412669536,1.267693339318772,0
1596168200.8928444,314.5879373307359,1.267693339318772,0
1596168200.9028444,316.3875922913682,1.267693339318772,0
1596168200.9128444,318.18523023082133,1.267693339318772,0
1596168200.9228444,319.98608682109233,1.267693339318772,0
1596168200.9328444,321.78797337962504,1.267693339318772,0
1596168200.9428444,323.5863408799302,1.267693339318772,0
1596168200.9528444,325.3868541474473,1.267693339318772,0
1596168200.9628444,327.1855649705064,1.267693339318772,0
1596168200.9728444,328.985091185106,1.267693339318772,0
1596168200.9828444,330.7849178071153,1.267693339318772,0
1596168200.9928443,332.5852164979112,1.267693339318772,0
1596168201.0028443,334.38671681834575,1.267693339318772,0
1596168201.0128443,336.1868438477647,1.267693339318772,0
1596168201.0228443,337.98731419993754,1.267693339318772,0
1596168201.0262983,338.606410955919,1.267693339318772,0
1596168201.0262983,338.606410955919,1.267693339318772,0
1596168201.0328443,339.7865829224717,1.267693339318772,0
1596168201.0428443,341.5868386979234,1.267693339318772,0
1596168201.0528443,343.38542077494975,1.267693339318772,0
1596168201.0628443,345.1879939789903,1.267693339318772,0
1596168201.0728443,346.986275648607,1.267693339318772,0
1596168201.0828443,348.78618810130473,1.267693339318772,0
1596168201.0928442,350.58648679210063,1.267693339318772,0
1596168201.1028442,352.3870858903062,1.267693339318772,0
1596168201.1128442,354.1872558350694,1.267693339318772,0
1596168201.1228442,355.98686788035747,1.267693339318772,0
1596168201.1328442,357.78660867167827,1.267693339318772,0
1596168201.1428442,359.5878515000474,1.267693339318772,0
1596168201.1451695,360,1.267693339318772,1
1596168201.1451695,0,0,0
1596168201.1551695,120.26692254797993,0.6581357509701549,0
1596168201.1651695,122.06533296362934,0.6581357509701549,0
1596168201.1751695,123.8663612152773,0.6581357509701549,0
1596168201.1851695,125.664642884894,0.6581357509701549,0
1596168201.1951694,127.4647269989687,0.6581357509701549,0
1596168201.2051694,129.26575525061665,0.6581357509701549,0
1596168201.2151694,131.06738431708393,0.6581357509701549,0
1596168201.2251694,132.86772592322407,0.6581357509701549,0
1596168201.2351694,134.665149285956,0.6581357509701549,0
1596168201.2451694,136.46682126776753,0.6581357509701549,0
1596168201.2551694,138.2674203659731,0.6581357509701549,0
1596168201.2651694,140.0654874588686,0.6581357509701549,0
1596168201.2751694,141.86462743537007,0.6581357509701549,0
1596168201.2851694,143.66501195685444,0.6581357509701549,0
1596168201.2951694,145.4654823090273,0.6581357509701549,0
1596168201.3051693,147.266467645331,0.6581357509701549,0
1596168201.3151693,149.06616552130757,0.6581357509701549,0
1596168201.3251693,150.86723668829976,0.6581357509701549,0
1596168201.3351693,152.66496045844136,0.6581357509701549,0
1596168201.3451693,154.4653020645815,0.6581357509701549,0
1596168201.3551693,156.26547200934468,0.6581357509701549,0
1596168201.3651693,158.06731565253315,0.6581357509701549,0
1596168201.3751693,159.86443860785542,0.6581357509701549,0
1596168201.3851693,161.66443689124165,0.6581357509701549,0
1596168201.3951693,163.4676109101015,0.6581357509701549,0
1596168201.4051692,165.26649339453755,0.6581357509701549,0
1596168201.4151692,167.06769330756245,0.6581357509701549,0
1596168201.4251692,168.86576040045796,0.6581357509701549,0
1596168201.4351692,170.66550119177876,0.6581357509701549,0
1596168201.4451692,172.4645124222475,0.6581357509701549,0
1596168201.4551692,174.2650256897646,0.6581357509701549,0
1596168201.4651692,176.0660968567568,0.6581357509701549,0
1596168201.4751692,177.86515100256977,0.6581357509701549,0
1596168201.4851692,179.6670375611025,0.6581357509701549,0
1596168201.4951692,181.4657912995058,0.6581357509701549,0
1596168201.5051692,183.26750619666157,0.6581357509701549,0
1596168201.5151691,185.06724698798237,0.6581357509701549,0
1596168201.5251691,186.86604364172993,0.6581357509701549,0
1596168201.5351691,188.6657415177065,0.6581357509701549,0
1596168201.545169,190.46711309210835,0.6581357509701549,0
1596168201.555169,192.2652231003481,0.6581357509701549,0
1596168201.562669,193.61435277716694,0.6581357509701549,0
1596168201.562669,193.61435277716694,0.6581357509701549,0
1596168201.565169,194.06715257422505,0.6581357509701549,0
1596168201.575169,195.8674083496767,0.6581357509701549,0
1596168201.585169,197.66483171240864,0.6581357509701549,0
1596168201.595169,199.4650874878603,0.6581357509701549,0
1596168201.605169,201.26547200934468,0.6581357509701549,0
1596168201.615169,203.06585653082905,0.6581357509701549,0
1596168201.625169,204.8647390152651,0.6581357509701549,0
1596168201.635169,206.66666848914204,0.6581357509701549,0
1596168201.645169,208.4661517883974,0.6581357509701549,0
1596168201.655169,210.26739461676655,0.6581357509701549,0
1596168201.665169,212.06464631812153,0.6581357509701549,0
1596168201.675169,213.86515958563862,0.6581357509701549,0
1596168201.685169,215.66670282141743,0.6581357509701549,0
1596168201.695169,217.46627195136128,0.6581357509701549,0
1596168201.705169,219.2643390442568,0.6581357509701549,0
1596168201.715169,221.06639726416645,0.6581357509701549,0
1596168201.725169,222.8661809708315,0.6581357509701549,0
1596168201.735169,224.6668229843813,0.6581357509701549,0
1596168201.745169,226.46437509314595,0.6581357509701549,0
1596168201.755169,228.26570375220356,0.6581357509701549,0
1596168201.765169,230.06454332129536,0.6581357509701549,0
1596168201.775169,231.8650995041567,0.6581357509701549,0
1596168201.785169,233.66466863410054,0.6581357509701549,0
1596168201.7951689,235.46719892279683,0.6581357509701549,0
1596168201.8051689,237.265566423102,0.6581357509701549,0
1596168201.8151689,239.06702382819233,0.6581357509701549,0
1596168201.8251688,240.86676461951313,0.6581357509701549,0
1596168201.8351688,242.66594751135884,0.6581357509701549,0
1596168201.8451688,244.46727617041645,0.6581357509701549,0
1596168201.8551688,246.26645906226216,0.6581357509701549,0
1596168201.8651688,248.06508405463276,0.6581357509701549,0
1596168201.8751688,249.8676572586733,0.6581357509701549,0
1596168201.8851688,251.6644798065859,0.6581357509701549,0
1596168201.8951688,253.46563680426655,0.6581357509701549,0
1596168201.9051688,255.2654205109316,0.6581357509701549,0
1596168201.9151688,257.0675645615297,0.6581357509701549,0
1596168201.9251688,258.86554582373674,0.6581357509701549,0
1596168201.9351687,260.66631658331926,0.6581357509701549,0
1596168201.9451687,262.46717317359025,0.6581357509701549,0
1596168201.9551687,264.26528318183,0.6581357509701549,0
1596168201.9651687,266.06618268744523,0.6581357509701549,0
1596168201.9727798,267.4342809464174,0.6581357509701549,0
1596168201.9727798,267.4342809464174,0.6581357509701549,0
1596168201.9751687,267.8676830078798,0.6581357509701549,0
1596168201.9851687,269.6646343018251,0.6581357509701549,0
1596168201.9951687,271.4669500138002,0.6581357509701549,0
1596168202.0051687,273.26639039771135,0.6581357509701549,0
1596168202.0151687,275.0656591202455,0.6581357509701549,0
1596168202.0251687,276.86711652533586,0.6581357509701549,0
1596168202.0351686,278.6648832108217,0.6581357509701549,0
1596168202.0451686,280.46724183814104,0.6581357509701549,0
1596168202.0551686,282.26586683051164,0.6581357509701549,0
1596168202.0651686,284.0660367752748,0.6581357509701549,0
1596168202.0751686,285.8674083496767,0.6581357509701549,0
1596168202.0851686,287.66611917273576,0.6581357509701549,0
1596168202.0951686,289.4643579270082,0.6581357509701549,0
1596168202.1051686,291.26602990881975,0.6581357509701549,0
1596168202.1151686,293.06508405463273,0.6581357509701549,0
1596168202.1251686,294.8643098618227,0.6581357509701549,0
1596168202.1351686,296.6663251663881,0.6581357509701549,0
1596168202.1451685,298.4652505661684,0.6581357509701549,0
1596168202.1551685,300.26597841040666,0.6581357509701549,0
1596168202.1651685,302.06516130225236,0.6581357509701549,0
1596168202.1751685,303.8648162628847,0.6581357509701549,0
1596168202.1851685,305.6671319748598,0.6581357509701549,0
1596168202.1951685,307.46674402014787,0.6581357509701549,0
1596168202.2051685,309.26691396491105,0.6581357509701549,0
1596168202.2151685,311.06631143347795,0.6581357509701549,0
1596168202.2251685,312.8649793411928,0.6581357509701549,0
1596168202.2351685,314.66532094733293,0.6581357509701549,0
1596168202.2451684,316.4675937439638,0.6581357509701549,0
1596168202.2551684,318.2646308685976,0.6581357509701549,0
1596168202.2651684,320.06458623663957,0.6581357509701549,0
1596168202.2751684,321.8653999115663,0.6581357509701549,0
1596168202.2851684,323.6659990097719,0.6581357509701549,0
1596168202.2951684,325.4674564148622,0.6581357509701549,0
1596168202.3051684,327.2667251373964,0.6581357509701549,0
1596168202.3151684,329.06582219855363,0.6581357509701549,0
1596168202.3251684,330.8674083496767,0.6581357509701549,0
1596168202.3351684,332.66431672827775,0.6581357509701549,0
1596168202.3451684,334.46448667304094,0.6581357509701549,0
1596168202.3551683,336.26448495642717,0.6581357509701549,0
1596168202.3651683,338.06680066840227,0.6581357509701549,0
1596168202.3751683,339.86439569251115,0.6581357509701549,0
1596168202.3851683,341.6651664520937,0.6581357509701549,0
1596168202.3951683,343.4651647354799,0.6581357509701549,0
1596168202.4051683,345.265678002997,0.6581357509701549,0
1596168202.4151683,347.06481797949846,0.6581357509701549,0
1596168202.4251683,348.86580331580217,0.6581357509701549,0
1596168202.4351683,350.6658874298769,0.6581357509701549,0
1596168202.4451683,352.4666581894594,0.6581357509701549,0
1596168202.4551682,354.2653690125185,0.6581357509701549,0
1596168202.4651682,356.0663543488222,0.6581357509701549,0
1596168202.4751682,357.86716802374895,0.6581357509701549,0
1596168202.4851682,359.6664367462831,0.6581357509701549,0
1596168202.4870353,360,0.6581357509701549,1
1596168202.4870353,0,0,0
1596168202.4970353,163.10205225849762,0.8961218068282149,0
1596168202.5070353,164.90453963184967,0.8961218068282149,0
1596168202.5170352,166.70333628559723,0.8961218068282149,0
1596168202.5270352,168.50277666950836,0.8961218068282149,0
1596168202.5366595,170.2342820634903,0.8961218068282149,0
1596168202.5366595,170.2342820634903,0.8961218068282149,0
1596168202.5370352,170.3025603761734,0.8961218068282149,0
1596168202.5470352,172.1025157442154,0.8961218068282149,0
1596168202.5570352,173.902041958815,0.8961218068282149,0
1596168202.5670352,175.70328478718415,0.8961218068282149,0
1596168202.5770352,177.502853917128,0.8961218068282149,0
1596168202.5870352,179.30341009998932,0.8961218068282149,0
1596168202.5970352,181.1040091981949,0.8961218068282149,0
1596168202.6070352,182.90525202656403,0.8961218068282149,0
1596168202.6170352,184.70464949513092,0.8961218068282149,0
1596168202.6270351,186.50490527058258,0.8961218068282149,0
1596168202.6370351,188.30481772328034,0.8961218068282149,0
1596168202.6470351,190.10258440876618,0.8961218068282149,0
1596168202.657035,191.90429930592194,0.8961218068282149,0
1596168202.667035,193.70292429829254,0.8961218068282149,0
1596168202.677035,195.50292258167877,0.8961218068282149,0
1596168202.687035,197.30420832539215,0.8961218068282149,0
1596168202.697035,199.10493616963043,0.8961218068282149,0
1596168202.707035,200.90523486042633,0.8961218068282149,0
1596168202.717035,202.70385985279694,0.8961218068282149,0
1596168202.727035,204.50402979756012,0.8961218068282149,0
1596168202.737035,206.30248312855377,0.8961218068282149,0
1596168202.747035,208.10458426380768,0.8961218068282149,0
1596168202.757035,209.9044538011612,0.8961218068282149,0
1596168202.764266,211.20345835590973,0.8961218068282149,0
1596168202.764266,211.20345835590973,0.8961218068282149,0
1596168202.767035,211.70359377766266,0.8961218068282149,0
1596168202.777035,213.50513701344147,0.8961218068282149,0
1596168202.787035,215.30230288410797,0.8961218068282149,0
1596168202.797035,217.10200076008454,0.8961218068282149,0
1596168202.807035,218.9031577577652,0.8961218068282149,0
1596168202.817035,220.70238356495514,0.8961218068282149,0
1596168202.827035,222.50474219227448,0.8961218068282149,0
1596168202.837035,224.30229430103913,0.8961218068282149,0
1596168202.847035,226.10486750507965,0.8961218068282149,0
1596168202.857035,227.90314917469635,0.8961218068282149,0
1596168202.867035,229.70211748982086,0.8961218068282149,0
1596168202.877035,231.50404696369782,0.8961218068282149,0
1596168202.887035,233.3036590089859,0.8961218068282149,0
1596168202.897035,235.1028419008316,0.8961218068282149,0
1596168202.9070349,236.90468554402008,0.8961218068282149,0
1596168202.9170349,238.7045550813736,0.8961218068282149,0
1596168202.9270349,240.502965497023,0.8961218068282149,0
1596168202.9370348,242.30455164814606,0.8961218068282149,0
1596168202.9470348,244.10476450825348,0.8961218068282149,0
1596168202.9570348,245.90356116200104,0.8961218068282149,0
1596168202.9670348,247.70398859882965,0.8961218068282149,0
1596168202.9770348,249.50295691395416,0.8961218068282149,0
1596168202.9870348,251.30432848835602,0.8961218068282149,0
1596168202.9970348,253.1035972108902,0.8961218068282149,0
