Type = Reachback Firefly,Function = Reachback Firefly (ln/e^),Refract = 0.05,Epsilon = 0.3,Start_phase = 44
Timestamp,Phase,Offset,Ping?
1596168238,44,0,0
1596168238.01,45.799397468566895,0.24444444444444444,0
1596168238.02,47.59853744506836,0.24444444444444444,0
1596168238.03,49.39699077606201,0.24444444444444444,0
1596168238.04,51.19879150390625,0.24444444444444444,0
1596168238.05,52.99685859680176,0.24444444444444444,0
1596168238.06,54.79677104949951,0.24444444444444444,0
1596168238.07,56.597970962524414,0.24444444444444444,0
1596168238.08,58.396681785583496,0.24444444444444444,0
1596168238.09,60.19801044464111,0.24444444444444444,0
1596168238.1,61.996206283569336,0.24444444444444444,0
1596168238.11,63.797492027282715,0.24444444444444444,0
1596168238.12,65.59864902496338,0.24444444444444444,0
1596168238.1299999,67.39946269989014,0.24444444444444444,0
1596168238.1399999,69.19946098327637,0.24444444444444444,0
1596168238.1499999,70.99907302856445,0.24444444444444444,0
1596168238.1599998,72.7971830368042,0.24444444444444444,0
1596168238.1699998,74.59688091278076,0.24444444444444444,0
1596168238.1799998,76.39932537078857,0.24444444444444444,0
1596168238.1899998,78.19687747955322,0.24444444444444444,0
1596168238.1999998,79.99743366241455,0.24444444444444444,0
1596168238.2099998,81.79786109924316,0.24444444444444444,0
1596168238.2199998,83.5993185043335,0.24444444444444444,0
1596168238.2299998,85.39953136444092,0.24444444444444444,0
1596168238.2399998,87.19871425628662,0.24444444444444444,0
1596168238.2499998,88.99875545501709,0.24444444444444444,0
1596168238.2599998,90.79875373840332,0.24444444444444444,0
1596168238.2699997,92.59664916992188,0.24444444444444444,0
1596168238.2799997,94.39797782897949,0.24444444444444444,0
1596168238.2899997,96.1984052658081,0.24444444444444444,0
1596168238.2999997,97.99784564971924,0.24444444444444444,0
1596168238.3099997,99.79762935638428,0.24444444444444444,0
1596168238.3199997,101.59844303131104,0.24444444444444444,0
1596168238.3299997,103.39822673797607,0.24444444444444444,0
1596168238.3399997,105.19809627532959,0.24444444444444444,0
1596168238.3499997,106.99929618835449,0.24444444444444444,0
1596168238.3599997,108.79852199554443,0.24444444444444444,0
1596168238.3699996,110.59727573394775,0.24444444444444444,0
1596168238.3799996,112.39843273162842,0.24444444444444444,0
1596168238.3899996,114.19924640655518,0.24444444444444444,0
1596168238.3999996,115.99842929840088,0.24444444444444444,0
1596168238.4099996,117.79928588867188,0.24444444444444444,0
1596168238.4199996,119.59778213500977,0.24444444444444444,0
1596168238.4299996,121.39838123321533,0.24444444444444444,0
1596168238.4399996,123.1978645324707,0.24444444444444444,0
1596168238.4499996,124.99739074707031,0.24444444444444444,0
1596168238.4599996,126.79777526855469,0.24444444444444444,0
1596168238.4699996,128.5978593826294,0.24444444444444444,0
1596168238.4799995,130.39657020568848,0.24444444444444444,0
1596168238.4899995,132.1960964202881,0.24444444444444444,0
1596168238.4999995,133.9985408782959,0.24444444444444444,0
1596168238.5099995,135.79922580718994,0.24444444444444444,0
1596168238.5199995,137.59647750854492,0.24444444444444444,0
1596168238.5299995,139.39857864379883,0.24444444444444444,0
1596168238.5399995,141.19831943511963,0.24444444444444444,0
1596168238.5499995,142.99681568145752,0.24444444444444444,0
1596168238.5599995,144.79638481140137,0.24444444444444444,0
1596168238.5699995,146.5969409942627,0.24444444444444444,0
1596168238.5799994,148.39796924591064,0.24444444444444444,0
1596168238.5899994,150.19668006896973,0.24444444444444444,0
1596168238.5999994,151.99951076507568,0.24444444444444444,0
1596168238.6099994,153.79809284210205,0.24444444444444444,0
1596168238.6199994,155.59882068634033,0.24444444444444444,0
1596168238.6299994,157.39714527130127,0.24444444444444444,0
1596168238.6399994,159.19705772399902,0.24444444444444444,0
1596168238.6499994,160.99847221374512,0.24444444444444444,0
1596168238.6599994,162.79889965057373,0.24444444444444444,0
1596168238.6699994,164.59786796569824,0.24444444444444444,0
1596168238.6799994,166.39928245544434,0.24444444444444444,0
1596168238.6899993,168.19743537902832,0.24444444444444444,0
1596168238.6999993,169.9970474243164,0.24444444444444444,0
1596168238.7099993,171.7984619140625,0.24444444444444444,0
1596168238.7199993,173.59880352020264,0.24444444444444444,0
1596168238.7299993,175.3976001739502,0.24444444444444444,0
1596168238.7399993,177.19759845733643,0.24444444444444444,0
1596168238.7499993,178.99746799468994,0.24444444444444444,0
1596168238.7599993,180.79669380187988,0.24444444444444444,0
1596168238.7699993,182.5983657836914,0.24444444444444444,0
1596168238.7799993,184.39737701416016,0.24444444444444444,0
1596168238.7899992,186.19664573669434,0.24444444444444444,0
1596168238.7999992,187.99788856506348,0.24444444444444444,0
1596168238.8099992,189.79801559448242,0.24444444444444444,0
1596168238.8199992,191.59702682495117,0.24444444444444444,0
1596168238.8299992,193.39796924591064,0.24444444444444444,0
1596168238.8399992,195.1993408203125,0.24444444444444444,0
1596168238.8499992,196.99946784973145,0.24444444444444444,0
1596168238.8599992,198.79835033416748,0.24444444444444444,0
1596168238.8699992,200.59611701965332,0.24444444444444444,0
1596168238.8799992,202.39838981628418,0.24444444444444444,0
1596168238.8899992,204.19941806793213,0.24444444444444444,0
1596168238.8999991,205.9966697692871,0.24444444444444444,0
1596168238.9099991,207.79872798919678,0.24444444444444444,0
1596168238.9199991,209.59911251068115,0.24444444444444444,0
1596168238.929999,211.39859580993652,0.24444444444444444,0
1596168238.939999,213.19739246368408,0.24444444444444444,0
1596168238.949999,214.99653244018555,0.24444444444444444,0
1596168238.959999,216.79704570770264,0.24444444444444444,0
1596168238.969999,218.5988893508911,0.24444444444444444,0
1596168238.979999,220.39734268188477,0.24444444444444444,0
1596168238.989999,222.19819927215576,0.24444444444444444,0
1596168238.999999,223.99733924865723,0.24444444444444444,0
1596168239.009999,225.79776668548584,0.24444444444444444,0
1596168239.019999,227.5963487625122,0.24444444444444444,0
1596168239.029999,229.39767742156982,0.24444444444444444,0
1596168239.039999,231.19866275787354,0.24444444444444444,0
1596168239.049999,232.99715900421143,0.24444444444444444,0
1596168239.059999,234.79780101776123,0.24444444444444444,0
1596168239.069999,236.5976276397705,0.24444444444444444,0
1596168239.079999,238.3962526321411,0.24444444444444444,0
1596168239.089999,240.19745254516602,0.24444444444444444,0
1596168239.099999,241.99607753753662,0.24444444444444444,0
1596168239.109999,243.79800701141357,0.24444444444444444,0
1596168239.119999,245.5980052947998,0.24444444444444444,0
1596168239.129999,247.39911937713623,0.24444444444444444,0
1596168239.139999,249.19898891448975,0.24444444444444444,0
1596168239.149999,250.99851512908936,0.24444444444444444,0
1596168239.159999,252.79799842834473,0.24444444444444444,0
1596168239.169999,254.59868335723877,0.24444444444444444,0
1596168239.1799989,256.39928245544434,0.24444444444444444,0
1596168239.1899989,258.1961908340454,0.24444444444444444,0
1596168239.1999989,259.99777698516846,0.24444444444444444,0
1596168239.2099988,261.797646522522,0.24444444444444444,0
1596168239.2199988,263.5964002609253,0.24444444444444444,0
1596168239.2299988,265.39880180358887,0.24444444444444444,0
1596168239.2399988,267.199143409729,0.24444444444444444,0
1596168239.2499988,268.99871253967285,0.24444444444444444,0
1596168239.2599988,270.796350479126,0.24444444444444444,0
1596168239.2699988,272.59776496887207,0.24444444444444444,0
1596168239.2799988,274.3982353210449,0.24444444444444444,0
1596168239.2899988,276.1979331970215,0.24444444444444444,0
1596168239.2999988,277.99685859680176,0.24444444444444444,0
1596168239.3099988,279.7973289489746,0.24444444444444444,0
1596168239.3199987,281.5965976715088,0.24444444444444444,0
1596168239.3299987,283.3989562988281,0.24444444444444444,0
1596168239.3399987,285.19715213775635,0.24444444444444444,0
1596168239.3499987,286.99646377563477,0.24444444444444444,0
1596168239.3599987,288.796462059021,0.24444444444444444,0
1596168239.3699987,290.5966320037842,0.24444444444444444,0
1596168239.3799987,292.39869022369385,0.24444444444444444,0
1596168239.3899987,294.19890308380127,0.24444444444444444,0
1596168239.3999987,295.99615478515625,0.24444444444444444,0
1596168239.4099987,297.79722595214844,0.24444444444444444,0
1596168239.4199986,299.5968379974365,0.24444444444444444,0
1596168239.4299986,301.3992395401001,0.24444444444444444,0
1596168239.4399986,303.1962766647339,0.24444444444444444,0
1596168239.4499986,304.99644660949707,0.24444444444444444,0
1596168239.4599986,306.7966594696045,0.24444444444444444,0
1596168239.4699986,308.5993185043335,0.24444444444444444,0
1596168239.4799986,310.3985872268677,0.24444444444444444,0
1596168239.4899986,312.19785594940186,0.24444444444444444,0
1596168239.4999986,313.99927043914795,0.24444444444444444,0
1596168239.5099986,315.797080039978,0.24444444444444444,0
1596168239.5199986,317.5992240905762,0.24444444444444444,0
1596168239.5299985,319.3988790512085,0.24444444444444444,0
1596168239.5399985,321.19621658325195,0.24444444444444444,0
1596168239.5499985,322.9963436126709,0.24444444444444444,0
1596168239.5599985,324.7959985733032,0.24444444444444444,0
1596168239.5699985,326.5962972640991,0.24444444444444444,0
1596168239.5799985,328.396767616272,0.24444444444444444,0
1596168239.5899985,330.19895458221436,0.24444444444444444,0
1596168239.5999985,331.9985237121582,0.24444444444444444,0
1596168239.6099985,333.7980499267578,0.24444444444444444,0
1596168239.6199985,335.5992069244385,0.24444444444444444,0
1596168239.6299984,337.39890480041504,0.24444444444444444,0
1596168239.6399984,339.199031829834,0.24444444444444444,0
1596168239.6499984,340.998987197876,0.24444444444444444,0
1596168239.6599984,342.7978267669678,0.24444444444444444,0
1596168239.6699984,344.5970525741577,0.24444444444444444,0
1596168239.6799984,346.39636421203613,0.24444444444444444,0
1596168239.6899984,348.1970491409302,0.24444444444444444,0
1596168239.6999984,349.9988498687744,0.24444444444444444,0
1596168239.7099984,351.79674530029297,0.24444444444444444,0
1596168239.7199984,353.5979881286621,0.24444444444444444,0
1596168239.7299984,355.3990592956543,0.24444444444444444,0
1596168239.7399983,357.1963109970093,0.24444444444444444,0
1596168239.7499983,358.99648094177246,0.24444444444444444,0
1596168239.7555888,360,0.24444444444444444,1
1596168239.7555888,0,0,0
1596168239.7655888,1.8017148971557617,0,0
1596168239.7755888,3.599996566772461,0,0
1596168239.7855887,5.403470993041992,0,0
1596168239.7955887,7.202868461608887,0,0
1596168239.8055887,9.003252983093262,0,0
1596168239.8155887,10.801491737365723,0,0
1596168239.8255887,12.600460052490234,0,0
1596168239.8355887,14.401402473449707,0,0
1596168239.8455887,16.200199127197266,0,0
1596168239.8555887,18.001441955566406,0,0
1596168239.8655887,19.803285598754883,0,0
1596168239.8755887,21.600708961486816,0,0
1596168239.8855886,23.40010643005371,0,0
1596168239.8955886,25.200748443603516,0,0
1596168239.9055886,27.00164794921875,0,0
1596168239.9155886,28.802847862243652,0,0
1596168239.9255886,30.601000785827637,0,0
1596168239.9355886,32.4015998840332,0,0
1596168239.9455886,34.20275688171387,0,0
1596168239.9555886,36.00245475769043,0,0
1596168239.9655886,37.80142307281494,0,0
1596168239.9755886,39.602322578430176,0,0
1596168239.9855886,41.40064716339111,0,0
1596168239.9955885,43.201632499694824,0,0
1596168240.0055885,45.003347396850586,0,0
1596168240.0155885,46.80270195007324,0,0
1596168240.0255885,48.60209941864014,0,0
1596168240.0355885,50.401153564453125,0,0
1596168240.0455885,52.20226764678955,0,0
1596168240.0555885,54.00338172912598,0,0
1596168240.0655885,55.80307960510254,0,0
1596168240.0755885,57.600159645080566,0,0
1596168240.0855885,59.40299034118652,0,0
1596168240.0955884,61.20011329650879,0,0
1596168240.1055884,62.999982833862305,0,0
1596168240.1155884,64.80311393737793,0,0
1596168240.1255884,66.60088062286377,0,0
1596168240.1355884,68.40242385864258,0,0
1596168240.1455884,70.20212173461914,0,0
1596168240.1555884,72.00018882751465,0,0
1596168240.1655884,73.80327701568604,0,0
1596168240.1755884,75.60164451599121,0,0
1596168240.1855884,77.40129947662354,0,0
1596168240.1955884,79.20340061187744,0,0
1596168240.2055883,81.00142478942871,0,0
1596168240.2155883,82.80069351196289,0,0
1596168240.2255883,84.60206508636475,0,0
1596168240.2355883,86.40296459197998,0,0
1596168240.2455883,88.20334911346436,0,0
1596168240.2555883,90.0,0,0
1596168240.2655883,91.80201530456543,0,0
1596168240.2755883,93.6011552810669,0,0
1596168240.2855883,95.40265560150146,0,0
1596168240.2955883,97.20136642456055,0,0
1596168240.3055882,99.00157928466797,0,0
1596168240.3155882,100.80029010772705,0,0
1596168240.3255882,102.60337829589844,0,0
1596168240.3355882,104.40080165863037,0,0
1596168240.3455882,106.20110034942627,0,0
1596168240.3555882,108.00315856933594,0,0
1596168240.3655882,109.80144023895264,0,0
1596168240.3755882,111.60328388214111,0,0
1596168240.3855882,113.40268135070801,0,0
1596168240.3955882,115.2006196975708,0,0
1596168240.4055882,117.00323581695557,0,0
1596168240.4155881,118.80297660827637,0,0
1596168240.4255881,120.60117244720459,0,0
1596168240.4355881,122.40129947662354,0,0
1596168240.445588,124.2021131515503,0,0
1596168240.455588,126.00279808044434,0,0
1596168240.465588,127.80219554901123,0,0
1596168240.475588,129.60193634033203,0,0
1596168240.485588,131.40270709991455,0,0
1596168240.495588,133.20000171661377,0,0
1596168240.505588,135.00248908996582,0,0
1596168240.515588,136.80055618286133,0,0
1596168240.525588,138.60192775726318,0,0
1596168240.535588,140.40038108825684,0,0
1596168240.545588,142.2023105621338,0,0
1596168240.555588,144.0010643005371,0,0
1596168240.565588,145.80037593841553,0,0
1596168240.575588,147.6007604598999,0,0
1596168240.585588,149.40200328826904,0,0
1596168240.595588,151.203031539917,0,0
1596168240.605588,153.00174236297607,0,0
1596168240.615588,154.80096817016602,0,0
1596168240.625588,156.60066604614258,0,0
1596168240.635588,158.40044975280762,0,0
1596168240.645588,160.20272254943848,0,0
1596168240.655588,162.00302124023438,0,0
1596168240.665588,163.80164623260498,0,0
1596168240.675588,165.60048580169678,0,0
1596168240.685588,167.40117073059082,0,0
1596168240.6955879,169.20262813568115,0,0
1596168240.7055879,171.00069522857666,0,0
1596168240.7155879,172.80176639556885,0,0
1596168240.7255878,174.60266590118408,0,0
1596168240.7355878,176.40305042266846,0,0
1596168240.7455878,178.20257663726807,0,0
1596168240.7555878,180.0016736984253,0,0
1596168240.7655878,181.80132865905762,0,0
1596168240.7755878,183.60055446624756,0,0
1596168240.7855878,185.40321350097656,0,0
1596168240.7955878,187.2002077102661,0,0
1596168240.8055878,188.9998197555542,0,0
1596168240.8155878,190.80196380615234,0,0
1596168240.8255877,192.60114669799805,0,0
1596168240.8355877,194.40020084381104,0,0
1596168240.8455877,196.2019157409668,0,0
1596168240.8555877,198.00320148468018,0,0
1596168240.8655877,199.80255603790283,0,0
1596168240.8755877,201.6003656387329,0,0
1596168240.8855877,203.39980602264404,0,0
1596168240.8955877,205.20134925842285,0,0
1596168240.9055877,207.00048923492432,0,0
1596168240.9155877,208.8030195236206,0,0
1596168240.9255877,210.60314655303955,0,0
1596168240.9355876,212.40288734436035,0,0
1596168240.9455876,214.2017698287964,0,0
1596168240.9555876,216.00314140319824,0,0
1596168240.9655876,217.8010368347168,0,0
1596168240.9755876,219.60030555725098,0,0
1596168240.9855876,221.40172004699707,0,0
1596168240.9955876,223.20141792297363,0,0
1596168241.0055876,225.00248908996582,0,0
1596168241.0155876,226.80283069610596,0,0
1596168241.0255876,228.60119819641113,0,0
1596168241.0355875,230.40218353271484,0,0
1596168241.0455875,232.2029972076416,0,0
1596168241.0555875,234.00235176086426,0,0
1596168241.0655875,235.80054759979248,0,0
1596168241.0755875,237.6009750366211,0,0
1596168241.0855875,239.40311908721924,0,0
1596168241.0955875,241.20238780975342,0,0
1596168241.1055875,243.00122737884521,0,0
1596168241.1155875,244.8011827468872,0,0
1596168241.1255875,246.60178184509277,0,0
1596168241.1355875,248.40281009674072,0,0
1596168241.1455874,250.2002763748169,0,0
1596168241.1555874,252.00130462646484,0,0
1596168241.1655874,253.80237579345703,0,0
1596168241.1755874,255.60022830963135,0,0
1596168241.1855874,257.40323066711426,0,0
1596168241.1955874,259.20116901397705,0,0
1596168241.2055874,261.0010814666748,0,0
1596168241.2155874,262.8009080886841,0,0
1596168241.2255874,264.60116386413574,0,0
1596168241.2355874,266.4024496078491,0,0
1596168241.2455873,268.2006883621216,0,0
1596168241.2555873,270.00218868255615,0,0
1596168241.2655873,271.8007278442383,0,0
1596168241.2755873,273.60179901123047,0,0
1596168241.2855873,275.40016651153564,0,0
1596168241.2955873,277.20295429229736,0,0
1596168241.3055873,279.00110721588135,0,0
1596168241.3155873,280.8023929595947,0,0
1596168241.3255873,282.60015964508057,0,0
1596168241.3355873,284.4020891189575,0,0
1596168241.3455873,286.19994163513184,0,0
1596168241.3555872,288.00208568573,0,0
1596168241.3655872,289.802770614624,0,0
1596168241.3755872,291.6012668609619,0,0
1596168241.3855872,293.40315341949463,0,0
1596168241.3955872,295.20092010498047,0,0
1596168241.4055872,297.00254917144775,0,0
1596168241.4155872,298.8031053543091,0,0
1596168241.4255872,300.60044288635254,0,0
1596168241.4355872,302.40288734436035,0,0
1596168241.4455872,304.2012548446655,0,0
1596168241.4555871,306.0030126571655,0,0
1596168241.4655871,307.80168056488037,0,0
1596168241.4755871,309.603009223938,0,0
1596168241.4855871,311.4008617401123,0,0
1596168241.495587,313.2027053833008,0,0
1596168241.505587,315.00317573547363,0,0
1596168241.515587,316.8002128601074,0,0
1596168241.525587,318.6014127731323,0,0
1596168241.535587,320.4013252258301,0,0
1596168241.545587,322.20226764678955,0,0
1596168241.555587,324.0017080307007,0,0
1596168241.565587,325.80243587493896,0,0
1596168241.575587,327.600417137146,0,0
1596168241.585587,329.40088748931885,0,0
1596168241.595587,331.2007141113281,0,0
1596168241.605587,333.00049781799316,0,0
1596168241.615587,334.8004961013794,0,0
1596168241.625587,336.6004514694214,0,0
1596168241.635587,338.4003210067749,0,0
1596168241.645587,340.2022933959961,0,0
1596168241.655587,342.00130462646484,0,0
1596168241.665587,343.79992961883545,0,0
1596168241.675587,345.5999279022217,0,0
1596168241.685587,347.4006986618042,0,0
1596168241.695587,349.2019844055176,0,0
1596168241.705587,351.000394821167,0,0
1596168241.715587,352.7998352050781,0,0
1596168241.725587,354.603009223938,0,0
1596168241.735587,356.40090465545654,0,0
1596168241.7455869,358.2001733779907,0,0
1596168241.7556036,360,0,1
1596168241.7556036,0,0,0
1596168241.7656035,1.8019723892211914,0,0
1596168241.7756035,3.6024856567382812,0,0
1596168241.7856035,5.401926040649414,0,0
1596168241.7956035,7.202825546264648,0,0
1596168241.8056035,9.002823829650879,0,0
1596168241.8156035,10.802736282348633,0,0
1596168241.8256035,12.602648735046387,0,0
1596168241.8356035,14.399986267089844,0,0
1596168241.8456035,16.202902793884277,0,0
1596168241.8556035,18.00032615661621,0,0
1596168241.8656034,19.80032444000244,0,0
1596168241.8756034,21.60311222076416,0,0
1596168241.8856034,23.40109348297119,0,0
1596168241.8956034,25.200533866882324,0,0
1596168241.9056034,27.000789642333984,0,0
1596168241.9156034,28.800230026245117,0,0
1596168241.9256034,30.600872039794922,0,0
1596168241.9356034,32.401084899902344,0,0
1596168241.9456034,34.20091152191162,0,0
1596168241.9556034,36.00288391113281,0,0
1596168241.9656034,37.80163764953613,0,0
1596168241.9756033,39.60129261016846,0,0
1596168241.9856033,41.401848793029785,0,0
1596168241.9956033,43.20253372192383,0,0
1596168242.0056033,45.00270366668701,0,0
1596168242.0156033,46.80124282836914,0,0
1596168242.0256033,48.60068321228027,0,0
1596168242.0356033,50.400424003601074,0,0
1596168242.0456033,52.201151847839355,0,0
1596168242.0556033,54.002394676208496,0,0
1596168242.0656033,55.800461769104004,0,0
1596168242.0756032,57.6033353805542,0,0
1596168242.0856032,59.402432441711426,0,0
1596168242.0956032,61.202945709228516,0,0
1596168242.1056032,63.00251483917236,0,0
1596168242.1156032,64.80032444000244,0,0
1596168242.1256032,66.6020393371582,0,0
1596168242.1356032,68.40156555175781,0,0
1596168242.1456032,70.20169258117676,0,0
1596168242.1556032,72.00190544128418,0,0
1596168242.1656032,73.80143165588379,0,0
1596168242.1756032,75.60035705566406,0,0
1596168242.1856031,77.40117073059082,0,0
1596168242.1956031,79.20039653778076,0,0
1596168242.2056031,81.00030899047852,0,0
1596168242.215603,82.80004978179932,0,0
1596168242.225603,84.60275173187256,0,0
1596168242.235603,86.4008617401123,0,0
1596168242.245603,88.20188999176025,0,0
1596168242.255603,90.0023603439331,0,0
1596168242.265603,91.80278778076172,0,0
1596168242.275603,93.6000394821167,0,0
1596168242.285603,95.4021406173706,0,0
1596168242.295603,97.20278263092041,0,0
1596168242.305603,99.00226593017578,0,0
1596168242.315603,100.80256462097168,0,0
1596168242.325603,102.60071754455566,0,0
1596168242.335603,104.40281867980957,0,0
1596168242.345603,106.2022590637207,0,0
1596168242.355603,108.00169944763184,0,0
1596168242.365603,109.80066776275635,0,0
1596168242.375603,111.60208225250244,0,0
1596168242.385603,113.40259552001953,0,0
1596168242.395603,115.20023345947266,0,0
1596168242.405603,117.00018882751465,0,0
1596168242.415603,118.80048751831055,0,0
1596168242.425603,120.60224533081055,0,0
1596168242.435603,122.4015998840332,0,0
1596168242.445603,124.20031070709229,0,0
1596168242.455603,126.00060939788818,0,0
1596168242.4656029,127.80236721038818,0,0
1596168242.4756029,129.60270881652832,0,0
1596168242.4856029,131.40000343322754,0,0
1596168242.4956028,133.2024908065796,0,0
1596168242.5056028,135.00283241271973,0,0
1596168242.5156028,136.80038452148438,0,0
1596168242.5256028,138.60132694244385,0,0
1596168242.5356028,140.40321350097656,0,0
1596168242.5456028,142.20170974731445,0,0
1596168242.5556028,144.0007209777832,0,0
1596168242.5656028,145.80076217651367,0,0
1596168242.5756028,147.60320663452148,0,0
1596168242.5856028,149.4007158279419,0,0
1596168242.5956028,151.20097160339355,0,0
1596168242.6056027,153.00036907196045,0,0
1596168242.6156027,154.80135440826416,0,0
1596168242.6256027,156.60027980804443,0,0
1596168242.6356027,158.39989185333252,0,0
1596168242.6456027,160.2004051208496,0,0
1596168242.6556027,162.00083255767822,0,0
1596168242.6656027,163.80241870880127,0,0
1596168242.6756027,165.60082912445068,0,0
1596168242.6856027,167.40044116973877,0,0
1596168242.6956027,169.20327186584473,0,0
1596168242.7056026,171.00215435028076,0,0
1596168242.7156026,172.8015947341919,0,0
1596168242.7256026,174.60215091705322,0,0
1596168242.7356026,176.40056133270264,0,0
1596168242.7456026,178.2003879547119,0,0
1596168242.7556026,180.00283241271973,0,0
1596168242.7656026,181.80012702941895,0,0
1596168242.7756026,183.60214233398438,0,0
1596168242.7856026,185.4017972946167,0,0
1596168242.7956026,187.20089435577393,0,0
1596168242.8056026,189.00303840637207,0,0
1596168242.8156025,190.80187797546387,0,0
1596168242.8256025,192.60170459747314,0,0
1596168242.8356025,194.4019603729248,0,0
1596168242.8456025,196.2014865875244,0,0
1596168242.8556025,198.00260066986084,0,0
1596168242.8656025,199.80311393737793,0,0
1596168242.8756025,201.60122394561768,0,0
1596168242.8856025,203.40096473693848,0,0
1596168242.8956025,205.2013063430786,0,0
1596168242.9056025,207.0020341873169,0,0
1596168242.9156024,208.80125999450684,0,0
1596168242.9256024,210.60245990753174,0,0
1596168242.9356024,212.40301609039307,0,0
1596168242.9456024,214.20262813568115,0,0
1596168242.9556024,216.00133895874023,0,0
1596168242.9656024,217.8006076812744,0,0
1596168242.9756024,219.60026264190674,0,0
1596168242.9856024,221.4010763168335,0,0
1596168242.9956024,223.200044631958,0,0
1596168243.0056024,225.00072956085205,0,0
1596168243.0156024,226.80145740509033,0,0
1596168243.0256023,228.6005973815918,0,0
1596168243.0356023,230.40196895599365,0,0
1596168243.0456023,232.20196723937988,0,0
1596168243.0556023,234.00033473968506,0,0
1596168243.0656023,235.80097675323486,0,0
1596168243.0756023,237.6029920578003,0,0
1596168243.0856023,239.40294742584229,0,0
1596168243.0956023,241.2004566192627,0,0
1596168243.1056023,243.00212860107422,0,0
1596168243.1156023,244.80144023895264,0,0
1596168243.1256022,246.60285472869873,0,0
1596168243.1356022,248.3997631072998,0,0
1596168243.1456022,250.2013921737671,0,0
1596168243.1556022,252.00074672698975,0,0
1596168243.1656022,253.8030195236206,0,0
1596168243.1756022,255.60267448425293,0,0
1596168243.1856022,257.4002695083618,0,0
1596168243.1956022,259.20026779174805,0,0
1596168243.2056022,261.00000858306885,0,0
1596168243.2156022,262.8006076812744,0,0
1596168243.2256021,264.60193634033203,0,0
1596168243.2356021,266.4031791687012,0,0
1596168243.2456021,268.20231914520264,0,0
1596168243.2556021,270.00017166137695,0,0
1596168243.265602,271.8030881881714,0,0
1596168243.275602,273.6011552810669,0,0
1596168243.285602,275.4014539718628,0,0
1596168243.295602,277.2030830383301,0,0
1596168243.305602,279.00179386138916,0,0
1596168243.315602,280.8008909225464,0,0
1596168243.325602,282.60183334350586,0,0
1596168243.335602,284.40088748931885,0,0
1596168243.345602,286.2006711959839,0,0
1596168243.355602,288.0022144317627,0,0
1596168243.365602,289.8028564453125,0,0
1596168243.375602,291.60109519958496,0,0
1596168243.385602,293.40160846710205,0,0
1596168243.395602,295.1998472213745,0,0
1596168243.405602,297.00074672698975,0,0
1596168243.415602,298.80104541778564,0,0
1596168243.425602,300.6000566482544,0,0
1596168243.435602,302.40190029144287,0,0
1596168243.445602,304.2012548446655,0,0
1596168243.455602,306.00125312805176,0,0
1596168243.465602,307.8029680252075,0,0
1596168243.475602,309.60026264190674,0,0
1596168243.485602,311.40180587768555,0,0
1596168243.495602,313.2027053833008,0,0
1596168243.505602,315.00030040740967,0,0
1596168243.5156019,316.80227279663086,0,0
1596168243.5256019,318.60265731811523,0,0
1596168243.5356019,320.4026985168457,0,0
1596168243.5456018,322.2008943557739,0,0
1596168243.5556018,324.00256633758545,0,0
1596168243.5656018,325.8007621765137,0,0
1596168243.5756018,327.59968757629395,0,0
1596168243.5856018,329.4010591506958,0,0
1596168243.5956018,331.2001132965088,0,0
1596168243.6056018,333.00208568573,0,0
1596168243.6156018,334.80311393737793,0,0
1596168243.6256018,336.6021251678467,0,0
1596168243.6356018,338.40203762054443,0,0
1596168243.6456017,340.2016496658325,0,0
1596168243.6556017,342.0001029968262,0,0
1596168243.6656017,343.80048751831055,0,0
1596168243.6756017,345.60293197631836,0,0
1596168243.6856017,347.4017286300659,0,0
1596168243.6956017,349.2017698287964,0,0
1596168243.7056017,350.99992275238037,0,0
1596168243.7156017,352.8018093109131,0,0
1596168243.7256017,354.60309505462646,0,0
1596168243.7356017,356.40227794647217,0,0
1596168243.7456017,358.20043087005615,0,0
1596168243.7556071,360,0,1
1596168243.7556071,0,0,0
1596168243.765607,1.8016290664672852,0,0
1596168243.775607,3.601841926574707,0,0
1596168243.785607,5.4018402099609375,0,0
1596168243.795607,7.201409339904785,0,0
1596168243.805607,8.999991416931152,0,0
1596168243.815607,10.802779197692871,0,0
1596168243.825607,12.603464126586914,0,0
1596168243.835607,14.400243759155273,0,0
1596168243.845607,16.201915740966797,0,0
1596168243.855607,18.00234317779541,0,0
1596168243.865607,19.802041053771973,0,0
1596168243.875607,21.601438522338867,0,0
1596168243.885607,23.402037620544434,0,0
1596168243.895607,25.20087718963623,0,0
1596168243.905607,27.00164794921875,0,0
1596168243.915607,28.80336284637451,0,0
1596168243.925607,30.602588653564453,0,0
1596168243.935607,32.402544021606445,0,0
1596168243.945607,34.20340061187744,0,0
1596168243.955607,36.0001802444458,0,0
1596168243.965607,37.8024959564209,0,0
1596168243.975607,39.60142135620117,0,0
1596168243.985607,41.40129089355469,0,0
1596168243.995607,43.200387954711914,0,0
1596168244.005607,45.0,0,0
1596168244.0156069,46.80330276489258,0,0
1596168244.0256069,48.60046863555908,0,0
1596168244.0356069,50.4017972946167,0,0
1596168244.0456069,52.20329761505127,0,0
1596168244.0556068,54.000205993652344,0,0
1596168244.0656068,55.80076217651367,0,0
1596168244.0756068,57.60337829589844,0,0
1596168244.0856068,59.400672912597656,0,0
1596168244.0956068,61.199984550476074,0,0
1596168244.1056068,63.00277233123779,0,0
1596168244.1156068,64.80272769927979,0,0
1596168244.1256068,66.60336971282959,0,0
1596168244.1356068,68.40203762054443,0,0
1596168244.1456068,70.20160675048828,0,0
1596168244.1556067,72.0023775100708,0,0
1596168244.1656067,73.80181789398193,0,0
1596168244.1756067,75.60314655303955,0,0
1596168244.1856067,77.40267276763916,0,0
1596168244.1956067,79.2018985748291,0,0
1596168244.2056067,81.00176811218262,0,0
1596168244.2156067,82.80258178710938,0,0
1596168244.2256067,84.60202217102051,0,0
1596168244.2356067,86.40116214752197,0,0
1596168244.2456067,88.20231914520264,0,0
1596168244.2556067,90.00197410583496,0,0
1596168244.2656066,91.80197238922119,0,0
1596168244.2756066,93.60188484191895,0,0
1596168244.2856066,95.4006814956665,0,0
1596168244.2956066,97.20312595367432,0,0
1596168244.3056066,99.00333881378174,0,0
1596168244.3156066,100.8006763458252,0,0
1596168244.3256066,102.60110378265381,0,0
1596168244.3356066,104.4027328491211,0,0
1596168244.3456066,106.20088577270508,0,0
1596168244.3556066,108.00024032592773,0,0
1596168244.3656065,109.80281352996826,0,0
1596168244.3756065,111.60032272338867,0,0
1596168244.3856065,113.40336799621582,0,0
1596168244.3956065,115.20130634307861,0,0
1596168244.4056065,117.00074672698975,0,0
1596168244.4156065,118.80091667175293,0,0
1596168244.4256065,120.60245990753174,0,0
1596168244.4356065,122.40074157714844,0,0
1596168244.4456065,124.2015552520752,0,0
1596168244.4556065,126.00301265716553,0,0
1596168244.4656065,127.80215263366699,0,0
1596168244.4756064,129.60009098052979,0,0
1596168244.4856064,131.40210628509521,0,0
1596168244.4956064,133.2024908065796,0,0
1596168244.5056064,135.00094413757324,0,0
1596168244.5156064,136.80317401885986,0,0
1596168244.5256064,138.6031723022461,0,0
1596168244.5356064,140.40081024169922,0,0
1596168244.5456064,142.20003604888916,0,0
1596168244.5556064,144.00012016296387,0,0
1596168244.5656064,145.80196380615234,0,0
1596168244.5756063,147.60269165039062,0,0
1596168244.5856063,149.40226078033447,0,0
1596168244.5956063,151.20174407958984,0,0
1596168244.6056063,153.00045490264893,0,0
1596168244.6156063,154.8008394241333,0,0
1596168244.6256063,156.60319805145264,0,0
1596168244.6356063,158.4025526046753,0,0
1596168244.6456063,160.20315170288086,0,0
1596168244.6556063,162.00173377990723,0,0
1596168244.6656063,163.80083084106445,0,0
1596168244.6756063,165.60112953186035,0,0
1596168244.6856062,167.40095615386963,0,0
1596168244.6956062,169.20056819915771,0,0
1596168244.7056062,171.00078105926514,0,0
1596168244.7156062,172.80095100402832,0,0
1596168244.7256062,174.60163593292236,0,0
1596168244.7356062,176.40047550201416,0,0
1596168244.7456062,178.2029628753662,0,0
1596168244.7556062,180.0003433227539,0,0
1596168244.7656062,181.80192947387695,0,0
1596168244.7756062,183.60068321228027,0,0
1596168244.7856061,185.40184020996094,0,0
1596168244.7956061,187.20162391662598,0,0
1596168244.8056061,189.00256633758545,0,0
1596168244.815606,190.80230712890625,0,0
1596168244.825606,192.60093212127686,0,0
1596168244.835606,194.40110206604004,0,0
1596168244.845606,196.20161533355713,0,0
1596168244.855606,198.0005407333374,0,0
1596168244.865606,199.80023860931396,0,0
1596168244.875606,201.60264015197754,0,0
1596168244.885606,203.4031105041504,0,0
1596168244.895606,205.20233631134033,0,0
1596168244.905606,207.00319290161133,0,0
1596168244.915606,208.7999725341797,0,0
1596168244.925606,210.60001373291016,0,0
1596168244.935606,212.40280151367188,0,0
1596168244.945606,214.20001029968262,0,0
1596168244.955606,215.9999656677246,0,0
1596168244.965606,217.79987812042236,0,0
1596168244.975606,219.6016788482666,0,0
1596168244.985606,221.40146255493164,0,0
1596168244.995606,223.19987297058105,0,0
1596168245.005606,225.00128746032715,0,0
1596168245.015606,226.80059909820557,0,0
1596168245.025606,228.60235691070557,0,0
1596168245.035606,230.40299892425537,0,0
1596168245.045606,232.20110893249512,0,0
1596168245.055606,234.00213718414307,0,0
1596168245.0656059,235.80295085906982,0,0
1596168245.0756059,237.6006317138672,0,0
1596168245.0856059,239.40114498138428,0,0
1596168245.0956059,241.20182991027832,0,0
1596168245.1056058,243.00195693969727,0,0
1596168245.1156058,244.8019552230835,0,0
1596168245.1256058,246.60096645355225,0,0
1596168245.1356058,248.40225219726562,0,0
1596168245.1456058,250.20147800445557,0,0
1596168245.1556058,251.99975967407227,0,0
1596168245.1656058,253.80271911621094,0,0
1596168245.1756058,255.6031036376953,0,0
1596168245.1856058,257.4000120162964,0,0
1596168245.1956058,259.2019844055176,0,0
1596168245.2056057,261.0010814666748,0,0
1596168245.2156057,262.80266761779785,0,0
1596168245.2256057,264.5997905731201,0,0
1596168245.2356057,266.4024066925049,0,0
1596168245.2456057,268.20111751556396,0,0
1596168245.2556057,270.00060081481934,0,0
1596168245.2656057,271.8014144897461,0,0
1596168245.2756057,273.6013698577881,0,0
1596168245.2856057,275.4022693634033,0,0
1596168245.2956057,277.2008514404297,0,0
1596168245.3056056,279.0001630783081,0,0
1596168245.3156056,280.8005905151367,0,0
1596168245.3256056,282.6007604598999,0,0
1596168245.3356056,284.40020084381104,0,0
1596168245.3456056,286.2004566192627,0,0
1596168245.3556056,288.00002574920654,0,0
1596168245.3656056,289.8004961013794,0,0
1596168245.3756056,291.6025114059448,0,0
1596168245.3856056,293.3998489379883,0,0
1596168245.3956056,295.1998472213745,0,0
1596168245.4056056,297.00018882751465,0,0
1596168245.4156055,298.8027620315552,0,0
1596168245.4256055,300.5999279022217,0,0
1596168245.4356055,302.4021577835083,0,0
1596168245.4456055,304.2009115219116,0,0
1596168245.4556055,306.0019826889038,0,0
1596168245.4656055,307.8015947341919,0,0
1596168245.4756055,309.60052013397217,0,0
1596168245.4856055,311.4005184173584,0,0
1596168245.4956055,313.19995880126953,0,0
1596168245.5056055,315.0009870529175,0,0
1596168245.5156054,316.8007707595825,0,0
1596168245.5256054,318.602614402771,0,0
1596168245.5356054,320.40274143218994,0,0
1596168245.5456054,322.20226764678955,0,0
1596168245.5556054,324.00007724761963,0,0
1596168245.5656054,325.8002042770386,0,0
1596168245.5756054,327.6027774810791,0,0
1596168245.5856054,329.40281867980957,0,0
1596168245.5956054,331.203031539917,0,0
1596168245.6056054,333.00139904022217,0,0
1596168245.6156054,334.8019552230835,0,0
1596168245.6256053,336.60083770751953,0,0
1596168245.6356053,338.40087890625,0,0
1596168245.6456053,340.2018213272095,0,0
1596168245.6556053,342.0007038116455,0,0
1596168245.6656053,343.80048751831055,0,0
1596168245.6756053,345.6027603149414,0,0
1596168245.6856053,347.401385307312,0,0
1596168245.6956053,349.20284271240234,0,0
1596168245.7056053,351.00202560424805,0,0
1596168245.7156053,352.8019380569458,0,0
1596168245.7256052,354.6024513244629,0,0
1596168245.7356052,356.4015054702759,0,0
1596168245.7456052,358.2011604309082,0,0
1596168245.755608,360,0,1
1596168245.755608,0,0,0
1596168245.765608,1.8011140823364258,0,0
1596168245.775608,3.601069450378418,0,0
1596168245.785608,5.400981903076172,0,0
1596168245.795608,7.201881408691406,0,0
1596168245.805608,9.000420570373535,0,0
1596168245.815608,10.802736282348633,0,0
1596168245.825608,12.602133750915527,0,0
1596168245.835608,14.402260780334473,0,0
1596168245.845608,16.20011329650879,0,0
1596168245.855608,18.000798225402832,0,0
1596168245.865608,19.800024032592773,0,0
1596168245.875608,21.60088062286377,0,0
1596168245.885608,23.402509689331055,0,0
1596168245.895608,25.20242214202881,0,0
1596168245.905608,27.002077102661133,0,0
1596168245.915608,28.80087375640869,0,0
1596168245.925608,30.601215362548828,0,0
1596168245.935608,32.40194320678711,0,0
1596168245.945608,34.201812744140625,0,0
1596168245.955608,36.00026607513428,0,0
1596168245.965608,37.802066802978516,0,0
1596168245.9756079,39.60073471069336,0,0
1596168245.9856079,41.401591300964355,0,0
1596168245.9956079,43.2017183303833,0,0
1596168246.0056078,45.00270366668701,0,0
1596168246.0156078,46.8032169342041,0,0
1596168246.0256078,48.60098361968994,0,0
1596168246.0356078,50.40111064910889,0,0
1596168246.0456078,52.20033645629883,0,0
1596168246.0556078,54.00200843811035,0,0
1596168246.0656078,55.800676345825195,0,0
1596168246.0756078,57.60179042816162,0,0
1596168246.0856078,59.403204917907715,0,0
1596168246.0956078,61.20131492614746,0,0
1596168246.1056077,63.00260066986084,0,0
1596168246.1156077,64.80277061462402,0,0
1596168246.1256077,66.60264015197754,0,0
1596168246.1356077,68.40075016021729,0,0
1596168246.1456077,70.20272254943848,0,0
1596168246.1556077,72.00113296508789,0,0
1596168246.1656077,73.80143165588379,0,0
1596168246.1756077,75.60228824615479,0,0
1596168246.1856077,77.40258693695068,0,0
1596168246.1956077,79.20013904571533,0,0
1596168246.2056077,81.00103855133057,0,0
1596168246.2156076,82.7999210357666,0,0
1596168246.2256076,84.60288047790527,0,0
1596168246.2356076,86.40026092529297,0,0
1596168246.2456076,88.20274829864502,0,0
1596168246.2556076,90.00030040740967,0,0
1596168246.2656076,91.80304527282715,0,0
1596168246.2756076,93.6020565032959,0,0
1596168246.2856076,95.40287017822266,0,0
1596168246.2956076,97.20059394836426,0,0
1596168246.3056076,99.00269508361816,0,0
1596168246.3156075,100.80016136169434,0,0
1596168246.3256075,102.59998798370361,0,0
1596168246.3356075,104.40123081207275,0,0
1596168246.3456075,106.20122909545898,0,0
1596168246.3556075,107.99993991851807,0,0
1596168246.3656075,109.80066776275635,0,0
1596168246.3756075,111.60208225250244,0,0
1596168246.3856075,113.40242385864258,0,0
1596168246.3956075,115.20323753356934,0,0
1596168246.4056075,117.00199127197266,0,0
1596168246.4156075,118.80143165588379,0,0
1596168246.4256074,120.60250282287598,0,0
1596168246.4356074,122.4015998840332,0,0
1596168246.4456074,124.2027997970581,0,0
1596168246.4556074,126.00138187408447,0,0
1596168246.4656074,127.80189514160156,0,0
1596168246.4756074,129.60305213928223,0,0
1596168246.4856074,131.4028787612915,0,0
1596168246.4956074,133.20322036743164,0,0
1596168246.5056074,135.00205993652344,0,0
1596168246.5156074,136.8011999130249,0,0
1596168246.5256073,138.60192775726318,0,0
1596168246.5356073,140.4004669189453,0,0
1596168246.5456073,142.2009801864624,0,0
1596168246.5556073,144.00299549102783,0,0
1596168246.5656073,145.80187797546387,0,0
1596168246.5756073,147.6000738143921,0,0
1596168246.5856073,149.40007209777832,0,0
1596168246.5956073,151.20217323303223,0,0
1596168246.6056073,153.00157070159912,0,0
1596168246.6156073,154.80165481567383,0,0
1596168246.6256073,156.60173892974854,0,0
1596168246.6356072,158.40298175811768,0,0
1596168246.6456072,160.20237922668457,0,0
1596168246.6556072,162.00130462646484,0,0
1596168246.6656072,163.80053043365479,0,0
1596168246.6756072,165.60022830963135,0,0
1596168246.6856072,167.40009784698486,0,0
1596168246.6956072,169.20215606689453,0,0
1596168246.7056072,171.00301265716553,0,0
1596168246.7156072,172.8001356124878,0,0
1596168246.7256072,174.60052013397217,0,0
1596168246.7356071,176.40008926391602,0,0
1596168246.7456071,178.2017183303833,0,0
1596168246.7556071,180.00300407409668,0,0
1596168246.765607,181.80150032043457,0,0
1596168246.775607,183.60162734985352,0,0
1596168246.785607,185.40050983428955,0,0
1596168246.795607,187.2006368637085,0,0
1596168246.805607,189.0019655227661,0,0
1596168246.815607,190.80166339874268,0,0
1596168246.825607,192.60316371917725,0,0
1596168246.835607,194.40316200256348,0,0
1596168246.845607,196.20037078857422,0,0
1596168246.855607,198.00238609313965,0,0
1596168246.865607,199.8007106781006,0,0
1596168246.875607,201.60221099853516,0,0
1596168246.885607,203.40169429779053,0,0
1596168246.895607,205.20109176635742,0,0
1596168246.905607,207.00276374816895,0,0
1596168246.915607,208.80254745483398,0,0
1596168246.925607,210.60014247894287,0,0
1596168246.935607,212.40224361419678,0,0
1596168246.945607,214.20116901397705,0,0
1596168246.955607,216.0001802444458,0,0
1596168246.965607,217.80322551727295,0,0
1596168246.975607,219.5998764038086,0,0
1596168246.985607,221.4010763168335,0,0
1596168246.995607,223.20120334625244,0,0
1596168247.005607,225.00012874603271,0,0
1596168247.0156069,226.8030881881714,0,0
1596168247.0256069,228.6002540588379,0,0
1596168247.0356069,230.40098190307617,0,0
1596168247.0456069,232.20170974731445,0,0
1596168247.0556068,234.00012016296387,0,0
1596168247.0656068,235.80037593841553,0,0
1596168247.0756068,237.60320663452148,0,0
1596168247.0856068,239.39998626708984,0,0
1596168247.0956068,241.20187282562256,0,0
1596168247.1056068,243.00161361694336,0,0
1596168247.1156068,244.80041027069092,0,0
1596168247.1256068,246.60289764404297,0,0
1596168247.1356068,248.40147972106934,0,0
1596168247.1456068,250.20044803619385,0,0
1596168247.1556067,252.00027465820312,0,0
1596168247.1656067,253.80237579345703,0,0
1596168247.1756067,255.6003999710083,0,0
1596168247.1856067,257.4000120162964,0,0
1596168247.1956067,259.20104026794434,0,0
1596168247.2056067,261.00168228149414,0,0
1596168247.2156067,262.8013801574707,0,0
1596168247.2256067,264.5997476577759,0,0
1596168247.2356067,266.4010763168335,0,0
1596168247.2456067,268.20167541503906,0,0
1596168247.2556067,270.000901222229,0,0
1596168247.2656066,271.80137157440186,0,0
1596168247.2756066,273.60021114349365,0,0
1596168247.2856066,275.4002523422241,0,0
1596168247.2956066,277.201623916626,0,0
1596168247.3056066,278.99977684020996,0,0
1596168247.3156066,280.80230712890625,0,0
1596168247.3256066,282.60217666625977,0,0
1596168247.3356066,284.4031620025635,0,0
1596168247.3456066,286.20041370391846,0,0
1596168247.3556066,287.99981117248535,0,0
1596168247.3656065,289.8007535934448,0,0
1596168247.3756065,291.60118103027344,0,0
1596168247.3856065,293.40182304382324,0,0
1596168247.3956065,295.20010471343994,0,0
1596168247.4056065,297.00220584869385,0,0
1596168247.4156065,298.8006591796875,0,0
1596168247.4256065,300.60258865356445,0,0
1596168247.4356065,302.4009132385254,0,0
1596168247.4456065,304.201340675354,0,0
1596168247.4556065,306.0020685195923,0,0
1596168247.4656065,307.80009269714355,0,0
1596168247.4756064,309.60227966308594,0,0
1596168247.4856064,311.4005184173584,0,0
1596168247.4956064,313.202919960022,0,0
1596168247.5056064,314.99974250793457,0,0
1596168247.5156064,316.8018436431885,0,0
1596168247.5256064,318.6027431488037,0,0
1596168247.5356064,320.3999090194702,0,0
1596168247.5456064,322.2023105621338,0,0
1596168247.5556064,324.00278091430664,0,0
1596168247.5656064,325.8017921447754,0,0
1596168247.5756063,327.6012325286865,0,0
1596168247.5856063,329.40101623535156,0,0
1596168247.5956063,331.1996841430664,0,0
1596168247.6056063,333.00036907196045,0,0
1596168247.6156063,334.8023843765259,0,0
1596168247.6256063,336.6029405593872,0,0
1596168247.6356063,338.4007930755615,0,0
1596168247.6456063,340.20079135894775,0,0
1596168247.6556063,342.00074672698975,0,0
1596168247.6656063,343.80040168762207,0,0
1596168247.6756063,345.6013011932373,0,0
1596168247.6856062,347.4000549316406,0,0
1596168247.6956062,349.2019844055176,0,0
1596168247.7056062,351.0005235671997,0,0
1596168247.7156062,352.80022144317627,0,0
1596168247.7256062,354.60107803344727,0,0
1596168247.7356062,356.4007759094238,0,0
1596168247.7456062,358.2013750076294,0,0
1596168247.755622,360,0,1
1596168247.755622,0,0,0
1596168247.765622,1.8022727966308594,0,0
1596168247.775622,3.6005544662475586,0,0
1596168247.785622,5.400295257568359,0,0
1596168247.7956219,7.202010154724121,0,0
1596168247.8056219,9.000248908996582,0,0
1596168247.8156219,10.801706314086914,0,0
1596168247.8256218,12.601704597473145,0,0
1596168247.8356218,14.401230812072754,0,0
1596168247.8456218,16.201272010803223,0,0
1596168247.8556218,18.00234317779541,0,0
1596168247.8656218,19.800453186035156,0,0
1596168247.8756218,21.602425575256348,0,0
1596168247.8856218,23.40109348297119,0,0
1596168247.8956218,25.202465057373047,0,0
1596168247.9056218,27.000489234924316,0,0
1596168247.9156218,28.800530433654785,0,0
1596168247.9256217,30.600099563598633,0,0
1596168247.9356217,32.40314483642578,0,0
1596168247.9456217,34.200568199157715,0,0
1596168247.9556217,36.00288391113281,0,0
1596168247.9656217,37.803354263305664,0,0
1596168247.9756217,39.600348472595215,0,0
1596168247.9856217,41.40069007873535,0,0
1596168247.9956217,43.20021629333496,0,0
1596168248.0056217,45.00321865081787,0,0
1596168248.0156217,46.800642013549805,0,0
1596168248.0256217,48.60218524932861,0,0
1596168248.0356216,50.40175437927246,0,0
1596168248.0456216,52.20325469970703,0,0
1596168248.0556216,54.00312423706055,0,0
1596168248.0656216,55.80252170562744,0,0
1596168248.0756216,57.60028839111328,0,0
1596168248.0856216,59.401445388793945,0,0
1596168248.0956216,61.200199127197266,0,0
1596168248.1056216,63.003201484680176,0,0
1596168248.1156216,64.80216979980469,0,0
1596168248.1256216,66.60135269165039,0,0
1596168248.1356215,68.399977684021,0,0
1596168248.1456215,70.20323753356934,0,0
1596168248.1556215,72.00031757354736,0,0
1596168248.1656215,73.8015604019165,0,0
1596168248.1756215,75.60009956359863,0,0
1596168248.1856215,77.40018367767334,0,0
1596168248.1956215,79.20202732086182,0,0
1596168248.2056215,81.00078105926514,0,0
1596168248.2156215,82.80155181884766,0,0
1596168248.2256215,84.60245132446289,0,0
1596168248.2356215,86.40060424804688,0,0
1596168248.2456214,88.20188999176025,0,0
1596168248.2556214,90.00210285186768,0,0
1596168248.2656214,91.80291652679443,0,0
1596168248.2756214,93.60179901123047,0,0
1596168248.2856214,95.40205478668213,0,0
1596168248.2956214,97.20248222351074,0,0
1596168248.3056214,99.00063514709473,0,0
1596168248.3156214,100.80149173736572,0,0
1596168248.3256214,102.60106086730957,0,0
1596168248.3356214,104.40020084381104,0,0
1596168248.3456213,106.20019912719727,0,0
1596168248.3556213,108.00307273864746,0,0
1596168248.3656213,109.80328559875488,0,0
1596168248.3756213,111.60285472869873,0,0
1596168248.3856213,113.40315341949463,0,0
1596168248.3956213,115.20053386688232,0,0
1596168248.4056213,117.0005750656128,0,0
1596168248.4156213,118.80078792572021,0,0
1596168248.4256213,120.59992790222168,0,0
1596168248.4356213,122.40228652954102,0,0
1596168248.4456213,124.20035362243652,0,0
1596168248.4556212,126.00069522857666,0,0
1596168248.4656212,127.80219554901123,0,0
1596168248.4756212,129.60034847259521,0,0
1596168248.4856212,131.4005184173584,0,0
1596168248.4956212,133.20210456848145,0,0
1596168248.5056212,135.00244617462158,0,0
1596168248.5156212,136.80180072784424,0,0
1596168248.5256212,138.60089778900146,0,0
1596168248.5356212,140.4019260406494,0,0
1596168248.5456212,142.2015380859375,0,0
1596168248.5556211,144.00192260742188,0,0
1596168248.5656211,145.80037593841553,0,0
1596168248.5756211,147.60015964508057,0,0
1596168248.585621,149.4027328491211,0,0
1596168248.595621,151.20243072509766,0,0
1596168248.605621,153.0029010772705,0,0
1596168248.615621,154.80032444000244,0,0
1596168248.625621,156.6025972366333,0,0
1596168248.635621,158.40298175811768,0,0
1596168248.645621,160.20302295684814,0,0
1596168248.655621,162.00040340423584,0,0
1596168248.665621,163.8015604019165,0,0
1596168248.675621,165.60121536254883,0,0
1596168248.685621,167.40065574645996,0,0
1596168248.695621,169.20185565948486,0,0
1596168248.705621,171.00322723388672,0,0
1596168248.715621,172.80253887176514,0,0
1596168248.725621,174.60069179534912,0,0
1596168248.735621,176.4025354385376,0,0
1596168248.745621,178.2017183303833,0,0
1596168248.755621,180.00231742858887,0,0
1596168248.765621,181.80192947387695,0,0
1596168248.775621,183.60209941864014,0,0
1596168248.785621,185.40239810943604,0,0
1596168248.795621,187.20016479492188,0,0
1596168248.805621,189.00187969207764,0,0
1596168248.815621,190.8001184463501,0,0
1596168248.825621,192.6006317138672,0,0
1596168248.8356209,194.40294742584229,0,0
1596168248.8456209,196.202130317688,0,0
1596168248.8556209,198.00169944763184,0,0
1596168248.8656209,199.80088233947754,0,0
1596168248.8756208,201.60156726837158,0,0
1596168248.8856208,203.40169429779053,0,0
1596168248.8956208,205.20070552825928,0,0
1596168248.9056208,207.00139045715332,0,0
1596168248.9156208,208.8006591796875,0,0
1596168248.9256208,210.6031036376953,0,0
1596168248.9356208,212.39996910095215,0,0
1596168248.9456208,214.2017698287964,0,0
1596168248.9556208,216.00271224975586,0,0
1596168248.9656208,217.8017234802246,0,0
1596168248.9756207,219.60073471069336,0,0
1596168248.9856207,221.40236377716064,0,0
1596168248.9956207,223.20133209228516,0,0
1596168249.0056207,225.00296115875244,0,0
1596168249.0156207,226.80124282836914,0,0
1596168249.0256207,228.6012840270996,0,0
1596168249.0356207,230.40175437927246,0,0
1596168249.0456207,232.20239639282227,0,0
1596168249.0556207,234.00033473968506,0,0
1596168249.0656207,235.80007553100586,0,0
1596168249.0756207,237.59994506835938,0,0
1596168249.0856206,239.4023036956787,0,0
1596168249.0956206,241.20122909545898,0,0
1596168249.1056206,243.00079822540283,0,0
1596168249.1156206,244.8008394241333,0,0
1596168249.1256206,246.60195350646973,0,0
1596168249.1356206,248.40075016021729,0,0
1596168249.1456206,250.2004051208496,0,0
1596168249.1556206,252.0030641555786,0,0
1596168249.1656206,253.80207538604736,0,0
1596168249.1756206,255.60138702392578,0,0
1596168249.1856205,257.4015998840332,0,0
1596168249.1956205,259.20073986053467,0,0
1596168249.2056205,261.0009527206421,0,0
1596168249.2156205,262.80073642730713,0,0
1596168249.2256205,264.6026659011841,0,0
1596168249.2356205,266.40146255493164,0,0
1596168249.2456205,268.20167541503906,0,0
1596168249.2556205,270.0014591217041,0,0
1596168249.2656205,271.8021011352539,0,0
1596168249.2756205,273.6000394821167,0,0
1596168249.2856205,275.4004669189453,0,0
1596168249.2956204,277.2006368637085,0,0
1596168249.3056204,279.00200843811035,0,0
1596168249.3156204,280.8024787902832,0,0
1596168249.3256204,282.6012325286865,0,0
1596168249.3356204,284.40144538879395,0,0
1596168249.3456204,286.200156211853,0,0
1596168249.3556204,288.00251483917236,0,0
1596168249.3656204,289.802041053772,0,0
1596168249.3756204,291.60276889801025,0,0
1596168249.3856204,293.4004497528076,0,0
1596168249.3956203,295.20237922668457,0,0
1596168249.4056203,297.00207710266113,0,0
1596168249.4156203,298.80228996276855,0,0
1596168249.4256203,300.60237407684326,0,0
1596168249.4356203,302.4026298522949,0,0
1596168249.4456203,304.2011260986328,0,0
1596168249.4556203,306.0020685195923,0,0
1596168249.4656203,307.8006076812744,0,0
1596168249.4756203,309.6011209487915,0,0
1596168249.4856203,311.40026092529297,0,0
1596168249.4956203,313.2013750076294,0,0
1596168249.5056202,315.00051498413086,0,0
1596168249.5156202,316.8025732040405,0,0
1596168249.5256202,318.6003828048706,0,0
1596168249.5356202,320.4012393951416,0,0
1596168249.5456202,322.20170974731445,0,0
1596168249.5556202,324.00110721588135,0,0
1596168249.5656202,325.80196380615234,0,0
1596168249.5756202,327.6017904281616,0,0
1596168249.5856202,329.3996858596802,0,0
1596168249.5956202,331.20152950286865,0,0
1596168249.6056201,333.00135612487793,0,0
1596168249.6156201,334.80053901672363,0,0
1596168249.6256201,336.6019535064697,0,0
1596168249.63562,338.40182304382324,0,0
1596168249.64562,340.2019929885864,0,0
1596168249.65562,342.0022487640381,0,0
1596168249.66562,343.802547454834,0,0
1596168249.67562,345.6019449234009,0,0
1596168249.68562,347.4000120162964,0,0
1596168249.69562,349.20228481292725,0,0
1596168249.70562,351.002197265625,0,0
1596168249.71562,352.8019380569458,0,0
1596168249.72562,354.6027088165283,0,0
1596168249.73562,356.4016342163086,0,0
1596168249.74562,358.2026195526123,0,0
1596168249.7556267,360,0,1
1596168249.7556267,0,0,0
1596168249.7656267,1.8024444580078125,0,0
1596168249.7756267,3.60227108001709,0,0
1596168249.7856266,5.4029130935668945,0,0
1596168249.7956266,7.201023101806641,0,0
1596168249.8056266,9.001021385192871,0,0
1596168249.8156266,10.802865028381348,0,0
1596168249.8256266,12.602734565734863,0,0
1596168249.8356266,14.401874542236328,0,0
1596168249.8456266,16.200542449951172,0,0
1596168249.8556266,18.000454902648926,0,0
1596168249.8656266,19.801182746887207,0,0
1596168249.8756266,21.602296829223633,0,0
1596168249.8856266,23.402810096740723,0,0
1596168249.8956265,25.202980041503906,0,0
1596168249.9056265,27.001819610595703,0,0
1596168249.9156265,28.801345825195312,0,0
1596168249.9256265,30.601816177368164,0,0
1596168249.9356265,32.40237236022949,0,0
1596168249.9456265,34.20314311981201,0,0
1596168249.9556265,36.00013732910156,0,0
1596168249.9656265,37.80090808868408,0,0
1596168249.9756265,39.59996223449707,0,0
1596168249.9856265,41.402835845947266,0,0
1596168249.9956264,43.20219039916992,0,0
1596168250.0056264,45.001158714294434,0,0
1596168250.0156264,46.802873611450195,0,0
1596168250.0256264,48.60179901123047,0,0
1596168250.0356264,50.400638580322266,0,0
1596168250.0456264,52.20183849334717,0,0
1596168250.0556264,54.001407623291016,0,0
1596168250.0656264,55.802950859069824,0,0
1596168250.0756264,57.60200500488281,0,0
1596168250.0856264,59.40110206604004,0,0
1596168250.0956264,61.201701164245605,0,0
1596168250.1056263,63.00062656402588,0,0
1596168250.1156263,64.80165481567383,0,0
1596168250.1256263,66.60199642181396,0,0
1596168250.1356263,68.40281009674072,0,0
1596168250.1456263,70.20083427429199,0,0
1596168250.1556263,72.00207710266113,0,0
1596168250.1656263,73.80138874053955,0,0
1596168250.1756263,75.6013011932373,0,0
1596168250.1856263,77.40202903747559,0,0
1596168250.1956263,79.20314311981201,0,0
1596168250.2056262,81.00224018096924,0,0
1596168250.2156262,82.80133724212646,0,0
1596168250.2256262,84.60322380065918,0,0
1596168250.2356262,86.4005184173584,0,0
1596168250.2456262,88.20214748382568,0,0
1596168250.2556262,90.00085830688477,0,0
1596168250.2656262,91.80132865905762,0,0
1596168250.2756262,93.60124111175537,0,0
1596168250.2856262,95.40192604064941,0,0
1596168250.2956262,97.20072269439697,0,0
1596168250.3056262,99.00230884552002,0,0
1596168250.3156261,100.80132007598877,0,0
1596168250.3256261,102.6016616821289,0,0
1596168250.3356261,104.40200328826904,0,0
1596168250.345626,106.20255947113037,0,0
1596168250.355626,108.00195693969727,0,0
1596168250.365626,109.80247020721436,0,0
1596168250.375626,111.60096645355225,0,0
1596168250.385626,113.40169429779053,0,0
1596168250.395626,115.20310878753662,0,0
1596168250.405626,117.00014591217041,0,0
1596168250.415626,118.80220413208008,0,0
1596168250.425626,120.60108661651611,0,0
1596168250.435626,122.40009784698486,0,0
1596168250.445626,124.20129776000977,0,0
1596168250.455626,126.00005149841309,0,0
1596168250.465626,127.8028392791748,0,0
1596168250.475626,129.60322380065918,0,0
1596168250.485626,131.40317916870117,0,0
1596168250.495626,133.20322036743164,0,0
1596168250.505626,135.00047206878662,0,0
1596168250.515626,136.80188655853271,0,0
1596168250.525626,138.6000394821167,0,0
1596168250.535626,140.40188312530518,0,0
1596168250.545626,142.20046520233154,0,0
1596168250.555626,144.0007209777832,0,0
1596168250.565626,145.80183506011963,0,0
1596168250.575626,147.60106086730957,0,0
1596168250.585626,149.40187454223633,0,0
1596168250.5956259,151.20152950286865,0,0
1596168250.6056259,153.00062656402588,0,0
1596168250.6156259,154.80156898498535,0,0
1596168250.6256258,156.600022315979,0,0
1596168250.6356258,158.40092182159424,0,0
1596168250.6456258,160.2013921737671,0,0
1596168250.6556258,162.00186252593994,0,0
1596168250.6656258,163.8021183013916,0,0
1596168250.6756258,165.59997081756592,0,0
1596168250.6856258,167.40005493164062,0,0
1596168250.6956258,169.19992446899414,0,0
1596168250.7056258,171.00159645080566,0,0
1596168250.7156258,172.80168056488037,0,0
1596168250.7256258,174.60227966308594,0,0
1596168250.7356257,176.40116214752197,0,0
1596168250.7456257,178.20300579071045,0,0
1596168250.7556257,180.00042915344238,0,0
1596168250.7656257,181.8030023574829,0,0
1596168250.7756257,183.5998249053955,0,0
1596168250.7856257,185.4012393951416,0,0
1596168250.7956257,187.20059394836426,0,0
1596168250.8056257,189.0000343322754,0,0
1596168250.8156257,190.8001184463501,0,0
1596168250.8256257,192.60149002075195,0,0
1596168250.8356256,194.40165996551514,0,0
1596168250.8456256,196.20071411132812,0,0
1596168250.8556256,198.00096988677979,0,0
1596168250.8656256,199.8004961013794,0,0
1596168250.8756256,201.60027980804443,0,0
1596168250.8856256,203.40057849884033,0,0
1596168250.8956256,205.2006196975708,0,0
1596168250.9056256,207.00177669525146,0,0
1596168250.9156256,208.8003158569336,0,0
1596168250.9256256,210.60022830963135,0,0
1596168250.9356256,212.40074157714844,0,0
1596168250.9456255,214.20318603515625,0,0
1596168250.9556255,215.99987983703613,0,0
1596168250.9656255,217.80065059661865,0,0
1596168250.9756255,219.60253715515137,0,0
1596168250.9856255,221.40137672424316,0,0
1596168250.9956255,223.20184707641602,0,0
1596168251.0056255,225.0005578994751,0,0
1596168251.0156255,226.8009853363037,0,0
1596168251.0256255,228.60321521759033,0,0
1596168251.0356255,230.40231227874756,0,0
1596168251.0456254,232.20093727111816,0,0
1596168251.0556254,233.99977684020996,0,0
1596168251.0656254,235.800461769104,0,0
1596168251.0756254,237.60191917419434,0,0
1596168251.0856254,239.40075874328613,0,0
1596168251.0956254,241.20311737060547,0,0
1596168251.1056254,243.00024032592773,0,0
1596168251.1156254,244.80199813842773,0,0
1596168251.1256254,246.60088062286377,0,0
1596168251.1356254,248.40027809143066,0,0
1596168251.1456254,250.20182132720947,0,0
1596168251.1556253,252.00246334075928,0,0
1596168251.1656253,253.80271911621094,0,0
1596168251.1756253,255.60125827789307,0,0
1596168251.1856253,257.4022436141968,0,0
1596168251.1956253,259.20185565948486,0,0
1596168251.2056253,261.0009956359863,0,0
1596168251.2156253,262.8012943267822,0,0
1596168251.2256253,264.60107803344727,0,0
1596168251.2356253,266.4019775390625,0,0
1596168251.2456253,268.2001733779907,0,0
1596168251.2556252,269.9998712539673,0,0
1596168251.2656252,271.8018436431885,0,0
1596168251.2756252,273.60167026519775,0,0
1596168251.2856252,275.4010248184204,0,0
1596168251.2956252,277.1998643875122,0,0
1596168251.3056252,279.0017509460449,0,0
1596168251.3156252,280.80162048339844,0,0
1596168251.3256252,282.6008462905884,0,0
1596168251.3356252,284.40311908721924,0,0
1596168251.3456252,286.2009286880493,0,0
1596168251.3556252,288.00127029418945,0,0
1596168251.3656251,289.8022985458374,0,0
1596168251.3756251,291.6019105911255,0,0
1596168251.3856251,293.40117931365967,0,0
1596168251.395625,295.2028512954712,0,0
1596168251.405625,297.0001029968262,0,0
1596168251.415625,298.8019895553589,0,0
1596168251.425625,300.60147285461426,0,0
1596168251.435625,302.40245819091797,0,0
1596168251.445625,304.19970989227295,0,0
1596168251.455625,306.0009527206421,0,0
1596168251.465625,307.8027105331421,0,0
1596168251.475625,309.6029233932495,0,0
1596168251.485625,311.4006042480469,0,0
1596168251.495625,313.2008171081543,0,0
1596168251.505625,315.0022315979004,0,0
1596168251.515625,316.80150032043457,0,0
1596168251.525625,318.60145568847656,0,0
1596168251.535625,320.40106773376465,0,0
1596168251.545625,322.2008514404297,0,0
1596168251.555625,323.99977684020996,0,0
1596168251.565625,325.8028221130371,0,0
1596168251.575625,327.60080337524414,0,0
1596168251.585625,329.4011449813843,0,0
1596168251.595625,331.20049953460693,0,0
1596168251.605625,333.0027723312378,0,0
1596168251.615625,334.8022985458374,0,0
1596168251.625625,336.60255432128906,0,0
1596168251.635625,338.40062141418457,0,0
1596168251.6456249,340.2014350891113,0,0
1596168251.6556249,341.999888420105,0,0
1596168251.6656249,343.80125999450684,0,0
1596168251.6756248,345.60014247894287,0,0
1596168251.6856248,347.40164279937744,0,0
1596168251.6956248,349.2029285430908,0,0
1596168251.7056248,350.99979400634766,0,0
1596168251.7156248,352.8005647659302,0,0
1596168251.7256248,354.60193634033203,0,0
1596168251.7356248,356.4008617401123,0,0
1596168251.7456248,358.2024908065796,0,0
1596168251.7556338,360,0,1
1596168251.7556338,0,0,0
1596168251.7656338,1.7999982833862305,0,0
1596168251.7756338,3.603043556213379,0,0
1596168251.7856338,5.400810241699219,0,0
1596168251.7956338,7.202181816101074,0,0
1596168251.8056338,9.00106430053711,0,0
1596168251.8156338,10.801620483398438,0,0
1596168251.8256338,12.601919174194336,0,0
1596168251.8356338,14.402174949645996,0,0
1596168251.8456337,16.20234489440918,0,0
1596168251.8556337,18.003244400024414,0,0
1596168251.8656337,19.802470207214355,0,0
1596168251.8756337,21.60161018371582,0,0
1596168251.8856337,23.40212345123291,0,0
1596168251.8956337,25.20092010498047,0,0
1596168251.9056337,27.002463340759277,0,0
1596168251.9156337,28.801474571228027,0,0
1596168251.9256337,30.601000785827637,0,0
1596168251.9356337,32.40194320678711,0,0
1596168251.9456336,34.20086860656738,0,0
1596168251.9556336,36.003313064575195,0,0
1596168251.9656336,37.802066802978516,0,0
1596168251.9756336,39.60004806518555,0,0
1596168251.9856336,41.40317916870117,0,0
1596168251.9956336,43.202147483825684,0,0
1596168252.0056336,45.00051498413086,0,0
1596168252.0156336,46.80330276489258,0,0
1596168252.0256336,48.60334396362305,0,0
1596168252.0356336,50.40098190307617,0,0
1596168252.0456336,52.201881408691406,0,0
1596168252.0556335,54.00325298309326,0,0
1596168252.0656335,55.80277919769287,0,0
1596168252.0756335,57.60299205780029,0,0
1596168252.0856335,59.400930404663086,0,0
1596168252.0956335,61.202945709228516,0,0
1596168252.1056335,63.00032615661621,0,0
1596168252.1156335,64.80311393737793,0,0
1596168252.1256335,66.60191059112549,0,0
1596168252.1356335,68.40276718139648,0,0
1596168252.1456335,70.20001888275146,0,0
1596168252.1556334,72.0027208328247,0,0
1596168252.1656334,73.80241870880127,0,0
1596168252.1756334,75.60181617736816,0,0
1596168252.1856334,77.40022659301758,0,0
1596168252.1956334,79.20082569122314,0,0
1596168252.2056334,81.00069522857666,0,0
1596168252.2156334,82.80219554901123,0,0
1596168252.2256334,84.60326671600342,0,0
1596168252.2356334,86.40090465545654,0,0
1596168252.2456334,88.20322036743164,0,0
1596168252.2556334,90.00128746032715,0,0
1596168252.2656333,91.80278778076172,0,0
1596168252.2756333,93.60312938690186,0,0
1596168252.2856333,95.4032564163208,0,0
1596168252.2956333,97.20213890075684,0,0
1596168252.3056333,99.00080680847168,0,0
1596168252.3156333,100.80299377441406,0,0
1596168252.3256333,102.60260581970215,0,0
1596168252.3356333,104.4016170501709,0,0
1596168252.3456333,106.20255947113037,0,0
1596168252.3556333,108.00204277038574,0,0
1596168252.3656332,109.8008394241333,0,0
1596168252.3756332,111.60272598266602,0,0
1596168252.3856332,113.40328216552734,0,0
1596168252.3956332,115.20109176635742,0,0
1596168252.4056332,117.00006008148193,0,0
1596168252.4156332,118.80035877227783,0,0
1596168252.4256332,120.60018539428711,0,0
1596168252.4356332,122.40048408508301,0,0
1596168252.4456332,124.20005321502686,0,0
1596168252.4556332,126.00202560424805,0,0
1596168252.4656332,127.80090808868408,0,0
1596168252.4756331,129.60103511810303,0,0
1596168252.4856331,131.40081882476807,0,0
1596168252.4956331,133.20231914520264,0,0
1596168252.505633,135.00210285186768,0,0
1596168252.515633,136.800856590271,0,0
1596168252.525633,138.60167026519775,0,0
1596168252.535633,140.40261268615723,0,0
1596168252.545633,142.20192432403564,0,0
1596168252.555633,144.00119304656982,0,0
1596168252.565633,145.8003330230713,0,0
1596168252.575633,147.60316371917725,0,0
1596168252.585633,149.40157413482666,0,0
1596168252.595633,151.20122909545898,0,0
1596168252.605633,153.0010986328125,0,0
1596168252.615633,154.80113983154297,0,0
1596168252.625633,156.6029405593872,0,0
1596168252.635633,158.401780128479,0,0
1596168252.645633,160.2011775970459,0,0
1596168252.655633,162.0020341873169,0,0
1596168252.665633,163.80284786224365,0,0
1596168252.675633,165.59997081756592,0,0
1596168252.685633,167.40052700042725,0,0
1596168252.695633,169.20288562774658,0,0
1596168252.705633,171.00013732910156,0,0
1596168252.715633,172.80236721038818,0,0
1596168252.725633,174.6024513244629,0,0
1596168252.735633,176.4033079147339,0,0
1596168252.745633,178.20021629333496,0,0
1596168252.7556329,180.00266075134277,0,0
1596168252.7656329,181.80291652679443,0,0
1596168252.7756329,183.60033988952637,0,0
1596168252.7856328,185.40081024169922,0,0
1596168252.7956328,187.20226764678955,0,0
1596168252.8056328,189.00067806243896,0,0
1596168252.8156328,190.80162048339844,0,0
1596168252.8256328,192.60316371917725,0,0
1596168252.8356328,194.40226078033447,0,0
1596168252.8456328,196.20165824890137,0,0
1596168252.8556328,198.00302982330322,0,0
1596168252.8656328,199.8007106781006,0,0
1596168252.8756328,201.60006523132324,0,0
1596168252.8856328,203.40263843536377,0,0
1596168252.8956327,205.2002763748169,0,0
1596168252.9056327,207.00044631958008,0,0
1596168252.9156327,208.8024616241455,0,0
1596168252.9256327,210.60160160064697,0,0
1596168252.9356327,212.4015998840332,0,0
1596168252.9456327,214.2032289505005,0,0
1596168252.9556327,216.003098487854,0,0
1596168252.9656327,217.80223846435547,0,0
1596168252.9756327,219.60215091705322,0,0
1596168252.9856327,221.4001750946045,0,0
1596168252.9956326,223.2030487060547,0,0
