Timestamp,Phase,Offset,Ping?
1595631089.0000973,59.940000000000005,0,0
1595631089.0101092,61.740041198730474,0.333,0
1595631089.0201237,63.54265731811524,0.333,0
1595631089.030109,65.33999485015869,0.333,0
1595631089.040125,67.14286846160888,0.333,0
1595631089.0501218,68.94230884552002,0.333,0
1595631089.0601184,70.74170631408691,0.333,0
1595631089.070115,72.5411037826538,0.333,0
1595631089.08011,74.34020084381103,0.333,0
1595631089.09012,76.14200157165527,0.333,0
1595631089.1001139,77.9408840560913,0.333,0
1595631089.1101167,79.7413973236084,0.333,0
1595631089.1201205,81.54208225250244,0.333,0
1595631089.1301107,83.3403210067749,0.333,0
1595631089.1401162,85.14130634307861,0.333,0
1595631089.150125,86.94289249420166,0.333,0
1595631089.160126,88.74306243896484,0.333,0
1595631089.170111,90.54035705566406,0.333,0
1595631089.1801143,92.34095615386963,0.333,0
1595631089.1901135,94.14082569122314,0.333,0
1595631089.2001162,95.941296043396,0.333,0
1595631089.2101207,97.74210971832275,0.333,0
1595631089.220124,99.54270881652832,0.333,0
1595631089.2301195,101.34189170837402,0.333,0
1595631089.2401266,103.1431774520874,0.333,0
1595631089.2501187,104.94175952911377,0.333,0
1595631089.260114,106.74089950561523,0.333,0
1595631089.2701087,108.53995365142822,0.333,0
1595631089.2801237,110.34265560150146,0.333,0
1595631089.2901092,112.14003604888916,0.333,0
1595631089.3001137,113.94084972381592,0.333,0
1595631089.3101091,115.74003261566162,0.333,0
1595631089.3201194,117.5418762588501,0.333,0
1595631089.3301108,119.34032958984375,0.333,0
1595631089.340126,121.14307445526123,0.333,0
1595631089.3477635,122.51782459259033,0.333,0
1595631089.3477635,122.51782459259033,0.333,0
1595631089.3501205,122.94208568572998,0.333,0
1595631089.3601248,124.7428564453125,0.333,0
1595631089.3701212,126.54221099853515,0.333,0
1595631089.380121,128.34216636657715,0.333,0
1595631089.3901181,130.14164966583252,0.333,0
1595631089.400115,131.94109004974365,0.333,0
1595631089.4101126,133.7406591796875,0.333,0
1595631089.420126,135.54306072235107,0.333,0
1595631089.4301202,137.34202903747558,0.333,0
1595631089.440111,139.14035362243652,0.333,0
1595631089.4501112,140.940394821167,0.333,0
1595631089.4601147,142.7410368347168,0.333,0
1595631089.470119,144.5418075942993,0.333,0
1595631089.4801114,146.34043258666992,0.333,0
1595631089.4901268,148.14322036743164,0.333,0
1595631089.5001154,149.94115871429443,0.333,0
1595631089.51011,151.74016994476318,0.333,0
1595631089.5201244,153.54278606414795,0.333,0
1595631089.53012,155.34196895599365,0.333,0
1595631089.5401242,157.14273971557617,0.333,0
1595631089.5501149,158.9410643005371,0.333,0
1595631089.560125,160.74290794372558,0.333,0
1595631089.5701244,162.5427774810791,0.333,0
1595631089.5801146,164.34101623535156,0.333,0
1595631089.5901084,166.1398987197876,0.333,0
1595631089.600126,167.94307273864746,0.333,0
1595631089.6101236,169.7426418685913,0.333,0
1595631089.6201255,171.54298347473144,0.333,0
1595631089.6301248,173.34285301208496,0.333,0
1595631089.6401184,175.14169258117676,0.333,0
1595631089.6501083,176.93988842010498,0.333,0
1595631089.6601212,178.74220413208008,0.333,0
1595631089.6701105,180.54027122497558,0.333,0
1595631089.680126,182.3430590057373,0.333,0
1595631089.6901135,184.14082569122314,0.333,0
1595631089.7001228,185.94249767303467,0.333,0
1595631089.7101269,187.74322551727295,0.333,0
1595631089.720125,189.54288047790527,0.333,0
1595631089.7301145,191.34099048614502,0.333,0
1595631089.7401187,193.14176124572754,0.333,0
1595631089.7501223,194.94240325927734,0.333,0
1595631089.7601254,196.74295944213867,0.333,0
1595631089.7701242,198.5427431488037,0.333,0
1595631089.78011,200.34016651153564,0.333,0
1595631089.7901158,202.14123767852783,0.333,0
1595631089.8001218,203.94230884552002,0.333,0
1595631089.810117,205.74144882202148,0.333,0
1595631089.820116,207.54127544403076,0.333,0
1595631089.8301182,209.34165996551513,0.333,0
1595631089.8401265,211.1431602859497,0.333,0
1595631089.850122,212.9423431777954,0.333,0
1595631089.8601265,214.74315685272217,0.333,0
1595631089.870112,216.54053730010986,0.333,0
1595631089.88011,218.34019226074219,0.333,0
1595631089.8901083,220.13989013671875,0.333,0
1595631089.9001088,221.93997425079345,0.333,0
1595631089.910125,223.7428907775879,0.333,0
1595631089.9201124,225.5406145477295,0.333,0
1595631089.9301245,227.34280151367187,0.333,0
1595631089.940117,229.14142650604248,0.333,0
1595631089.9501095,230.94009441375732,0.333,0
1595631089.9601202,232.74202388763428,0.333,0
1595631089.970126,234.54305213928222,0.333,0
1595631089.9801192,236.34184879302978,0.333,0
1595631089.9901233,238.14257663726806,0.333,0
1595631090.0001225,239.94244617462158,0.333,0
1595631090.010112,241.74055618286133,0.333,0
1595631090.02012,243.54197067260742,0.333,0
1595631090.0301156,245.34119647979736,0.333,0
1595631090.0401175,247.1415380859375,0.333,0
1595631090.0501194,248.94187969207763,0.333,0
1595631090.0601254,250.74295085906982,0.333,0
1595631090.070113,252.54071754455566,0.333,0
1595631090.080126,254.343076171875,0.333,0
1595631090.0901253,256.1429457092285,0.333,0
1595631090.1001258,257.9430298233032,0.333,0
1595631090.1101263,259.7431139373779,0.333,0
1595631090.120117,261.54143852233886,0.333,0
1595631090.130124,263.34272426605224,0.333,0
1595631090.1401157,265.14122051239013,0.333,0
1595631090.1501186,266.9417337799072,0.333,0
1595631090.16012,268.7419895553589,0.333,0
1595631090.170123,270.5425457382202,0.333,0
1595631090.1801133,272.3407844924927,0.333,0
1595631090.1901217,274.14228481292724,0.333,0
1595631090.2001243,275.9427551651001,0.333,0
1595631090.210125,277.74288219451904,0.333,0
1595631090.2201111,279.54039138793945,0.333,0
1595631090.230114,281.34090465545654,0.333,0
1595631090.240123,283.1425337219238,0.333,0
1595631090.2501214,284.9422315979004,0.333,0
1595631090.2601242,286.7427448654175,0.333,0
1595631090.2701132,288.54076904296875,0.333,0
1595631090.2801254,290.34295600891113,0.333,0
1595631090.2901201,292.1420101547241,0.333,0
1595631090.300118,293.9416222000122,0.333,0
1595631090.3101227,295.7424787902832,0.333,0
1595631090.3201141,297.54093212127685,0.333,0
1595631090.330108,299.3398146057129,0.333,0
1595631090.3401253,301.1429457092285,0.333,0
1595631090.3501146,302.941012802124,0.333,0
1595631090.3601134,304.74079650878906,0.333,0
1595631090.3701134,306.5407947921753,0.333,0
1595631090.3801212,308.3422092819214,0.333,0
1595631090.390117,310.1414350891113,0.333,0
1595631090.4001086,311.9399313354492,0.333,0
1595631090.4101253,313.7429336929321,0.333,0
1595631090.4201245,315.54280323028564,0.333,0
1595631090.4301126,317.34065574645996,0.333,0
1595631090.4401176,319.1415552520752,0.333,0
1595631090.4501185,320.9417251968384,0.333,0
1595631090.4601178,322.7415947341919,0.333,0
1595631090.4701111,324.54039138793945,0.333,0
1595631090.4801223,326.3424066925049,0.333,0
1595631090.490116,328.1412462615967,0.333,0
1595631090.5001214,329.9422315979004,0.333,0
1595631090.5101175,331.7415432357788,0.333,0
1595631090.5201154,333.5411552810669,0.333,0
1595631090.530108,335.33982318878174,0.333,0
1595631090.5401213,337.1422247314453,0.333,0
1595631090.5501137,338.9408497238159,0.333,0
1595631090.560125,340.7429079437256,0.333,0
1595631090.5701237,342.5426487350464,0.333,0
1595631090.5801098,344.3401579284668,0.333,0
1595631090.5901074,346.13972705841064,0.333,0
1595631090.600117,347.9414419555664,0.333,0
1595631090.6101124,349.7406248474121,0.333,0
1595631090.6201096,351.5401081466675,0.333,0
1595631090.6301255,353.3429817581177,0.333,0
1595631090.6401076,355.13976139068603,0.333,0
1595631090.6501195,356.9419054412842,0.333,0
1595631090.6601236,358.74263328552246,0.333,0
1595631090.6671157,360,0.333,1
1595631090.6671157,0.1506988016032409,0.1506988016032409,0
1595631090.6771157,28.92578257196959,0.1506988016032409,0
1595631090.6871312,30.72857035273131,0.1506988016032409,0
1595631090.6971166,32.525950800119006,0.1506988016032409,0
1595631090.707129,34.32818068140563,0.1506988016032409,0
1595631090.717119,36.12637652033385,0.1506988016032409,0
1595631090.7271166,37.9259456502777,0.1506988016032409,0
1595631090.737116,39.72585810297545,0.1506988016032409,0
1595631090.7471254,41.527530084786974,0.1506988016032409,0
1595631090.7571206,43.32667006128844,0.1506988016032409,0
1595631090.767125,45.12744082087096,0.1506988016032409,0
1595631090.777127,46.927825342355334,0.1506988016032409,0
1595631090.7871194,48.72645033472594,0.1506988016032409,0
1595631090.7971244,50.527349840341174,0.1506988016032409,0
1595631090.8071315,52.32863558405455,0.1506988016032409,0
1595631090.817125,54.12747515314635,0.1506988016032409,0
1595631090.827123,55.927087198434435,0.1506988016032409,0
1595631090.8371317,57.72867334955748,0.1506988016032409,0
1595631090.8471212,59.52678335779723,0.1506988016032409,0
1595631090.8571255,61.32755411737975,0.1506988016032409,0
1595631090.867127,63.12780989283141,0.1506988016032409,0
1595631090.877118,64.92622030848082,0.1506988016032409,0
1595631090.887129,66.72819269770201,0.1506988016032409,0
1595631090.897121,68.52673185938414,0.1506988016032409,0
1595631090.9071298,70.32831801050719,0.1506988016032409,0
1595631090.9171188,72.12634218805846,0.1506988016032409,0
1595631090.927127,73.92779959314879,0.1506988016032409,0
1595631090.937118,75.7262100087982,0.1506988016032409,0
1595631090.9471264,77.52771032923278,0.1506988016032409,0
1595631090.957125,79.32745112055358,0.1506988016032409,0
1595631090.967132,81.12873686426695,0.1506988016032409,0
1595631090.977131,82.928520570932,0.1506988016032409,0
1595631090.9871268,84.72778929346617,0.1506988016032409,0
1595631090.9971287,86.52813089960631,0.1506988016032409,0
1595631091.0071332,88.32894457453307,0.1506988016032409,0
1595631091.0171316,90.12864245050963,0.1506988016032409,0
1595631091.0271277,91.92795408838805,0.1506988016032409,0
1595631091.0371203,93.72662199610289,0.1506988016032409,0
1595631091.047122,95.52692068689879,0.1506988016032409,0
1595631091.0571175,97.3261035787445,0.1506988016032409,0
1595631091.0671244,99.12734640711363,0.1506988016032409,0
1595631091.0771153,100.92571390741881,0.1506988016032409,0
1595631091.0871305,102.72845877283629,0.1506988016032409,0
1595631091.0971303,104.52841414087828,0.1506988016032409,0
1595631091.1071167,106.32596624964293,0.1506988016032409,0
1595631091.1171272,108.12785280817565,0.1506988016032409,0
1595631091.1271327,109.92883814447936,0.1506988016032409,0
1595631091.1371326,111.72883642786559,0.1506988016032409,0
1595631091.1471272,113.52784765833434,0.1506988016032409,0
1595631091.157122,115.32690180414733,0.1506988016032409,0
1595631091.1671326,117.12883127802428,0.1506988016032409,0
1595631091.1771333,118.92895830744322,0.1506988016032409,0
1595631091.1871302,120.72839869135436,0.1506988016032409,0
1595631091.197122,122.52693785303649,0.1506988016032409,0
1595631091.2071216,124.32685030573424,0.1506988016032409,0
1595631091.217119,126.12637652033385,0.1506988016032409,0
1595631091.2271261,127.92766226404723,0.1506988016032409,0
1595631091.2371259,129.72761763208922,0.1506988016032409,0
1595631091.2471173,131.52607096308287,0.1506988016032409,0
1595631091.2571187,133.32632673853453,0.1506988016032409,0
1595631091.267126,135.12765539759215,0.1506988016032409,0
1595631091.2771232,136.92713869684752,0.1506988016032409,0
1595631091.287133,138.72889650934752,0.1506988016032409,0
1595631091.2971187,140.52631987207945,0.1506988016032409,0
1595631091.307122,142.32691897028502,0.1506988016032409,0
1595631091.317117,144.12601603144225,0.1506988016032409,0
1595631091.3271258,145.9276021825653,0.1506988016032409,0
1595631091.3371246,147.72738588923033,0.1506988016032409,0
1595631091.347133,149.5288862096649,0.1506988016032409,0
1595631091.3478403,149.65621603601988,0.1506988016032409,0
1595631091.3478403,149.65621603601988,0.1506988016032409,0
1595631091.3571246,151.3273824560028,0.1506988016032409,0
1595631091.3671227,153.12703741663512,0.1506988016032409,0
1595631091.3771315,154.92862356775817,0.1506988016032409,0
1595631091.387117,156.72600401514586,0.1506988016032409,0
1595631091.3971198,158.52651728266295,0.1506988016032409,0
1595631091.4071195,160.32647265070494,0.1506988016032409,0
1595631091.41712,162.12655676477965,0.1506988016032409,0
1595631091.4271326,163.9288295614105,0.1506988016032409,0
1595631091.4371285,165.7280982839447,0.1506988016032409,0
1595631091.4471273,167.52788199060973,0.1506988016032409,0
1595631091.4571319,169.3286956655365,0.1506988016032409,0
1595631091.467131,171.12852228754576,0.1506988016032409,0
1595631091.4771266,172.9277480947357,0.1506988016032409,0
1595631091.487125,174.72744597071227,0.1506988016032409,0
1595631091.4971187,176.5263284551483,0.1506988016032409,0
1595631091.5071313,178.32860125177916,0.1506988016032409,0
1595631091.5171168,180.12598169916686,0.1506988016032409,0
1595631091.5271335,181.92898405664977,0.1506988016032409,0
1595631091.5371203,183.7266219961029,0.1506988016032409,0
1595631091.5471184,185.52627695673522,0.1506988016032409,0
1595631091.557119,187.32636107080992,0.1506988016032409,0
1595631091.5671272,189.1278613912445,0.1506988016032409,0
1595631091.5771215,190.926829706369,0.1506988016032409,0
1595631091.5871332,192.7289308416229,0.1506988016032409,0
1595631091.597123,194.5270837652069,0.1506988016032409,0
1595631091.607115,196.32566584223326,0.1506988016032409,0
1595631091.6171262,198.1276811467987,0.1506988016032409,0
1595631091.627128,199.9279798375946,0.1506988016032409,0
1595631091.6371207,201.72669066065367,0.1506988016032409,0
1595631091.6471336,203.52900637262877,0.1506988016032409,0
1595631091.6571221,205.32694471949156,0.1506988016032409,0
1595631091.6671305,207.12844503992613,0.1506988016032409,0
1595631091.6771188,208.9263404714447,0.1506988016032409,0
1595631091.6871188,210.72633875483092,0.1506988016032409,0
1595631091.6971192,212.52642286890563,0.1506988016032409,0
1595631091.7071252,214.32749403589781,0.1506988016032409,0
1595631091.717122,216.12693441980895,0.1506988016032409,0
1595631091.7271314,217.92860640162047,0.1506988016032409,0
1595631091.737131,219.72856176966246,0.1506988016032409,0
1595631091.7471316,221.52864588373717,0.1506988016032409,0
1595631091.7571158,223.32581175440367,0.1506988016032409,0
1595631091.767132,225.1287282811981,0.1506988016032409,0
1595631091.7771275,226.9279111730438,0.1506988016032409,0
1595631091.7871194,228.72645033472594,0.1506988016032409,0
1595631091.7971256,230.52756441706237,0.1506988016032409,0
1595631091.8071237,232.3272193776947,0.1506988016032409,0
1595631091.8171206,234.12665976160582,0.1506988016032409,0
1595631091.82713,235.92837465876158,0.1506988016032409,0
1595631091.8371208,237.72669924372252,0.1506988016032409,0
1595631091.8471189,239.52635420435485,0.1506988016032409,0
1595631091.8571284,241.3280691015106,0.1506988016032409,0
1595631091.867119,243.12639368647154,0.1506988016032409,0
1595631091.8771312,244.92858065241393,0.1506988016032409,0
1595631091.8871262,246.72767771357115,0.1506988016032409,0
1595631091.89712,248.5265601980072,0.1506988016032409,0
1595631091.9071295,250.32827509516295,0.1506988016032409,0
1595631091.9171226,252.12702883356627,0.1506988016032409,0
1595631091.9271238,253.9272416936737,0.1506988016032409,0
1595631091.9371288,255.72814119928893,0.1506988016032409,0
1595631091.9471266,257.527753244577,0.1506988016032409,0
1595631091.957127,259.3278373586517,0.1506988016032409,0
1595631091.96713,261.1283506261688,0.1506988016032409,0
1595631091.9771323,262.9287780629974,0.1506988016032409,0
1595631091.9871156,264.725772272287,0.1506988016032409,0
1595631091.9971302,266.52838839167174,0.1506988016032409,0
1595631092.0071163,268.32589758509215,0.1506988016032409,0
1595631092.0171194,270.1264537679535,0.1506988016032409,0
1595631092.0271246,271.92739618891295,0.1506988016032409,0
1595631092.0371304,273.7284244405609,0.1506988016032409,0
1595631092.047115,275.5256761419159,0.1506988016032409,0
1595631092.057127,277.327820192514,0.1506988016032409,0
1595631092.0671237,279.1272176610809,0.1506988016032409,0
1595631092.0771205,280.92665804499205,0.1506988016032409,0
1595631092.0871305,282.7284587728363,0.1506988016032409,0
1595631092.0971332,284.52892912500914,0.1506988016032409,0
1595631092.1071203,286.3266099798065,0.1506988016032409,0
1595631092.1171184,288.12626494043883,0.1506988016032409,0
1595631092.1271288,289.92815149897154,0.1506988016032409,0
1595631092.137127,291.72780645960387,0.1506988016032409,0
1595631092.147129,293.52819098108824,0.1506988016032409,0
1595631092.1571195,295.32647265070494,0.1506988016032409,0
1595631092.1671157,297.12578428858336,0.1506988016032409,0
1595631092.1771204,298.92664087885436,0.1506988016032409,0
1595631092.187129,300.72818411463317,0.1506988016032409,0
1595631092.197127,302.5278390752655,0.1506988016032409,0
1595631092.2071323,304.32878149622496,0.1506988016032409,0
1595631092.217122,306.12693441980895,0.1506988016032409,0
1595631092.2271318,307.92869223230895,0.1506988016032409,0
1595631092.2371278,309.7279609548431,0.1506988016032409,0
1595631092.2471297,311.52830256098326,0.1506988016032409,0
1595631092.257129,313.3281720983368,0.1506988016032409,0
1595631092.2671244,315.1273549901825,0.1506988016032409,0
1595631092.277124,316.92726744288024,0.1506988016032409,0
1595631092.2871158,318.72580660456237,0.1506988016032409,0
1595631092.2971244,320.5273498403412,0.1506988016032409,0
1595631092.3071165,322.32593191736754,0.1506988016032409,0
1595631092.317121,324.1267455922943,0.1506988016032409,0
1595631092.3271258,325.9276021825653,0.1506988016032409,0
1595631092.3371258,327.7276004659515,0.1506988016032409,0
1595631092.3471296,329.52828539484557,0.1506988016032409,0
1595631092.3571224,331.32699621790465,0.1506988016032409,0
1595631092.3671288,333.1281532155853,0.1506988016032409,0
1595631092.3771312,334.9285806524139,0.1506988016032409,0
1595631092.3871164,336.7259181844574,0.1506988016032409,0
1595631092.3971274,338.5278905736786,0.1506988016032409,0
1595631092.4071152,340.32570017450865,0.1506988016032409,0
1595631092.4171152,342.1256984578949,0.1506988016032409,0
1595631092.4271283,343.9280570852142,0.1506988016032409,0
1595631092.4371202,345.72659624689635,0.1506988016032409,0
1595631092.4471319,347.52869738215026,0.1506988016032409,0
1595631092.4571316,349.32865275019225,0.1506988016032409,0
1595631092.4671187,351.1263336049896,0.1506988016032409,0
1595631092.477128,352.92800558680113,0.1506988016032409,0
1595631092.487128,354.72800387018737,0.1506988016032409,0
1595631092.4971294,356.528259645639,0.1506988016032409,0
1595631092.5071208,358.3267129766327,0.1506988016032409,0
1595631092.5164347,360,0.1506988016032409,1
1595631092.5164347,0.18407943892327228,0.18407943892327228,0
1595631092.5264504,34.93712970229497,0.18407943892327228,0
1595631092.536437,36.734724726403854,0.18407943892327228,0
1595631092.546442,38.53562423201909,0.18407943892327228,0
1595631092.5564473,40.33656665297856,0.18407943892327228,0
1595631092.5664444,42.13604995223393,0.18407943892327228,0
1595631092.576438,43.93488952132573,0.18407943892327228,0
1595631092.5864346,45.734286989892624,0.18407943892327228,0
1595631092.5964441,47.536001887048386,0.18407943892327228,0
1595631092.6064408,49.33539935561528,0.18407943892327228,0
1595631092.6164498,51.137028422082565,0.18407943892327228,0
1595631092.6264377,52.93483802291264,0.18407943892327228,0
1595631092.636442,54.73560878249516,0.18407943892327228,0
1595631092.6464448,56.53612205001225,0.18407943892327228,0
1595631092.6564424,58.3356911799561,0.18407943892327228,0
1595631092.6664414,60.13551780196538,0.18407943892327228,0
1595631092.6764452,61.93620273085942,0.18407943892327228,0
1595631092.6864555,63.7380463740479,0.18407943892327228,0
1595631092.6964512,65.53727218123784,0.18407943892327228,0
1595631092.7064486,67.33679839583745,0.18407943892327228,0
1595631092.716451,69.13722583266606,0.18407943892327228,0
1595631092.7264485,70.93679496260991,0.18407943892327228,0
1595631092.7364528,72.73756572219243,0.18407943892327228,0
1595631092.746447,74.53653403731694,0.18407943892327228,0
1595631092.7564378,76.33485862227788,0.18407943892327228,0
1595631092.7664433,78.13584395858159,0.18407943892327228,0
1595631092.7764385,79.93498393508305,0.18407943892327228,0
1595631092.7864428,81.73575469466557,0.18407943892327228,0
1595631092.7964535,83.53768416854253,0.18407943892327228,0
1595631092.8064475,85.3366095683228,0.18407943892327228,0
1595631092.8164432,87.13583537551274,0.18407943892327228,0
1595631092.8264434,88.93587657424321,0.18407943892327228,0
1595631092.8364394,90.73514529677739,0.18407943892327228,0
1595631092.84644,92.53527232619633,0.18407943892327228,0
1595631092.8564415,94.335528101648,0.18407943892327228,0
1595631092.8664386,96.13501140090337,0.18407943892327228,0
1595631092.876441,97.93543883773198,0.18407943892327228,0
1595631092.886441,99.73543712111821,0.18407943892327228,0
1595631092.896445,101.53616496535649,0.18407943892327228,0
1595631092.9064515,103.33732196303716,0.18407943892327228,0
1595631092.9164398,105.13521739455571,0.18407943892327228,0
1595631092.9264464,106.93641730758061,0.18407943892327228,0
1595631092.9364524,108.7374884745728,0.18407943892327228,0
1595631092.9464364,110.53461142989507,0.18407943892327228,0
1595631092.9564505,112.33714171859135,0.18407943892327228,0
1595631092.96644,114.1352517268311,0.18407943892327228,0
1595631092.9764462,115.93636580916753,0.18407943892327228,0
1595631092.986437,117.7347333094727,0.18407943892327228,0
1595631092.9964483,119.53674861403813,0.18407943892327228,0
1595631093.0064504,121.3371331355225,0.18407943892327228,0
1595631093.016445,123.13614436599126,0.18407943892327228,0
1595631093.0264506,124.9371726176392,0.18407943892327228,0
1595631093.0364401,126.73528262587895,0.18407943892327228,0
1595631093.0464377,128.53485175582279,0.18407943892327228,0
1595631093.0516975,129.4816071650635,0.18407943892327228,0
1595631093.0516975,129.4816071650635,0.18407943892327228,0
1595631093.0564396,130.33519336196292,0.18407943892327228,0
1595631093.06644,132.13527747603763,0.18407943892327228,0
1595631093.0764408,133.93540450545657,0.18407943892327228,0
1595631093.0864377,135.7348448893677,0.18407943892327228,0
1595631093.0964465,137.53643104049075,0.18407943892327228,0
1595631093.1064413,139.33548518630374,0.18407943892327228,0
1595631093.116437,141.13471099349368,0.18407943892327228,0
1595631093.1264386,142.93500968428958,0.18407943892327228,0
1595631093.1364357,144.73449298354495,0.18407943892327228,0
1595631093.1464486,146.53680869552005,0.18407943892327228,0
1595631093.156448,148.33667823287357,0.18407943892327228,0
1595631093.1664348,150.1343161723267,0.18407943892327228,0
1595631093.1764424,151.93568774672855,0.18407943892327228,0
1595631093.1864471,153.73654433699954,0.18407943892327228,0
1595631093.1964383,155.53495475264896,0.18407943892327228,0
1595631093.2064493,157.33692714187015,0.18407943892327228,0
1595631093.2164469,159.136496271814,0.18407943892327228,0
1595631093.2264426,160.93572207900394,0.18407943892327228,0
1595631093.2364511,162.73726531478275,0.18407943892327228,0
1595631093.24644,164.53524657698978,0.18407943892327228,0
1595631093.2564504,166.3371331355225,0.18407943892327228,0
1595631093.2664428,168.1357581278931,0.18407943892327228,0
1595631093.2764432,169.9358422419678,0.18407943892327228,0
1595631093.286444,171.73596927138675,0.18407943892327228,0
1595631093.2964513,173.53729793044437,0.18407943892327228,0
1595631093.3064454,175.33622333022464,0.18407943892327228,0
1595631093.316441,177.13544913741458,0.18407943892327228,0
1595631093.3264353,178.9344174525391,0.18407943892327228,0
1595631093.3364384,180.73497363540042,0.18407943892327228,0
1595631093.3464363,182.5345856806885,0.18407943892327228,0
1595631093.3564475,184.33660098525394,0.18407943892327228,0
1595631093.366436,186.13453933211673,0.18407943892327228,0
1595631093.3764408,187.93539592238773,0.18407943892327228,0
1595631093.3864446,189.73608085128177,0.18407943892327228,0
1595631093.396447,191.53650828811038,0.18407943892327228,0
1595631093.4064496,193.33697864028323,0.18407943892327228,0
1595631093.4164476,195.13663360091556,0.18407943892327228,0
1595631093.4264376,196.93482943984378,0.18407943892327228,0
1595631093.436443,198.7358147761475,0.18407943892327228,0
1595631093.4464426,200.53572722884525,0.18407943892327228,0
1595631093.4564476,202.33662673446048,0.18407943892327228,0
1595631093.4664452,204.13619586440433,0.18407943892327228,0
1595631093.4764514,205.93730994674075,0.18407943892327228,0
1595631093.486438,207.73490497084964,0.18407943892327228,0
1595631093.4964523,209.53747817489017,0.18407943892327228,0
1595631093.5064454,211.3362319132935,0.18407943892327228,0
1595631093.5164337,213.13412734481204,0.18407943892327228,0
1595631093.5264459,214.93631431075443,0.18407943892327228,0
1595631093.5364516,216.73734256240238,0.18407943892327228,0
1595631093.5464458,218.5363108775269,0.18407943892327228,0
1595631093.556444,220.3359658381592,0.18407943892327228,0
1595631093.5664515,222.13733741256107,0.18407943892327228,0
1595631093.5764475,223.93660613509525,0.18407943892327228,0
1595631093.58644,225.7352740428101,0.18407943892327228,0
1595631093.5964363,227.5345856806885,0.18407943892327228,0
1595631093.6064413,229.33548518630374,0.18407943892327228,0
1595631093.6164489,231.1368567607056,0.18407943892327228,0
1595631093.626436,232.93453761550296,0.18407943892327228,0
1595631093.6364462,234.73638125869144,0.18407943892327228,0
1595631093.6464458,236.5362937113892,0.18407943892327228,0
1595631093.656435,238.3343608042847,0.18407943892327228,0
1595631093.6664417,240.1355607173096,0.18407943892327228,0
1595631093.6764472,241.9365460536133,0.18407943892327228,0
1595631093.6864338,243.7341410777222,0.18407943892327228,0
1595631093.696442,245.53559848281253,0.18407943892327228,0
1595631093.7064342,247.33422347518314,0.18407943892327228,0
1595631093.7164416,249.13555213424075,0.18407943892327228,0
1595631093.726442,250.93563624831546,0.18407943892327228,0
1595631093.736435,252.73434707137454,0.18407943892327228,0
1595631093.7464516,254.53734942885745,0.18407943892327228,0
1595631093.7564497,256.3370043894898,0.18407943892327228,0
1595631093.7664466,258.1364447734009,0.18407943892327228,0
1595631093.77644,259.93524142714847,0.18407943892327228,0
1595631093.7864454,261.7362267634522,0.18407943892327228,0
1595631093.7964509,263.5372120997559,0.18407943892327228,0
1595631093.8064485,265.33678122969974,0.18407943892327228,0
1595631093.8164346,267.13429042312015,0.18407943892327228,0
1595631093.8264346,268.9342887065064,0.18407943892327228,0
1595631093.836443,270.73578902694095,0.18407943892327228,0
1595631093.8464468,272.536473955835,0.18407943892327228,0
1595631093.8564365,274.334626879419,0.18407943892327228,0
1595631093.8664382,276.1349255702149,0.18407943892327228,0
1595631093.876437,277.9347092768799,0.18407943892327228,0
1595631093.8864448,279.736123766626,0.18407943892327228,0
1595631093.8964458,281.5362937113892,0.18407943892327228,0
1595631093.9064417,283.33556243392337,0.18407943892327228,0
1595631093.916438,285.134916987146,0.18407943892327228,0
1595631093.9264517,286.93736144515384,0.18407943892327228,0
1595631093.9364471,288.73654433699954,0.18407943892327228,0
1595631093.9464438,290.53594180556644,0.18407943892327228,0
1595631093.9564514,292.3373133799683,0.18407943892327228,0
1595631093.9664333,294.1340500971924,0.18407943892327228,0
1595631093.9764445,295.93606540175784,0.18407943892327228,0
1595631093.9864426,297.73572036239017,0.18407943892327228,0
1595631093.9964452,299.536190714563,0.18407943892327228,0
1595631094.0064502,301.33709022017825,0.18407943892327228,0
1595631094.0164359,303.1345135829102,0.18407943892327228,0
1595631094.026443,304.93579932662357,0.18407943892327228,0
1595631094.0364478,306.73665591689456,0.18407943892327228,0
1595631094.0464518,308.53738376113284,0.18407943892327228,0
1595631094.0564485,310.33678122969974,0.18407943892327228,0
1595631094.066446,312.1363503596436,0.18407943892327228,0
1595631094.0764387,313.93501826735843,0.18407943892327228,0
1595631094.0864456,315.73626109572757,0.18407943892327228,0
1595631094.0964487,317.5368172785889,0.18407943892327228,0
1595631094.1064475,319.33660098525394,0.18407943892327228,0
1595631094.1164448,321.13612719985355,0.18407943892327228,0
1595631094.1264389,322.9350525996338,0.18407943892327228,0
1595631094.1364367,324.7346646449219,0.18407943892327228,0
1595631094.1464388,326.5350491664063,0.18407943892327228,0
1595631094.1564364,328.33461829635013,0.18407943892327228,0
1595631094.166441,330.1354319712769,0.18407943892327228,0
1595631094.176447,331.9365031382691,0.18407943892327228,0
1595631094.1864445,333.7360722682129,0.18407943892327228,0
1595631094.1964445,335.53607055159915,0.18407943892327228,0
1595631094.2064333,337.3340518138062,0.18407943892327228,0
1595631094.2164364,339.1346079966675,0.18407943892327228,0
1595631094.226436,340.93452044936527,0.18407943892327228,0
1595631094.2364519,342.73739406081546,0.18407943892327228,0
1595631094.246439,344.5350749156128,0.18407943892327228,0
1595631094.2564387,346.3350302836548,0.18407943892327228,0
1595631094.2664475,348.13661643477786,0.18407943892327228,0
1595631094.2764482,349.9367434641968,0.18407943892327228,0
1595631094.2864468,351.7364842555176,0.18407943892327228,0
1595631094.296438,353.534894671167,0.18407943892327228,0
1595631094.3064368,355.33467837783206,0.18407943892327228,0
1595631094.3164454,357.13622161361087,0.18407943892327228,0
1595631094.326433,358.9339882990967,0.18407943892327228,0
1595631094.3323574,360,0.18407943892327228,1
1595631094.3323574,0.1592643608742037,0.1592643608742037,0
1595631094.342365,30.468956531758522,0.1592643608742037,0
1595631094.352376,32.27092892097971,0.1592643608742037,0
1595631094.3623614,34.06830936836741,0.1592643608742037,0
1595631094.3723605,35.868135990376686,0.1592643608742037,0
1595631094.382374,37.6705804483845,0.1592643608742037,0
1595631094.3923695,39.4697633402302,0.1592643608742037,0
1595631094.4023697,41.26980453896067,0.1592643608742037,0
1595631094.4123747,43.070704044575905,0.1592643608742037,0
1595631094.4223626,44.86851364540598,0.1592643608742037,0
1595631094.4323692,46.669713558430885,0.1592643608742037,0
1595631094.4423652,48.468982280965065,0.1592643608742037,0
1595631094.4523735,50.270482601399635,0.1592643608742037,0
1595631094.4623642,52.06880718636057,0.1592643608742037,0
1595631094.4723618,53.86837631630442,0.1592643608742037,0
1595631094.4823735,55.67047745155833,0.1592643608742037,0
1595631094.4923725,57.470304073567604,0.1592643608742037,0
1595631094.5023732,59.27043110298655,0.1592643608742037,0
1595631094.512363,61.068584026570534,0.1592643608742037,0
1595631094.5223596,62.86798149513743,0.1592643608742037,0
1595631094.5323677,64.66943890022776,0.1592643608742037,0
1595631094.542359,66.46789223122141,0.1592643608742037,0
1595631094.552369,68.26969295906565,0.1592643608742037,0
1595631094.5623744,70.07063538002512,0.1592643608742037,0
1595631094.572362,71.86840206551096,0.1592643608742037,0
1595631094.5823736,73.67050320076487,0.1592643608742037,0
1595631094.5923576,75.46762615608714,0.1592643608742037,0
1595631094.6023588,77.26783901619456,0.1592643608742037,0
1595631094.612364,79.06878143715403,0.1592643608742037,0
1595631094.6223698,80.86980968880198,0.1592643608742037,0
1595631094.6323738,82.67053753304026,0.1592643608742037,0
1595631094.642369,84.46967750954173,0.1592643608742037,0
1595631094.652367,86.26933247017405,0.1592643608742037,0
1595631094.6623702,88.06988865303538,0.1592643608742037,0
1595631094.6723614,89.86829906868479,0.1592643608742037,0
1595631094.6823628,91.66855484413645,0.1592643608742037,0
1595631094.6923606,93.46816688942454,0.1592643608742037,0
1595631094.702373,95.27039677071116,0.1592643608742037,0
1595631094.7123659,97.06910759377024,0.1592643608742037,0
1595631094.7223706,98.86996418404124,0.1592643608742037,0
1595631094.7243006,99.21736389565012,0.1592643608742037,0
1595631094.7243006,99.21736389565012,0.1592643608742037,0
1595631094.7323747,100.67069202827952,0.1592643608742037,0
1595631094.7423704,102.46991783546946,0.1592643608742037,0
1595631094.7523699,104.26983028816721,0.1592643608742037,0
1595631094.7623696,106.0697856562092,0.1592643608742037,0
1595631094.7723737,107.87051350044749,0.1592643608742037,0
1595631094.7823606,109.66815143990061,0.1592643608742037,0
1595631094.7923717,111.47016674446604,0.1592643608742037,0
1595631094.8023698,113.26982170509837,0.1592643608742037,0
1595631094.8123665,115.06921917366526,0.1592643608742037,0
1595631094.8223748,116.87071949409983,0.1592643608742037,0
1595631094.8323674,118.66938740181467,0.1592643608742037,0
1595631094.8423595,120.46796947884104,0.1592643608742037,0
1595631094.852369,122.2696843759968,0.1592643608742037,0
1595631094.8623674,124.06938225197337,0.1592643608742037,0
1595631094.872362,125.86839348244212,0.1592643608742037,0
1595631094.8823733,127.67045170235178,0.1592643608742037,0
1595631094.892359,129.46787506508372,0.1592643608742037,0
1595631094.902358,131.267701687093,0.1592643608742037,0
1595631094.9123683,133.06954533028147,0.1592643608742037,0
1595631094.9223692,134.86971527504465,0.1592643608742037,0
1595631094.9323695,136.66975647377512,0.1592643608742037,0
1595631094.942364,138.46876770424387,0.1592643608742037,0
1595631094.9523716,140.27013927864573,0.1592643608742037,0
1595631094.9623706,142.069965900655,0.1592643608742037,0
1595631094.9723673,143.8693633692219,0.1592643608742037,0
1595631094.9823575,145.66760212349436,0.1592643608742037,0
1595631094.9923732,147.47043281960032,0.1592643608742037,0
1595631095.0023642,149.2688003199055,0.1592643608742037,0
1595631095.012366,151.06914192604563,0.1592643608742037,0
1595631095.0223653,152.86901146339915,0.1592643608742037,0
1595631095.0323591,154.66789394783518,0.1592643608742037,0
1595631095.0423748,156.47072464394114,0.1592643608742037,0
1595631095.0523593,158.26793342995188,0.1592643608742037,0
1595631095.062375,160.07076412605784,0.1592643608742037,0
1595631095.0723622,161.8684449808552,0.1592643608742037,0
1595631095.0823705,163.66994530128977,0.1592643608742037,0
1595631095.0923748,165.4707160608723,0.1592643608742037,0
1595631095.1023672,167.2693410532429,0.1592643608742037,0
1595631095.11237,169.06985432076,0.1592643608742037,0
1595631095.1223748,170.87071091103098,0.1592643608742037,0
1595631095.1323605,172.66813427376292,0.1592643608742037,0
1595631095.1423695,174.4697633402302,0.1592643608742037,0
1595631095.1523697,176.26980453896067,0.1592643608742037,0
1595631095.1623702,178.06988865303538,0.1592643608742037,0
1595631095.1723745,179.8706594126179,0.1592643608742037,0
1595631095.1823595,181.66795402931712,0.1592643608742037,0
1595631095.1923647,183.4688964502766,0.1592643608742037,0
1595631095.2023625,185.26850849556467,0.1592643608742037,0
1595631095.2123702,187.06988006996653,0.1592643608742037,0
1595631095.2223577,188.86764675545237,0.1592643608742037,0
1595631095.232372,190.6702199594929,0.1592643608742037,0
1595631095.2423606,192.4681583063557,0.1592643608742037,0
1595631095.2523718,194.27017361092112,0.1592643608742037,0
1595631095.2623684,196.06957107948801,0.1592643608742037,0
1595631095.2723653,197.86901146339915,0.1592643608742037,0
1595631095.282374,199.67055469917796,0.1592643608742037,0
1595631095.2923727,201.470338405843,0.1592643608742037,0
1595631095.3023603,203.26810509132883,0.1592643608742037,0
1595631095.3123722,205.07024914192698,0.1592643608742037,0
1595631095.322357,206.86750084328196,0.1592643608742037,0
1595631095.3323638,208.6687436716511,0.1592643608742037,0
1595631095.3423696,210.46977192329905,0.1592643608742037,0
1595631095.352371,212.2700276987507,0.1592643608742037,0
1595631095.3623621,214.06843811440012,0.1592643608742037,0
1595631095.3723752,215.87079674171946,0.1592643608742037,0
1595631095.3823736,217.67049461769602,0.1592643608742037,0
1595631095.392358,219.46770340370676,0.1592643608742037,0
1595631095.4023643,221.2688174860432,0.1592643608742037,0
1595631095.4123604,223.0681291239216,0.1592643608742037,0
1595631095.422363,224.86859947609446,0.1592643608742037,0
1595631095.4323618,226.6683831827595,0.1592643608742037,0
1595631095.4423604,228.4681239740803,0.1592643608742037,0
1595631095.4523702,230.2698817865803,0.1592643608742037,0
1595631095.4623592,232.06790596413157,0.1592643608742037,0
1595631095.472367,233.86932045387766,0.1592643608742037,0
1595631095.482374,235.6705632822468,0.1592643608742037,0
1595631095.4923663,237.4691882746174,0.1592643608742037,0
1595631095.5023592,239.2678990976765,0.1592643608742037,0
1595631095.5123653,241.06901318001292,0.1592643608742037,0
1595631095.5223582,242.867724003072,0.1592643608742037,0
1595631095.5323691,244.6696963922932,0.1592643608742037,0
1595631095.5423717,246.47016674446604,0.1592643608742037,0
1595631095.5523698,248.26982170509837,0.1592643608742037,0
1595631095.5623715,250.07012039589426,0.1592643608742037,0
1595631095.5723712,251.87007576393626,0.1592643608742037,0
1595631095.582365,253.6689582483723,0.1592643608742037,0
1595631095.592361,255.46822697090647,0.1592643608742037,0
1595631095.6023705,257.26994186806223,0.1592643608742037,0
1595631095.6123667,259.06925350594065,0.1592643608742037,0
1595631095.6223588,260.867835582967,0.1592643608742037,0
1595631095.6323717,262.6701512949421,0.1592643608742037,0
1595631095.6423645,264.4688621180012,0.1592643608742037,0
1595631095.6523695,266.26976162361643,0.1592643608742037,0
1595631095.662361,268.0682149546101,0.1592643608742037,0
1595631095.6723742,269.87061649727366,0.1592643608742037,0
1595631095.682365,271.6689410822346,0.1592643608742037,0
1595631095.6923747,273.4706988947346,0.1592643608742037,0
1595631095.702374,275.2705684320881,0.1592643608742037,0
1595631095.7123632,277.0686355249836,0.1592643608742037,0
1595631095.7223644,278.86884838509104,0.1592643608742037,0
1595631095.7323616,280.6683316843464,0.1592643608742037,0
1595631095.7423637,282.4687162058308,0.1592643608742037,0
1595631095.752358,284.2676845209553,0.1592643608742037,0
1595631095.7623568,286.06746822762034,0.1592643608742037,0
1595631095.7723646,287.86888271736643,0.1592643608742037,0
1595631095.7823653,289.6690097467854,0.1592643608742037,0
1595631095.79237,291.4698663370564,0.1592643608742037,0
1595631095.8023634,293.26866299080393,0.1592643608742037,0
1595631095.8123674,295.0693908350422,0.1592643608742037,0
1595631095.8223703,296.8699041025593,0.1592643608742037,0
1595631095.8323605,298.66814285683176,0.1592643608742037,0
1595631095.8423653,300.46899944710276,0.1592643608742037,0
1595631095.8523734,302.2704568521931,0.1592643608742037,0
1595631095.8623657,304.0690818445637,0.1592643608742037,0
1595631095.8723707,305.86998135017893,0.1592643608742037,0
1595631095.8823576,307.66761928963206,0.1592643608742037,0
1595631095.8923578,309.4676604883625,0.1592643608742037,0
1595631095.902367,311.26933247017405,0.1592643608742037,0
1595631095.9123695,313.06975990700266,0.1592643608742037,0
1595631095.9223661,314.86915737556956,0.1592643608742037,0
1595631095.9323661,316.6691556589558,0.1592643608742037,0
1595631095.942369,318.4696689264729,0.1592643608742037,0
1595631095.9523714,320.2700963633015,0.1592643608742037,0
1595631095.9623673,322.06936508583567,0.1592643608742037,0
1595631095.9723577,323.86764675545237,0.1592643608742037,0
1595631095.9823606,325.66816002296946,0.1592643608742037,0
1595631095.9923656,327.4690595285847,0.1592643608742037,0
1595631096.002366,329.2691436426594,0.1592643608742037,0
1595631096.0123608,331.0681977884724,0.1592643608742037,0
1595631096.0223737,332.8705135004475,0.1592643608742037,0
1595631096.0323737,334.6705117838337,0.1592643608742037,0
1595631096.0423613,336.46827846931956,0.1592643608742037,0
1595631096.0523736,338.2705083506062,0.1592643608742037,0
1595631096.0623698,340.0698199884846,0.1592643608742037,0
1595631096.0723646,341.8688741342976,0.1592643608742037,0
1595631096.0823743,343.6706319467976,0.1592643608742037,0
1595631096.0923724,345.4702869074299,0.1592643608742037,0
1595631096.1023655,347.26904064583323,0.1592643608742037,0
1595631096.1123638,349.0687385218098,0.1592643608742037,0
1595631096.1223722,350.87023884224436,0.1592643608742037,0
1595631096.1323733,352.6704517023518,0.1592643608742037,0
1595631096.1423662,354.46916252541087,0.1592643608742037,0
1595631096.152364,356.26877457069895,0.1592643608742037,0
1595631096.1623619,358.06838661598704,0.1592643608742037,0
1595631096.1723702,359.8698869364216,0.1592643608742037,0
1595631096.1730955,360,0.1592643608742037,1
1595631096.1730955,0.12203887791043433,0.12203887791043433,0
1595631096.1830978,23.767425460706793,0.12203887791043433,0
1595631096.1931057,25.568839950452887,0.12203887791043433,0
1595631096.2030995,27.367722434888922,0.12203887791043433,0
1595631096.2131097,29.1695660780774,0.12203887791043433,0
1595631096.223109,30.969435615430914,0.12203887791043433,0
1595631096.2331014,32.768060607801516,0.12203887791043433,0
1595631096.2431042,34.568573875318606,0.12203887791043433,0
1595631096.2531016,36.368100089918215,0.12203887791043433,0
1595631096.2631013,38.16805545796021,0.12203887791043433,0
1595631096.2731056,39.96882621754273,0.12203887791043433,0
1595631096.2830985,41.76753704060181,0.12203887791043433,0
1595631096.2930999,43.56779281605347,0.12203887791043433,0
1595631096.3031032,45.368391914259036,0.12203887791043433,0
1595631096.3131092,47.16946308125122,0.12203887791043433,0
1595631096.3231037,48.96847431171997,0.12203887791043433,0
1595631096.3331034,50.768429679761965,0.12203887791043433,0
1595631096.3431046,52.56864253986939,0.12203887791043433,0
1595631096.3531005,54.36791126240357,0.12203887791043433,0
1595631096.363106,56.16889659870728,0.12203887791043433,0
1595631096.3656626,56.62907783497437,0.12203887791043433,0
1595631096.3656626,56.62907783497437,0.12203887791043433,0
1595631096.3731058,57.96885196674927,0.12203887791043433,0
1595631096.3830998,59.76777736652954,0.12203887791043433,0
1595631096.393109,61.56944934834107,0.12203887791043433,0
1595631096.4031029,63.3683318327771,0.12203887791043433,0
1595631096.4131012,65.16802970875366,0.12203887791043433,0
1595631096.4231062,66.9689292143689,0.12203887791043433,0
1595631096.4331017,68.7681121062146,0.12203887791043433,0
1595631096.443108,70.56926910389527,0.12203887791043433,0
1595631096.4531114,72.36986820210083,0.12203887791043433,0
1595631096.4630995,74.16772071827515,0.12203887791043433,0
1595631096.4730978,75.96741859425171,0.12203887791043433,0
1595631096.4830973,77.76733104694947,0.12203887791043433,0
1595631096.493098,79.56745807636841,0.12203887791043433,0
1595631096.503097,81.36728469837769,0.12203887791043433,0
1595631096.5131137,83.1702870558606,0.12203887791043433,0
1595631096.5231094,84.96951286305054,0.12203887791043433,0
1595631096.533104,86.76852409351929,0.12203887791043433,0
1595631096.5431023,88.56822196949585,0.12203887791043433,0
1595631096.5530956,90.36701862324341,0.12203887791043433,0
1595631096.5630991,92.16766063679322,0.12203887791043433,0
1595631096.5731063,93.9689463805066,0.12203887791043433,0
1595631096.5831,95.76782886494263,0.12203887791043433,0
1595631096.5930967,97.56722633350952,0.12203887791043433,0
1595631096.603107,99.369069976698,0.12203887791043433,0
1595631096.6131048,101.16868202198609,0.12203887791043433,0
1595631096.6231022,102.9682082365857,0.12203887791043433,0
1595631096.633112,104.7699660490857,0.12203887791043433,0
1595631096.6430986,106.56756107319458,0.12203887791043433,0
1595631096.6531026,108.36828891743286,0.12203887791043433,0
1595631096.6630971,110.16730014790161,0.12203887791043433,0
1595631096.6730955,111.96699802387818,0.12203887791043433,0
1595631096.6830997,113.7677687834607,0.12203887791043433,0
1595631096.6931026,115.56828205097779,0.12203887791043433,0
1595631096.703107,117.36909572590454,0.12203887791043433,0
1595631096.713109,119.16943733204468,0.12203887791043433,0
1595631096.7231047,120.96866313923462,0.12203887791043433,0
1595631096.7331085,122.76934806812866,0.12203887791043433,0
1595631096.7430975,124.56737224567993,0.12203887791043433,0
1595631096.7531118,126.36994544972046,0.12203887791043433,0
1595631096.7630997,128.16775505055054,0.12203887791043433,0
1595631096.7730954,129.96698085774048,0.12203887791043433,0
1595631096.7831008,131.7679661940442,0.12203887791043433,0
1595631096.793106,133.56890861500366,0.12203887791043433,0
1595631096.8031094,135.36950771320923,0.12203887791043433,0
1595631096.8131037,137.16847602833374,0.12203887791043433,0
1595631096.8231015,138.96808807362183,0.12203887791043433,0
1595631096.8330972,140.76731388081177,0.12203887791043433,0
1595631096.8431106,142.56971542347534,0.12203887791043433,0
1595631096.853113,144.37014286030396,0.12203887791043433,0
1595631096.8631017,146.168124122511,0.12203887791043433,0
1595631096.8730993,147.96769325245484,0.12203887791043433,0
1595631096.8831131,149.7701806258069,0.12203887791043433,0
1595631096.8931048,151.56867687214478,0.12203887791043433,0
1595631096.9031076,153.36919013966187,0.12203887791043433,0
1595631096.9130986,155.16755763996704,0.12203887791043433,0
1595631096.9230955,156.96699802387818,0.12203887791043433,0
1595631096.9330952,158.76695339192017,0.12203887791043433,0
1595631096.943105,160.56871120442017,0.12203887791043433,0
1595631096.9531007,162.3679370116101,0.12203887791043433,0
1595631096.963113,164.17016689289673,0.12203887791043433,0
1595631096.9730947,165.9668606947766,0.12203887791043433,0
1595631096.9831061,167.76891891468628,0.12203887791043433,0
1595631096.9931083,169.56930343617066,0.12203887791043433,0
1595631097.0031114,171.36985961903198,0.12203887791043433,0
1595631097.0131032,173.1683987807141,0.12203887791043433,0
1595631097.0231133,174.97019950855835,0.12203887791043433,0
1595631097.0331006,176.76792327869995,0.12203887791043433,0
1595631097.043101,178.56800739277466,0.12203887791043433,0
1595631097.0531037,180.36847774494754,0.12203887791043433,0
1595631097.0631063,182.1689480971204,0.12203887791043433,0
1595631097.0730977,183.96740142811404,0.12203887791043433,0
1595631097.0831082,185.76928798664676,0.12203887791043433,0
1595631097.093113,187.57014457691776,0.12203887791043433,0
1595631097.103111,189.36979953755008,0.12203887791043433,0
1595631097.1131039,191.16851036060916,0.12203887791043433,0
1595631097.1231005,192.96790782917606,0.12203887791043433,0
1595631097.1331084,194.76932231892215,0.12203887791043433,0
1595631097.1431124,196.57005016316043,0.12203887791043433,0
1595631097.1531022,198.36820308674442,0.12203887791043433,0
1595631097.1631038,200.1685017775403,0.12203887791043433,0
1595631097.1730964,201.96716968525516,0.12203887791043433,0
1595631097.1831043,203.76858417500125,0.12203887791043433,0
1595631097.1931036,205.56845371235477,0.12203887791043433,0
1595631097.2031083,207.36931030262576,0.12203887791043433,0
1595631097.2131107,209.16973773945438,0.12203887791043433,0
1595631097.223109,210.96943561543094,0.12203887791043433,0
1595631097.2331119,212.76994888294803,0.12203887791043433,0
1595631097.2431052,214.5687455366956,0.12203887791043433,0
1595631097.2531018,216.36814300526248,0.12203887791043433,0
1595631097.263097,218.16728298176395,0.12203887791043433,0
1595631097.273109,219.9694270323621,0.12203887791043433,0
1595631097.2830997,221.76775161732303,0.12203887791043433,0
1595631097.2931101,223.56963817585574,0.12203887791043433,0
1595631097.3031118,225.36993686665164,0.12203887791043433,0
1595631097.3131123,227.17002098072635,0.12203887791043433,0
1595631097.32311,228.96963302601444,0.12203887791043433,0
1595631097.3330946,230.76684181202518,0.12203887791043433,0
1595631097.3431015,232.56808464039432,0.12203887791043433,0
1595631097.3531034,234.36842624653445,0.12203887791043433,0
1595631097.363103,236.1683386992322,0.12203887791043433,0
1595631097.3731048,237.96868030537235,0.12203887791043433,0
1595631097.3831053,239.76876441944705,0.12203887791043433,0
1595631097.3930943,241.56678859699832,0.12203887791043433,0
1595631097.4030943,243.36678688038455,0.12203887791043433,0
1595631097.4131043,245.1685876082288,0.12203887791043433,0
1595631097.4230962,246.96712676991092,0.12203887791043433,0
1595631097.4330978,248.76742546070682,0.12203887791043433,0
1595631097.4431064,250.56896869648563,0.12203887791043433,0
1595631097.4531121,252.36999694813358,0.12203887791043433,0
1595631097.463103,254.16836444843875,0.12203887791043433,0
1595631097.4731016,255.96810523975955,0.12203887791043433,0
1595631097.4831054,257.7687901686536,0.12203887791043433,0
1595631097.4931092,259.56947509754764,0.12203887791043433,0
1595631097.503112,261.3699883650647,0.12203887791043433,0
1595631097.5130942,263.1667679976331,0.12203887791043433,0
1595631097.523096,264.9671096037732,0.12203887791043433,0
1595631097.5331008,266.7679661940442,0.12203887791043433,0
1595631097.5430958,268.56706325520145,0.12203887791043433,0
1595631097.5530965,270.3671902846204,0.12203887791043433,0
1595631097.5631025,272.1682614516126,0.12203887791043433,0
1595631097.5731065,273.96898929585086,0.12203887791043433,0
1595631097.583109,275.7694167326795,0.12203887791043433,0
1595631097.5930974,277.56735507954227,0.12203887791043433,0
1595631097.603107,279.36906997669803,0.12203887791043433,0
1595631097.613099,281.1676520537244,0.12203887791043433,0
1595631097.6231058,282.9688519667493,0.12203887791043433,0
1595631097.63311,284.7696227263318,0.12203887791043433,0
1595631097.6431024,286.5682477187024,0.12203887791043433,0
1595631097.6530974,288.36734477985965,0.12203887791043433,0
1595631097.6630955,290.166999740492,0.12203887791043433,0
1595631097.6731055,291.9688004683362,0.12203887791043433,0
1595631097.6831033,293.7684125136243,0.12203887791043433,0
1595631097.6931107,295.5697411726819,0.12203887791043433,0
1595631097.7030995,297.36772243488895,0.12203887791043433,0
1595631097.713102,299.1681927870618,0.12203887791043433,0
1595631097.7231007,300.9679335783826,0.12203887791043433,0
1595631097.7331126,302.77007762898074,0.12203887791043433,0
1595631097.7430966,304.567200584303,0.12203887791043433,0
1595631097.7530942,306.36676971424686,0.12203887791043433,0
1595631097.763105,308.1686991881238,0.12203887791043433,0
1595631097.7730956,309.96702377308475,0.12203887791043433,0
1595631097.7831008,311.7679661940442,0.12203887791043433,0
1595631097.7931094,313.56950942982303,0.12203887791043433,0
1595631097.8031068,315.36903564442264,0.12203887791043433,0
1595631097.8131037,317.16847602833377,0.12203887791043433,0
1595631097.8231003,318.96787349690067,0.12203887791043433,0
1595631097.8331106,320.76971714008914,0.12203887791043433,0
1595631097.843102,322.5681704710828,0.12203887791043433,0
1595631097.8531065,324.36898414600955,0.12203887791043433,0
1595631097.8630989,326.16760913838016,0.12203887791043433,0
1595631097.8731122,327.97001068104373,0.12203887791043433,0
1595631097.8831086,329.7693652342664,0.12203887791043433,0
1595631097.8931012,331.56803314198123,0.12203887791043433,0
1595631097.9031098,333.36957637776004,0.12203887791043433,0
1595631097.9131033,335.16841594685184,0.12203887791043433,0
1595631097.9230993,336.967684669386,0.12203887791043433,0
1595631097.9331102,338.7696570586072,0.12203887791043433,0
1595631097.9431021,340.56819622028934,0.12203887791043433,0
1595631097.9530988,342.36759368885623,0.12203887791043433,0
1595631097.96203,343.97520248402225,0.12203887791043433,0
1595631097.96203,343.97520248402225,0.12203887791043433,0
1595631097.9631038,344.16849319447147,0.12203887791043433,0
1595631097.9731057,345.9688348006116,0.12203887791043433,0
1595631097.9830945,347.76681606281863,0.12203887791043433,0
1595631097.9930947,349.5668572615491,0.12203887791043433,0
1595631098.0031064,351.368958396803,0.12203887791043433,0
1595631098.0131059,353.16887084950076,0.12203887791043433,0
1595631098.0231018,354.96813957203494,0.12203887791043433,0
1595631098.0330968,356.76723663319217,0.12203887791043433,0
1595631098.0430987,358.5675782393323,0.12203887791043433,0
1595631098.0510733,360,0.12203887791043433,1
1595631098.0510733,0.4927494032966426,0.4927494032966426,0
1595631098.0610802,90.49613542176482,0.4927494032966426,0
1595631098.0710847,92.29694909669158,0.4927494032966426,0
1595631098.0810742,94.09505910493132,0.4927494032966426,0
1595631098.0910738,95.89497155762908,0.4927494032966426,0
1595631098.101081,97.69625730134246,0.4927494032966426,0
1595631098.11109,99.49788636780974,0.4927494032966426,0
1595631098.1210918,101.29822797394988,0.4927494032966426,0
1595631098.131077,103.09556550599333,0.4927494032966426,0
1595631098.1410773,104.8956067047238,0.4927494032966426,0
1595631098.1510868,106.69732160187957,0.4927494032966426,0
1595631098.1610773,108.49560327149626,0.4927494032966426,0
1595631098.171075,110.29521531678435,0.4927494032966426,0
1595631098.1810791,112.09594316102263,0.4927494032966426,0
1595631098.1910837,113.89675683594939,0.4927494032966426,0
1595631098.201076,115.69538182832,0.4927494032966426,0
1595631098.2110808,117.49623841859099,0.4927494032966426,0
1595631098.221089,119.29769582368132,0.4927494032966426,0
1595631098.2310827,121.09657830811736,0.4927494032966426,0
1595631098.2410805,122.89619035340544,0.4927494032966426,0
1595631098.251079,124.69593114472625,0.4927494032966426,0
1595631098.2610843,126.49687356568572,0.4927494032966426,0
1595631098.2710838,128.29678601838347,0.4927494032966426,0
1595631098.2810874,130.09742803193328,0.4927494032966426,0
1595631098.2910852,131.89704007722136,0.4927494032966426,0
1595631098.3010743,133.69506425477263,0.4927494032966426,0
1595631098.3110833,135.49669332123992,0.4927494032966426,0
1595631098.3210738,137.29497499085662,0.4927494032966426,0
1595631098.3310866,139.0972907028317,0.4927494032966426,0
1595631098.3410735,140.89492864228484,0.4927494032966426,0
1595631098.3510804,142.69617147065398,0.4927494032966426,0
1595631098.3610857,144.49711389161345,0.4927494032966426,0
1595631098.371088,146.29754132844207,0.4927494032966426,0
1595631098.3810742,148.09505052186248,0.4927494032966426,0
1595631098.3910835,149.896722503674,0.4927494032966426,0
1595631098.4010818,151.69642037965056,0.4927494032966426,0
1595631098.4110866,153.49727696992156,0.4927494032966426,0
1595631098.4210835,155.2967173538327,0.4927494032966426,0
1595631098.4310853,157.09705895997283,0.4927494032966426,0
1595631098.4410825,158.8965422592282,0.4927494032966426,0
1595631098.4510732,160.69486684418914,0.4927494032966426,0
1595631098.4610841,162.49683923341033,0.4927494032966426,0
1595631098.4710793,164.2959792099118,0.4927494032966426,0
1595631098.4810736,166.0949475250363,0.4927494032966426,0
1595631098.491076,167.89537496186492,0.4927494032966426,0
1595631098.5010738,169.694987007153,0.4927494032966426,0
1595631098.5110815,171.49635858155486,0.4927494032966426,0
1595631098.521075,173.29519815064666,0.4927494032966426,0
1595631098.5310876,175.09747094727751,0.4927494032966426,0
1595631098.5410776,176.89566678620574,0.4927494032966426,0
1595631098.5510786,178.69583673096892,0.4927494032966426,0
1595631098.5610914,180.49815244294402,0.4927494032966426,0
1595631098.5710764,182.29544705964324,0.4927494032966426,0
1595631098.581091,184.098063179028,0.4927494032966426,0
1595631098.5910864,185.8972460708737,0.4927494032966426,0
1595631098.6010897,187.69784516907927,0.4927494032966426,0
1595631098.6110854,189.4970709762692,0.4927494032966426,0
1595631098.62108,191.29608220673796,0.4927494032966426,0
1595631098.6310775,193.0956513366818,0.4927494032966426,0
1595631098.6410823,194.8965079269528,0.4927494032966426,0
1595631098.6510794,196.69599122620818,0.4927494032966426,0
1595631098.661073,198.49483079529998,0.4927494032966426,0
1595631098.6710873,200.2974039993405,0.4927494032966426,0
1595631098.6810737,202.09495610810515,0.4927494032966426,0
1595631098.691091,203.89808721162078,0.4927494032966426,0
1595631098.7010884,205.69761342622039,0.4927494032966426,0
1595631098.7110815,207.4963671646237,0.4927494032966426,0
1595631098.721076,209.29537839509246,0.4927494032966426,0
1595631098.7310848,211.0969645462155,0.4927494032966426,0
1595631098.7410817,212.89640493012664,0.4927494032966426,0
1595631098.7510786,214.69584531403777,0.4927494032966426,0
1595631098.7610757,216.49532861329314,0.4927494032966426,0
1595631098.771079,218.2959277114987,0.4927494032966426,0
1595631098.7810771,220.09558267213103,0.4927494032966426,0
1595631098.791089,221.89772672272917,0.4927494032966426,0
1595631098.8010795,223.69600839234587,0.4927494032966426,0
1595631098.8110864,225.49725122071501,0.4927494032966426,0
1595631098.8210788,227.29587621308562,0.4927494032966426,0
1595631098.83109,229.09789151765105,0.4927494032966426,0
1595631098.8410778,230.89570111848113,0.4927494032966426,0
1595631098.8510866,232.69728726960417,0.4927494032966426,0
1595631098.861083,234.49664182282683,0.4927494032966426,0
1595631098.8710802,236.2961251220822,0.4927494032966426,0
1595631098.8810842,238.09685296632048,0.4927494032966426,0
1595631098.8910804,239.8961646041989,0.4927494032966426,0
1595631098.9010837,241.69676370240447,0.4927494032966426,0
1595631098.911078,243.49573201752898,0.4927494032966426,0
1595631098.9210794,245.29598779298064,0.4927494032966426,0
1595631098.9310856,247.09710187531707,0.4927494032966426,0
1595631098.941076,248.89538354493376,0.4927494032966426,0
1595631098.9510822,250.6964976272702,0.4927494032966426,0
1595631098.9610848,252.49696797944304,0.4927494032966426,0
1595631098.97109,254.29791040040251,0.4927494032966426,0
1595631098.981083,256.09662122346157,0.4927494032966426,0
1595631098.991083,257.8966195068478,0.4927494032966426,0
1595631099.001082,259.6964461288571,0.4927494032966426,0
1595631099.0110724,261.4947277984738,0.4927494032966426,0
1595631099.0210779,263.2957131347775,0.4927494032966426,0
1595631099.0310783,265.0957972488522,0.4927494032966426,0
1595631099.0410862,266.8972117385983,0.4927494032966426,0
1595631099.0510902,268.69793958283657,0.4927494032966426,0
1595631099.0610905,270.49798078156704,0.4927494032966426,0
1595631099.0710843,272.2968632660031,0.4927494032966426,0
1595631099.0810895,274.09780568696254,0.4927494032966426,0
1595631099.091073,275.89484281159633,0.4927494032966426,0
1595631099.1010778,277.69569940186733,0.4927494032966426,0
1595631099.111084,279.49681348420376,0.4927494032966426,0
1595631099.1210897,281.2978417358517,0.4927494032966426,0
1595631099.131074,283.0950076065182,0.4927494032966426,0
1595631099.1410885,284.897623725903,0.4927494032966426,0
1595631099.15108,286.6960770568966,0.4927494032966426,0
1595631099.1610732,288.4948737106442,0.4927494032966426,0
1595631099.1710815,290.29637403107876,0.4927494032966426,0
1595631099.1810722,292.0946986160397,0.4927494032966426,0
1595631099.1910775,293.89564103699917,0.4927494032966426,0
1595631099.2010772,295.69559640504116,0.4927494032966426,0
1595631099.2110746,297.49512261964077,0.4927494032966426,0
1595631099.2210903,299.2979533157467,0.4927494032966426,0
1595631099.2310824,301.0965353927731,0.4927494032966426,0
1595631099.2410772,302.8955895385861,0.4927494032966426,0
1595631099.2510772,304.6955878219723,0.4927494032966426,0
1595631099.2610898,306.49786061860317,0.4927494032966426,0
1595631099.2710834,308.29670018769497,0.4927494032966426,0
1595631099.2810874,310.09742803193325,0.4927494032966426,0
1595631099.2910855,311.8970829925656,0.4927494032966426,0
1595631099.301087,313.69733876801723,0.4927494032966426,0
1595631099.3110795,315.4960066757321,0.4927494032966426,0
1595631099.321073,317.2948462448239,0.4927494032966426,0
1595631099.3310766,319.0954882583737,0.4927494032966426,0
1595631099.3410854,320.8970744094967,0.4927494032966426,0
1595631099.3510773,322.69561357117885,0.4927494032966426,0
1595631099.3610752,324.49522561646694,0.4927494032966426,0
1595631099.3710804,326.2961680374264,0.4927494032966426,0
1595631099.3810856,328.0971104583859,0.4927494032966426,0
1595631099.3910902,329.89792413331264,0.4927494032966426,0
1595631099.4010894,331.69779367066616,0.4927494032966426,0
1595631099.4110827,333.4965903244137,0.4927494032966426,0
1595631099.421075,335.2952153167843,0.4927494032966426,0
1595631099.4310725,337.09474153138393,0.4927494032966426,0
1595631099.4410896,338.8978297195553,0.4927494032966426,0
1595631099.4510784,340.69581098176235,0.4927494032966426,0
1595631099.4610848,342.496967979443,0.4927494032966426,0
1595631099.4710736,344.29494924165004,0.4927494032966426,0
1595631099.4810796,346.09602040864223,0.4927494032966426,0
1595631099.4910748,347.8951603851437,0.4927494032966426,0
1595631099.5010724,349.69472951508754,0.4927494032966426,0
1595631099.5110888,351.4976889572262,0.4927494032966426,0
1595631099.5210738,353.29498357392544,0.4927494032966426,0
1595631099.5310795,355.0960118255734,0.4927494032966426,0
1595631099.5410872,356.89738339997524,0.4927494032966426,0
1595631099.551078,358.6957509002804,0.4927494032966426,0
1595631099.558337,360,0.4927494032966426,1
1595631099.558337,0,0,0
1595631099.5683558,1.8033885955810547,0,0
1595631099.5783544,3.6031293869018555,0,0
1595631099.5883403,5.400595664978027,0,0
1595631099.5983438,7.201237678527832,0,0
1595631099.6083505,9.002437591552734,0,0
1595631099.6183548,10.803208351135254,0,0
1595631099.6283386,12.600288391113281,0,0
1595631099.6383479,14.401960372924805,0,0
1595631099.6483521,16.202731132507324,0,0
1595631099.6583424,18.000969886779785,0,0
1595631099.6683369,19.799981117248535,0,0
1595631099.6783435,21.601181030273438,0,0
1595631099.6883476,23.40190887451172,0,0
1595631099.6983492,25.202207565307617,0,0
1595631099.7083414,27.000789642333984,0,0
1595631099.7183414,28.800787925720215,0,0
1595631099.728356,30.60340404510498,0,0
1595631099.7383423,32.40095615386963,0,0
1595631099.7483516,34.20262813568115,0,0
1595631099.7583394,36.00043773651123,0,0
1595631099.7683415,37.800822257995605,0,0
1595631099.7783427,39.60103511810303,0,0
1595631099.7883396,41.40047550201416,0,0
1595631099.798342,43.20090293884277,0,0
1595631099.808348,45.00197410583496,0,0
1595631099.8183532,46.802916526794434,0,0
1595631099.8283384,48.60025405883789,0,0
1595631099.838337,50.39999485015869,0,0
1595631099.8483484,52.20205307006836,0,0
1595631099.8583424,54.00097846984863,0,0
1595631099.8683438,55.80123424530029,0,0
1595631099.8783383,57.60024547576904,0,0
1595631099.888337,59.399986267089844,0,0
1595631099.898343,61.20110034942627,0,0
1595631099.9083388,63.00032615661621,0,0
1595631099.9183393,64.80041027069092,0,0
1595631099.9283442,66.60130977630615,0,0
1595631099.938355,68.4032392501831,0,0
1595631099.948355,70.20323753356934,0,0
1595631099.9583514,72.00259208679199,0,0
1595631099.9621115,72.67940998077393,0,0
1595631099.9621115,72.67940998077393,0,0
1595631099.9683404,73.80061626434326,0,0
1595631099.978354,75.60306072235107,0,0
1595631099.9883418,77.40087032318115,0,0
1595631099.9983497,79.20228481292725,0,0
1595631100.0083497,81.00228309631348,0,0
1595631100.0183444,82.80133724212646,0,0
1595631100.0283515,84.60262298583984,0,0
1595631100.038354,86.40305042266846,0,0
1595631100.0483496,88.2022762298584,0,0
1595631100.0583515,90.00261783599854,0,0
1595631100.068341,91.80072784423828,0,0
1595631100.0783381,93.60021114349365,0,0
1595631100.0883405,95.40063858032227,0,0
1595631100.098338,97.20016479492188,0,0
1595631100.108349,99.0021800994873,0,0
1595631100.1183414,100.80080509185791,0,0
1595631100.1283429,102.60106086730957,0,0
1595631100.1383486,104.40208911895752,0,0
1595631100.1483483,106.20204448699951,0,0
1595631100.1583388,108.00032615661621,0,0
1595631100.1683488,109.80212688446045,0,0
1595631100.1783543,111.60311222076416,0,0
1595631100.1883495,113.40225219726562,0,0
1595631100.198354,115.20306587219238,0,0
1595631100.208349,117.00216293334961,0,0
1595631100.218343,118.80108833312988,0,0
1595631100.2283497,120.60228824615479,0,0
1595631100.2383406,122.40065574645996,0,0
1595631100.2483537,124.2030143737793,0,0
1595631100.258353,126.00288391113281,0,0
1595631100.268348,127.80198097229004,0,0
1595631100.2783465,129.60172176361084,0,0
1595631100.2883546,131.40317916870117,0,0
1595631100.2983365,133.1999158859253,0,0
1595631100.3083444,135.0013303756714,0,0
1595631100.3183537,136.8030023574829,0,0
1595631100.3283486,138.60209941864014,0,0
1595631100.3383434,140.40115356445312,0,0
1595631100.3483458,142.20158100128174,0,0
1595631100.3583543,144.00312423706055,0,0
1595631100.3683538,145.8030366897583,0,0
1595631100.3783486,147.6020908355713,0,0
1595631100.3883483,149.40204620361328,0,0
1595631100.398355,151.20324611663818,0,0
1595631100.4083462,153.0016565322876,0,0
1595631100.4183383,154.80023860931396,0,0
1595631100.4283464,156.6016960144043,0,0
1595631100.4383407,158.4006643295288,0,0
1595631100.448354,160.20306587219238,0,0
1595631100.458338,162.00018882751465,0,0
1595631100.4683452,163.80147457122803,0,0
1595631100.4783478,165.60194492340088,0,0
1595631100.4883392,167.40039825439453,0,0
1595631100.4983444,169.201340675354,0,0
1595631100.508339,171.00035190582275,0,0
1595631100.518351,172.80253887176514,0,0
1595631100.5283458,174.60159301757812,0,0
1595631100.5383432,176.40111923217773,0,0
1595631100.548336,178.19983005523682,0,0
1595631100.55835,180.0023603439331,0,0
1595631100.5683525,181.80278778076172,0,0
1595631100.5783522,183.6027431488037,0,0
1595631100.5883396,185.4004669189453,0,0
1595631100.5983434,187.20115184783936,0,0
1595631100.6083472,189.0018367767334,0,0
1595631100.6183376,190.8001184463501,0,0
1595631100.6283379,192.60015964508057,0,0
1595631100.6383362,194.39985752105713,0,0
1595631100.6483498,196.20230197906494,0,0
1595631100.6583517,198.00264358520508,0,0
1595631100.6683366,199.7999382019043,0,0
1595631100.6783416,201.60083770751953,0,0
1595631100.6883523,203.40276718139648,0,0
1595631100.6983416,205.200834274292,0,0
1595631100.7083359,206.9998025894165,0,0
1595631100.7183518,208.8026762008667,0,0
1595631100.728341,210.6007432937622,0,0
1595631100.7383401,212.40056991577148,0,0
1595631100.748355,214.2032289505005,0,0
1595631100.7583482,216.00202560424805,0,0
1595631100.7683396,217.8004789352417,0,0
1595631100.7783442,219.60129261016846,0,0
1595631100.7883403,221.40060424804688,0,0
1595631100.7983515,223.2026195526123,0,0
1595631100.8083477,225.00193119049072,0,0
1595631100.818353,226.8028736114502,0,0
1595631100.828338,228.6001682281494,0,0
1595631100.8383482,230.4020118713379,0,0
1595631100.8483536,232.2029972076416,0,0
1595631100.858336,233.9998197555542,0,0
1595631100.8683512,235.80256462097168,0,0
1595631100.878353,237.60290622711182,0,0
1595631100.8883486,239.40208911895752,0,0
1595631100.8983479,241.20195865631104,0,0
1595631100.9083407,243.00066947937012,0,0
1595631100.9183452,244.80148315429688,0,0
1595631100.9283514,246.6025972366333,0,0
1595631100.9383366,248.39993476867676,0,0
1595631100.9483461,250.20164966583252,0,0
1595631100.958353,252.00289249420166,0,0
1595631100.9683442,253.80130290985107,0,0
1595631100.9783435,255.6011724472046,0,0
1595631100.9883528,257.4028444290161,0,0
1595631100.998347,259.2018127441406,0,0
1595631101.0083408,261.00069522857666,0,0
1595631101.0183418,262.80086517333984,0,0
1595631101.028336,264.59983348846436,0,0
1595631101.0383537,266.4030075073242,0,0
1595631101.0483415,268.2008171081543,0,0
1595631101.058342,270.000901222229,0,0
1595631101.0683444,271.8013286590576,0,0
1595631101.0783393,273.60042572021484,0,0
1595631101.0883431,275.4011106491089,0,0
1595631101.0983527,277.20282554626465,0,0
1595631101.1083434,279.0011501312256,0,0
1595631101.118339,280.8003759384155,0,0
1595631101.1283386,282.6002883911133,0,0
1595631101.1383493,284.40221786499023,0,0
1595631101.148353,286.2029027938843,0,0
1595631101.1583455,288.0015277862549,0,0
1595631101.168353,289.80289936065674,0,0
1595631101.1783524,291.60276889801025,0,0
1595631101.1883516,293.40263843536377,0,0
1595631101.1983414,295.20079135894775,0,0
1595631101.2083507,297.0024633407593,0,0
1595631101.2183378,298.80014419555664,0,0
1595631101.2283452,300.60147285461426,0,0
1595631101.2383504,302.40241527557373,0,0
1595631101.2483401,304.2005681991577,0,0
1595631101.2583535,306.0029697418213,0,0
1595631101.2683382,307.80022144317627,0,0
1595631101.2783434,309.60116386413574,0,0
1595631101.2883408,311.40069007873535,0,0
1595631101.2983532,313.202919960022,0,0
1595631101.3083525,315.0027894973755,0,0
1595631101.3183434,316.80115699768066,0,0
1595631101.3283358,318.59978199005127,0,0
1595631101.338352,320.4026985168457,0,0
1595631101.348354,322.2030830383301,0,0
1595631101.3583453,324.0014934539795,0,0
1595631101.368351,325.80252170562744,0,0
1595631101.3783422,327.60093212127686,0,0
1595631101.388352,329.40268993377686,0,0
1595631101.398341,331.2007141113281,0,0
1595631101.408339,333.00036907196045,0,0
1595631101.4183474,334.801869392395,0,0
1595631101.4283364,336.5998935699463,0,0
1595631101.4383457,338.4015655517578,0,0
1595631101.4483426,340.20100593566895,0,0
1595631101.4583478,342.0019483566284,0,0
1595631101.4683414,343.8007879257202,0,0
1595631101.4783528,345.6028461456299,0,0
1595631101.4883468,347.40177154541016,0,0
1595631101.4983463,349.2016839981079,0,0
1595631101.5083356,350.9997510910034,0,0
1595631101.518346,352.80163764953613,0,0
1595631101.52835,354.6023654937744,0,0
1595631101.538352,356.40270709991455,0,0
1595631101.5483427,358.2010316848755,0,0
1595631101.5583456,360,0,1
1595631101.5583456,0.08939678795109507,0.08939678795109507,0
1595631101.5683644,17.894810426778168,0.08939678795109507,0
1595631101.5783563,19.693349588460297,0.08939678795109507,0
1595631101.5822215,20.389093149251313,0.08939678795109507,0
1595631101.5822215,20.389093149251313,0.08939678795109507,0
1595631101.5883522,21.492618310994477,0.08939678795109507,0
1595631101.5983477,23.29180120284018,0.08939678795109507,0
1595631101.6083457,25.091456163472504,0.08939678795109507,0
1595631101.6183639,26.894716013020844,0.08939678795109507,0
1595631101.6283581,28.693684328145356,0.08939678795109507,0
1595631101.6383538,30.492910135335297,0.08939678795109507,0
1595631101.648355,32.293122995442715,0.08939678795109507,0
1595631101.6583557,34.09325002486166,0.08939678795109507,0
1595631101.6683474,35.89174627119955,0.08939678795109507,0
1595631101.6783555,37.69320367628988,0.08939678795109507,0
1595631101.6883597,39.4939744358724,0.08939678795109507,0
1595631101.6983626,41.29448770338949,0.08939678795109507,0
1595631101.7083623,43.094443071431485,0.08939678795109507,0
1595631101.7183506,44.89233850295004,0.08939678795109507,0
1595631101.7283592,46.69388173872885,0.08939678795109507,0
1595631101.738364,48.494738328999844,0.08939678795109507,0
1595631101.7483578,50.29362081343588,0.08939678795109507,0
1595631101.7583506,52.09233163649496,0.08939678795109507,0
1595631101.7683465,53.89160035902914,0.08939678795109507,0
1595631101.7783468,55.69164155775961,0.08939678795109507,0
1595631101.7883568,57.49344228560385,0.08939678795109507,0
1595631101.7983563,59.2933547383016,0.08939678795109507,0
1595631101.8083632,61.09459756667074,0.08939678795109507,0
1595631101.818353,62.89275049025473,0.08939678795109507,0
1595631101.82836,64.6940362339681,0.08939678795109507,0
1595631101.83835,66.49223207289633,0.08939678795109507,0
1595631101.848355,68.29313157851156,0.08939678795109507,0
1595631101.8583584,70.09373067671713,0.08939678795109507,0
1595631101.8683586,71.8937718754476,0.08939678795109507,0
1595631101.8783522,73.6926114445394,0.08939678795109507,0
1595631101.8883607,75.4941546803182,0.08939678795109507,0
1595631101.8983488,77.29200719649252,0.08939678795109507,0
1595631101.9083555,79.09320710951742,0.08939678795109507,0
1595631101.918359,80.89384912306723,0.08939678795109507,0
1595631101.9283583,82.69371866042074,0.08939678795109507,0
1595631101.9383492,84.49208616072592,0.08939678795109507,0
1595631101.9483597,86.29397271925863,0.08939678795109507,0
1595631101.9583635,88.09465764815268,0.08939678795109507,0
1595631101.9683628,89.89452718550619,0.08939678795109507,0
1595631101.9783614,91.69426797682699,0.08939678795109507,0
1595631101.9883502,93.49224923903402,0.08939678795109507,0
1595631101.9983618,95.29435037428793,0.08939678795109507,0
1595631102.0083528,97.0927178745931,0.08939678795109507,0
1595631102.018363,98.89456151778158,0.08939678795109507,0
1595631102.028346,100.6915128117269,0.08939678795109507,0
1595631102.0383463,102.49155401045736,0.08939678795109507,0
1595631102.0483522,104.29262517744955,0.08939678795109507,0
1595631102.058347,106.09167932326254,0.08939678795109507,0
1595631102.0683472,107.89172052199301,0.08939678795109507,0
1595631102.0783496,109.69214795882162,0.08939678795109507,0
1595631102.0883632,111.49459241682943,0.08939678795109507,0
1595631102.0983515,113.29248784834799,0.08939678795109507,0
1595631102.1083589,115.0938165074056,0.08939678795109507,0
1595631102.1183484,116.89192651564535,0.08939678795109507,0
1595631102.1283464,118.69158147627768,0.08939678795109507,0
1595631102.1383622,120.49441217238363,0.08939678795109507,0
1595631102.1483595,122.29393838698324,0.08939678795109507,0
1595631102.1583624,124.09445165450033,0.08939678795109507,0
1595631102.1683607,125.8941495304769,0.08939678795109507,0
1595631102.1783624,127.6944482212728,0.08939678795109507,0
1595631102.1883616,129.49431775862632,0.08939678795109507,0
1595631102.1983502,131.29225610548912,0.08939678795109507,0
1595631102.2083526,133.09268354231773,0.08939678795109507,0
1595631102.2183468,134.89165185744224,0.08939678795109507,0
1595631102.2283623,136.69443963820396,0.08939678795109507,0
1595631102.2383616,138.49430917555748,0.08939678795109507,0
1595631102.2483568,140.29344915205894,0.08939678795109507,0
1595631102.2583568,142.09344743544517,0.08939678795109507,0
1595631102.2683525,143.8926732426351,0.08939678795109507,0
1595631102.2783449,145.69129823500572,0.08939678795109507,0
1595631102.2883635,147.49464391524253,0.08939678795109507,0
1595631102.2983632,149.29459928328453,0.08939678795109507,0
1595631102.308356,151.0933101063436,0.08939678795109507,0
1595631102.3183472,152.89172052199302,0.08939678795109507,0
1595631102.3283582,154.6936929112142,0.08939678795109507,0
1595631102.3383472,156.49171708876548,0.08939678795109507,0
1595631102.3483481,158.29188703352867,0.08939678795109507,0
1595631102.3583462,160.091541994161,0.08939678795109507,0
1595631102.3683558,161.89325689131675,0.08939678795109507,0
1595631102.3783538,163.69291185194908,0.08939678795109507,0
1595631102.388346,165.49149392897544,0.08939678795109507,0
1595631102.398356,167.29329465681968,0.08939678795109507,0
1595631102.4083507,169.09234880263267,0.08939678795109507,0
1595631102.4183621,170.89440702254234,0.08939678795109507,0
1595631102.4283516,172.69251703078208,0.08939678795109507,0
1595631102.4383583,174.493716943807,0.08939678795109507,0
1595631102.4483576,176.2935864811605,0.08939678795109507,0
1595631102.4583502,178.09225438887535,0.08939678795109507,0
1595631102.4683506,179.89233850295005,0.08939678795109507,0
1595631102.4783525,181.6926801090902,0.08939678795109507,0
1595631102.4883535,183.49285005385337,0.08939678795109507,0
1595631102.4983602,185.29404996687828,0.08939678795109507,0
1595631102.5083601,187.0940482502645,0.08939678795109507,0
1595631102.5183616,188.89430402571617,0.08939678795109507,0
1595631102.5283608,190.69417356306968,0.08939678795109507,0
1595631102.5383554,192.49318479353843,0.08939678795109507,0
1595631102.5483515,194.29249643141685,0.08939678795109507,0
1595631102.55835,196.09223722273765,0.08939678795109507,0
1595631102.5683615,197.89429544264732,0.08939678795109507,0
1595631102.5783596,199.69395040327964,0.08939678795109507,0
1595631102.5883484,201.49193166548667,0.08939678795109507,0
1595631102.598352,203.29257367903648,0.08939678795109507,0
1595631102.6083586,205.09377359206138,0.08939678795109507,0
1595631102.6183555,206.89321397597251,0.08939678795109507,0
1595631102.6283615,208.6942851429647,0.08939678795109507,0
1595631102.6383488,210.4920089131063,0.08939678795109507,0
1595631102.648349,212.29205011183677,0.08939678795109507,0
1595631102.658359,214.093850839681,0.08939678795109507,0
1595631102.6683512,215.89243291670738,0.08939678795109507,0
1595631102.6783533,217.69281743819175,0.08939678795109507,0
1595631102.6883533,219.49281572157798,0.08939678795109507,0
1595631102.698351,221.29238485152183,0.08939678795109507,0
1595631102.708345,223.0913102513021,0.08939678795109507,0
1595631102.7183502,224.89225267226158,0.08939678795109507,0
1595631102.7283447,226.69126390273033,0.08939678795109507,0
1595631102.7383623,228.4944379215902,0.08939678795109507,0
1595631102.7483566,230.2934062367147,0.08939678795109507,0
1595631102.7583542,232.09297536665855,0.08939678795109507,0
1595631102.7683532,233.89280198866783,0.08939678795109507,0
1595631102.77836,235.69400190169273,0.08939678795109507,0
1595631102.7883523,237.49262689406333,0.08939678795109507,0
1595631102.7983546,239.29305433089195,0.08939678795109507,0
1595631102.8083568,241.09343885237632,0.08939678795109507,0
1595631102.818348,242.89184926802574,0.08939678795109507,0
1595631102.8283508,244.69236253554283,0.08939678795109507,0
1595631102.8383598,246.4939916020101,0.08939678795109507,0
1595631102.8483493,248.29210161024986,0.08939678795109507,0
1595631102.8583515,250.09248613173423,0.08939678795109507,0
1595631102.8683522,251.89261316115318,0.08939678795109507,0
1595631102.8783617,253.69432805830894,0.08939678795109507,0
1595631102.8883505,255.49230932051597,0.08939678795109507,0
1595631102.8983552,257.29316591078697,0.08939678795109507,0
1595631102.9083576,259.0935933476156,0.08939678795109507,0
1595631102.9183617,260.89432119185386,0.08939678795109507,0
1595631102.9283593,262.6938903217977,0.08939678795109507,0
1595631102.9383533,264.492815721578,0.08939678795109507,0
1595631102.948351,266.29238485152183,0.08939678795109507,0
1595631102.9583507,268.0923402195638,0.08939678795109507,0
1595631102.9683504,269.8922955876058,0.08939678795109507,0
1595631102.9783468,271.6916501408285,0.08939678795109507,0
1595631102.9883614,273.49426626021324,0.08939678795109507,0
1595631102.9983582,275.29370664412437,0.08939678795109507,0
1595631103.0083587,277.0937907581991,0.08939678795109507,0
1595631103.0183506,278.8923299198812,0.08939678795109507,0
1595631103.028355,280.6931006794637,0.08939678795109507,0
1595631103.038347,282.4916827564901,0.08939678795109507,0
1595631103.0483525,284.2926680927938,0.08939678795109507,0
1595631103.0583463,286.09155057722984,0.08939678795109507,0
1595631103.0683591,287.89386628920494,0.08939678795109507,0
1595631103.078357,289.693478334493,0.08939678795109507,0
1595631103.0883508,291.49236081892906,0.08939678795109507,0
1595631103.0983453,293.2913720493978,0.08939678795109507,0
1595631103.1083462,295.091541994161,0.08939678795109507,0
1595631103.1183624,296.8944585209554,0.08939678795109507,0
1595631103.128362,298.6943709736532,0.08939678795109507,0
1595631103.1383448,300.49127935225425,0.08939678795109507,0
1595631103.1410723,300.9822308903402,0.08939678795109507,0
1595631103.1410723,300.9822308903402,0.08939678795109507,0
1595631103.1483462,302.2915351277059,0.08939678795109507,0
1595631103.1583598,304.0939795857137,0.08939678795109507,0
1595631103.1683605,305.89410661513267,0.08939678795109507,0
1595631103.178355,307.6931178456014,0.08939678795109507,0
1595631103.1883516,309.4925153141683,0.08939678795109507,0
1595631103.198348,311.291869867391,0.08939678795109507,0
1595631103.2083511,313.0924260502523,0.08939678795109507,0
1595631103.2183516,314.892510164327,0.08939678795109507,0
1595631103.228352,316.6925942784017,0.08939678795109507,0
1595631103.2383614,318.49426626021324,0.08939678795109507,0
1595631103.2483616,320.2943074589437,0.08939678795109507,0
1595631103.2583475,322.0917737370199,0.08939678795109507,0
1595631103.2683618,323.8943469410604,0.08939678795109507,0
1595631103.2783587,325.69378732497154,0.08939678795109507,0
1595631103.2883492,327.49206899458824,0.08939678795109507,0
1595631103.29835,329.2922389393514,0.08939678795109507,0
1595631103.3083496,331.0921513920492,0.08939678795109507,0
1595631103.3183594,332.8939092045492,0.08939678795109507,0
1595631103.3283541,334.69296335036216,0.08939678795109507,0
1595631103.3383493,336.4921033268636,0.08939678795109507,0
1595631103.3483582,338.2936894779867,0.08939678795109507,0
1595631103.3583577,340.09360193068443,0.08939678795109507,0
1595631103.3683555,341.8932139759725,0.08939678795109507,0
1595631103.3783512,343.69243978316246,0.08939678795109507,0
1595631103.3883471,345.49170850569664,0.08939678795109507,0
1595631103.3983505,347.2923076039022,0.08939678795109507,0
1595631103.4083536,349.09286378676353,0.08939678795109507,0
1595631103.418344,350.89114545638023,0.08939678795109507,0
1595631103.4283605,352.6941048985189,0.08939678795109507,0
1595631103.438362,354.49436067397056,0.08939678795109507,0
1595631103.4483562,356.2933289890951,0.08939678795109507,0
1595631103.458346,358.09148191267906,0.08939678795109507,0
1595631103.4683578,359.8936259632772,0.08939678795109507,0
1595631103.4689515,360,0.08939678795109507,1
1595631103.4689515,0.3952916529775071,0.3952916529775071,0
1595631103.478954,72.95296788812414,0.3952916529775071,0
1595631103.488959,74.75386739373937,0.3952916529775071,0
1595631103.4989634,76.55463815332189,0.3952916529775071,0
1595631103.5089529,78.35274816156164,0.3952916529775071,0
1595631103.5189557,80.15326142907873,0.3952916529775071,0
1595631103.5289605,81.95411801934972,0.3952916529775071,0
1595631103.5389636,83.75467420221105,0.3952916529775071,0
1595631103.5489666,85.55523038507238,0.3952916529775071,0
1595631103.558959,87.35385537744298,0.3952916529775071,0
1595631103.5689547,89.15308118463292,0.3952916529775071,0
1595631103.5789683,90.95552564264074,0.3952916529775071,0
1595631103.5889585,92.7537643969132,0.3952916529775071,0
1595631103.5989687,94.55560804010167,0.3952916529775071,0
1595631103.6089513,96.35247350335851,0.3952916529775071,0
1595631103.6189573,98.1535446703507,0.3952916529775071,0
1595631103.628956,99.95332837701574,0.3952916529775071,0
1595631103.6389637,101.75469995141759,0.3952916529775071,0
1595631103.6489677,103.55542779565587,0.3952916529775071,0
1595631103.6589696,105.35576940179601,0.3952916529775071,0
1595631103.668966,107.15512395501867,0.3952916529775071,0
1595631103.6789575,108.95357728601232,0.3952916529775071,0
1595631103.6889572,110.75353265405431,0.3952916529775071,0
1595631103.6989536,112.55288720727697,0.3952916529775071,0
1595631103.7089684,114.35554624200597,0.3952916529775071,0
1595631103.7189567,116.15344167352453,0.3952916529775071,0
1595631103.72897,117.9558432161881,0.3952916529775071,0
1595631103.7389524,119.7526657641007,0.3952916529775071,0
1595631103.74896,121.55403733850255,0.3952916529775071,0
1595631103.7589638,123.3547222673966,0.3952916529775071,0
1595631103.7689545,125.15304685235753,0.3952916529775071,0
1595631103.7789667,126.95523381829992,0.3952916529775071,0
1595631103.788963,128.75458837152257,0.3952916529775071,0
1595631103.7989585,130.55377126336828,0.3952916529775071,0
1595631103.8089643,132.35479951501623,0.3952916529775071,0
1595631103.8189566,134.15342450738683,0.3952916529775071,0
1595631103.8289628,135.95453858972326,0.3952916529775071,0
1595631103.8389683,137.75552392602697,0.3952916529775071,0
1595631103.8489654,139.55500722528234,0.3952916529775071,0
1595631103.8589647,141.35487676263585,0.3952916529775071,0
1595631103.8689566,143.15341592431798,0.3952916529775071,0
1595631103.8789587,144.95380044580236,0.3952916529775071,0
1595631103.8889587,146.7537987291886,0.3952916529775071,0
1595631103.8989577,148.55362535119787,0.3952916529775071,0
1595631103.9089615,150.3543102800919,0.3952916529775071,0
1595631103.9189596,152.15396524072423,0.3952916529775071,0
1595631103.9289572,153.95353437066808,0.3952916529775071,0
1595631103.9389684,155.7555496752335,0.3952916529775071,0
1595631103.9489684,157.55554795861974,0.3952916529775071,0
1595631103.9589667,159.3552458345963,0.3952916529775071,0
1595631103.968951,161.1524117052628,0.3952916529775071,0
1595631103.978956,162.95331121087804,0.3952916529775071,0
1595631103.9889536,164.7528803408219,0.3952916529775071,0
1595631103.9989688,166.55562520623937,0.3952916529775071,0
1595631104.008957,168.3534777224137,0.3952916529775071,0
1595631104.0189583,170.15373349786535,0.3952916529775071,0
1595631104.0289583,171.95373178125158,0.3952916529775071,0
1595631104.0389678,173.75544667840734,0.3952916529775071,0
1595631104.0489662,175.5551445543839,0.3952916529775071,0
1595631104.0589528,177.3527395784928,0.3952916529775071,0
1595631104.0689595,179.1539394915177,0.3952916529775071,0
1595631104.0789645,180.9548389971329,0.3952916529775071,0
1595631104.088962,182.75440812707674,0.3952916529775071,0
1595631104.0989516,184.5525181353165,0.3952916529775071,0
1595631104.1089563,186.35337472558749,0.3952916529775071,0
1595631104.1189542,188.15298677087557,0.3952916529775071,0
1595631104.12896,189.95401502252352,0.3952916529775071,0
1595631104.1389608,191.7541849672867,0.3952916529775071,0
1595631104.1489556,193.5532391130997,0.3952916529775071,0
1595631104.1589599,195.3540098726822,0.3952916529775071,0
1595631104.1689675,197.15538144708407,0.3952916529775071,0
1595631104.178953,198.95276189447176,0.3952916529775071,0
1595631104.1889527,200.75271726251376,0.3952916529775071,0
1595631104.1989565,202.5534021914078,0.3952916529775071,0
1595631104.2089598,204.35400128961336,0.3952916529775071,0
1595631104.2189639,206.15472913385165,0.3952916529775071,0
1595631104.2289631,207.95459867120516,0.3952916529775071,0
1595631104.2389572,209.75352407098543,0.3952916529775071,0
1595631104.2489634,211.55463815332186,0.3952916529775071,0
1595631104.2589593,213.35390687585604,0.3952916529775071,0
1595631104.268967,215.1552784502579,0.3952916529775071,0
1595631104.2789538,216.95291638971102,0.3952916529775071,0
1595631104.2889547,218.7530863344742,0.3952916529775071,0
1595631104.2989604,220.55411458612215,0.3952916529775071,0
1595631104.308952,222.35261083246004,0.3952916529775071,0
1595631104.3189604,224.15411115289461,0.3952916529775071,0
1595631104.3289611,225.95423818231356,0.3952916529775071,0
1595631104.3389554,227.75320649743807,0.3952916529775071,0
1595631104.348969,229.55565095544588,0.3952916529775071,0
1595631104.3589525,231.35268808007967,0.3952916529775071,0
1595631104.3689585,233.15375924707186,0.3952916529775071,0
1595631104.3789656,234.95504499078524,0.3952916529775071,0
1595631104.3889616,236.75431371331942,0.3952916529775071,0
1595631104.3989694,238.5557282030655,0.3952916529775071,0
1595631104.4089606,240.35413861871493,0.3952916529775071,0
1595631104.418955,242.15314984918368,0.3952916529775071,0
1595631104.4289548,243.95310521722567,0.3952916529775071,0
1595631104.4389675,245.75537801385653,0.3952916529775071,0
1595631104.448969,247.5556337893082,0.3952916529775071,0
1595631104.4589665,249.35520291925204,0.3952916529775071,0
1595631104.4689615,251.15429998040926,0.3952916529775071,0
1595631104.4789555,252.95322538018954,0.3952916529775071,0
1595631104.4889536,254.75288034082186,0.3952916529775071,0
1595631104.4989574,256.55356526971593,0.3952916529775071,0
1595631104.5089655,258.35502267480626,0.3952916529775071,0
1595631104.518959,260.15386224389806,0.3952916529775071,0
1595631104.528964,261.9547617495133,0.3952916529775071,0
1595631104.5389602,263.7540733873917,0.3952916529775071,0
1595631104.548956,265.55329919458165,0.3952916529775071,0
1595631104.5589623,267.3544561922623,0.3952916529775071,0
1595631104.5689635,269.15466905236974,0.3952916529775071,0
1595631104.5789642,270.9547960817887,0.3952916529775071,0
1595631104.5889666,272.7552235186173,0.3952916529775071,0
1595631104.5989678,274.5554363787247,0.3952916529775071,0
1595631104.608951,276.3524305880143,0.3952916529775071,0
1595631104.618956,278.1533300936295,0.3952916529775071,0
1595631104.6289644,279.9548304140641,0.3952916529775071,0
1595631104.6389666,281.75521493554845,0.3952916529775071,0
1595631104.6489522,283.5526382982804,0.3952916529775071,0
1595631104.6589627,285.3545248568131,0.3952916529775071,0
1595631104.668959,287.1538364946915,0.3952916529775071,0
1595631104.6789546,288.95306230188146,0.3952916529775071,0
1595631104.6889653,290.7549917757584,0.3952916529775071,0
1595631104.6989572,292.55353093744054,0.3952916529775071,0
1595631104.7089505,294.3523275911881,0.3952916529775071,0
1595631104.7189515,296.1524975359513,0.3952916529775071,0
1595631104.728965,297.9549419939591,0.3952916529775071,0
1595631104.7389581,299.7536957323624,0.3952916529775071,0
1595631104.7489624,301.55446649194494,0.3952916529775071,0
1595631104.7589612,303.35425019861,0.3952916529775071,0
1595631104.7689505,305.1523172915055,0.3952916529775071,0
1595631104.7789536,306.9528734743668,0.3952916529775071,0
1595631104.7889602,308.7540733873917,0.3952916529775071,0
1595631104.7989554,310.5532133638932,0.3952916529775071,0
1595631104.8089635,312.3546707689835,0.3952916529775071,0
1595631104.8189595,314.1539394915177,0.3952916529775071,0
1595631104.8289523,315.9526503145768,0.3952916529775071,0
1595631104.8389678,317.7554380953385,0.3952916529775071,0
1595631104.8489528,319.5527327120377,0.3952916529775071,0
1595631104.8589573,321.35354638696447,0.3952916529775071,0
1595631104.8689556,323.15324426294103,0.3952916529775071,0
1595631104.87895,324.9522554934098,0.3952916529775071,0
1595631104.88895,326.752253776796,0.3952916529775071,0
1595631104.8989594,328.55392575860753,0.3952916529775071,0
1595631104.9089572,330.3535378038956,0.3952916529775071,0
1595631104.9189546,332.15306401849523,0.3952916529775071,0
1595631104.9289622,333.9544355928971,0.3952916529775071,0
1595631104.9389539,335.752931839235,0.3952916529775071,0
1595631104.9489582,337.5537025988175,0.3952916529775071,0
1595631104.9589589,339.35382962823644,0.3952916529775071,0
1595631104.9689503,341.1522829592301,0.3952916529775071,0
1595631104.9789622,342.95442700982824,0.3952916529775071,0
1595631104.9889657,344.75506902337804,0.3952916529775071,0
1595631104.998956,346.5533077776505,0.3952916529775071,0
1595631105.0089607,348.3541643679215,0.3952916529775071,0
1595631105.0189524,350.1526606142594,0.3952916529775071,0
1595631105.0289528,351.9527447283341,0.3952916529775071,0
1595631105.0389647,353.75488877893224,0.3952916529775071,0
1595631105.0489626,355.5545008242203,0.3952916529775071,0
1595631105.058967,357.3553144991471,0.3952916529775071,0
1595631105.068958,359.15368199945226,0.3952916529775071,0
1595631105.0736651,360,0.3952916529775071,1
1595631105.0736651,0,0,0
1595631105.0836663,1.8002128601074219,0,0
1595631105.0936804,3.602743148803711,0,0
1595631105.103674,5.401582717895508,0,0
1595631105.1136718,7.201194763183594,0,0
1595631105.1236842,9.003424644470215,0,0
1595631105.1336827,10.803165435791016,0,0
1595631105.142429,12.377514839172363,0,0
1595631105.142429,12.377514839172363,0,0
1595631105.1436825,12.603120803833008,0,0
1595631105.1536827,14.403162002563477,0,0
1595631105.16368,16.202688217163086,0,0
1595631105.1736653,18.000025749206543,0,0
1595631105.1836824,19.80311393737793,0,0
1595631105.193679,21.602511405944824,0,0
1595631105.2036748,23.401737213134766,0,0
1595631105.2136793,25.202550888061523,0,0
1595631105.2236774,27.002205848693848,0,0
1595631105.2336679,28.800487518310547,0,0
1595631105.2436824,30.603103637695312,0,0
1595631105.2536736,32.40151405334473,0,0
1595631105.2636688,34.20065402984619,0,0
1595631105.2736738,36.001553535461426,0,0
1595631105.2836695,37.80077934265137,0,0
1595631105.2936728,39.601378440856934,0,0
1595631105.303676,41.40193462371826,0,0
1595631105.3136744,43.20167541503906,0,0
1595631105.3236818,45.00300407409668,0,0
1595631105.3336735,46.80150032043457,0,0
1595631105.3436663,48.60021114349365,0,0
1595631105.3536665,50.40025234222412,0,0
1595631105.3636742,52.20162391662598,0,0
1595631105.3736787,54.002437591552734,0,0
1595631105.3836749,55.80174922943115,0,0
1595631105.3936825,57.60312080383301,0,0
1595631105.40368,59.402689933776855,0,0
1595631105.4136693,61.20075702667236,0,0
1595631105.4236724,63.00131320953369,0,0
1595631105.4336758,64.80191230773926,0,0
1595631105.4436772,66.60216808319092,0,0
1595631105.4536693,68.40075016021729,0,0
1595631105.463681,70.20285129547119,0,0
1595631105.4736652,72.0000171661377,0,0
1595631105.483666,73.80014419555664,0,0
1595631105.4936736,75.6015157699585,0,0
1595631105.5036664,77.40022659301758,0,0
1595631105.513675,79.20176982879639,0,0
1595631105.5236762,81.00198268890381,0,0
1595631105.5336752,82.80180931091309,0,0
1595631105.5436654,84.60004806518555,0,0
1595631105.5536838,86.40335083007812,0,0
1595631105.5636656,88.20008754730225,0,0
1595631105.5736804,90.00274658203125,0,0
1595631105.5836658,91.80012702941895,0,0
1595631105.5936744,93.60167026519775,0,0
1595631105.6036813,95.4029130935669,0,0
1595631105.613675,97.20179557800293,0,0
1595631105.6236665,99.00024890899658,0,0
1595631105.633673,100.80140590667725,0,0
1595631105.6436808,102.60282039642334,0,0
1595631105.653666,104.4001579284668,0,0
1595631105.6636684,106.20058536529541,0,0
1595631105.6736722,108.00127029418945,0,0
1595631105.6836724,109.80131149291992,0,0
1595631105.6936765,111.6020393371582,0,0
1595631105.7036824,113.40311050415039,0,0
1595631105.713678,115.2022933959961,0,0
1595631105.7236812,117.00289249420166,0,0
1595631105.7336812,118.80289077758789,0,0
1595631105.7436702,120.60091495513916,0,0
1595631105.7536805,122.40275859832764,0,0
1595631105.7636766,124.20207023620605,0,0
1595631105.773678,126.00232601165771,0,0
1595631105.7836692,127.80073642730713,0,0
1595631105.7936823,129.60309505462646,0,0
1595631105.8036766,131.40206336975098,0,0
1595631105.8136828,133.2031774520874,0,0
1595631105.8236794,135.0025749206543,0,0
1595631105.833666,136.80016994476318,0,0
1595631105.8436782,138.60235691070557,0,0
1595631105.8536694,140.40076732635498,0,0
1595631105.8636734,142.20149517059326,0,0
1595631105.8736684,144.0005922317505,0,0
1595631105.8836713,145.80110549926758,0,0
1595631105.893674,147.60157585144043,0,0
1595631105.9036715,149.40114498138428,0,0
1595631105.9136686,151.20062828063965,0,0
1595631105.9236813,153.0029010772705,0,0
1595631105.9336736,154.8015260696411,0,0
1595631105.9436834,156.6032838821411,0,0
1595631105.9536705,158.40096473693848,0,0
1595631105.9636803,160.20272254943848,0,0
1595631105.9736748,162.00173377990723,0,0
1595631105.9836733,163.80147457122803,0,0
1595631105.9936693,165.6007432937622,0,0
1595631106.0036662,167.40018367767334,0,0
1595631106.0136669,169.20031070709229,0,0
1595631106.0236802,171.00271224975586,0,0
1595631106.0336719,172.80120849609375,0,0
1595631106.0436723,174.60129261016846,0,0
1595631106.0536666,176.40026092529297,0,0
1595631106.063665,178.19995880126953,0,0
1595631106.0736756,180.00188827514648,0,0
1595631106.0836654,181.80004119873047,0,0
1595631106.0936718,183.60119819641113,0,0
1595631106.1036777,185.40226936340332,0,0
1595631106.1136823,187.20308303833008,0,0
1595631106.1236706,189.00097846984863,0,0
1595631106.133665,190.79998970031738,0,0
1595631106.1436818,192.6029920578003,0,0
1595631106.1536655,194.40007209777832,0,0
1595631106.16367,196.20088577270508,0,0
1595631106.1736684,198.00058364868164,0,0
1595631106.1836717,199.8011827468872,0,0
1595631106.1936724,201.60130977630615,0,0
1595631106.2036667,203.40027809143066,0,0
1595631106.2136652,205.20001888275146,0,0
1595631106.22368,207.00267791748047,0,0
1595631106.2336655,208.80005836486816,0,0
1595631106.2436712,210.6010866165161,0,0
1595631106.2536714,212.40112781524658,0,0
1595631106.2636764,214.20202732086182,0,0
1595631106.273666,216.00013732910156,0,0
1595631106.2836747,217.8017234802246,0,0
1595631106.293672,219.60124969482422,0,0
1595631106.3036678,221.40047550201416,0,0
1595631106.3136773,223.20219039916992,0,0
1595631106.3236754,225.00184535980225,0,0
1595631106.333681,226.8028736114502,0,0
1595631106.3436823,228.60308647155762,0,0
1595631106.3536768,230.40209770202637,0,0
1595631106.3636703,232.20093727111816,0,0
1595631106.3736794,234.00256633758545,0,0
1595631106.3836775,235.80222129821777,0,0
1595631106.3936787,237.6024341583252,0,0
1595631106.403674,239.40157413482666,0,0
1595631106.4136684,241.2005853652954,0,0
1595631106.423674,243.00161361694336,0,0
1595631106.4336812,244.80289936065674,0,0
1595631106.4436812,246.60289764404297,0,0
1595631106.453679,248.40250968933105,0,0
1595631106.4636729,250.2013921737671,0,0
1595631106.4736712,252.00109004974365,0,0
1595631106.483678,253.8023328781128,0,0
1595631106.4936786,255.6024169921875,0,0
1595631106.5036824,257.40310192108154,0,0
1595631106.5136774,259.20219898223877,0,0
1595631106.5236638,260.9997510910034,0,0
1595631106.5336688,262.80065059661865,0,0
1595631106.5436704,264.60094928741455,0,0
1595631106.5536788,266.4024496078491,0,0
1595631106.5636814,268.202919960022,0,0
1595631106.57367,270.00085830688477,0,0
1595631106.583682,271.80304527282715,0,0
1595631106.593676,273.6019706726074,0,0
1595631106.6036766,275.40205478668213,0,0
1595631106.6136808,277.20282554626465,0,0
1595631106.6236782,279.00235176086426,0,0
1595631106.6336648,280.79994678497314,0,0
1595631106.6436641,282.59981632232666,0,0
1595631106.653667,284.40032958984375,0,0
1595631106.6636765,286.2020444869995,0,0
1595631106.6736746,288.00169944763184,0,0
1595631106.6836667,289.8002815246582,0,0
1595631106.6936815,291.6029405593872,0,0
1595631106.7036643,293.3998489379883,0,0
1595631106.7136693,295.2007484436035,0,0
1595631106.7236753,297.0018196105957,0,0
1595631106.733671,298.80104541778564,0,0
1595631106.743666,300.60014247894287,0,0
1595631106.753668,302.40052700042725,0,0
1595631106.7636673,304.20039653778076,0,0
1595631106.7736766,306.0020685195923,0,0
1595631106.7836757,307.80189514160156,0,0
1595631106.7936819,309.603009223938,0,0
1595631106.803677,311.40214920043945,0,0
1595631106.8136768,313.20210456848145,0,0
1595631106.8236725,315.0013303756714,0,0
1595631106.8336806,316.8027877807617,0,0
1595631106.8436806,318.60278606414795,0,0
1595631106.853673,320.40141105651855,0,0
1595631106.863668,322.2005081176758,0,0
1595631106.8736727,324.0013647079468,0,0
1595631106.8836815,325.8029508590698,0,0
1595631106.8936663,327.6002025604248,0,0
1595631106.903675,329.40178871154785,0,0
1595631106.9136803,331.2027311325073,0,0
1595631106.9236636,332.9997253417969,0,0
1595631106.9336662,334.8001956939697,0,0
1595631106.9436648,336.5999364852905,0,0
1595631106.9536695,338.4007930755615,0,0
1595631106.9636805,340.2027654647827,0,0
1595631106.973676,342.0019483566284,0,0
1595631106.9836717,343.80117416381836,0,0
