Type = Reachback Firefly,Function = Reachback Firefly (ln/e^),Refract = 0,Epsilon = 0.3,Start_phase = 90
Timestamp,Phase,Offset,Ping?
1596160312,90,0,0
1596160312.01,91.79562091827393,0.5,0
1596160312.02,93.5965633392334,0.5,0
1596160312.03,95.39681911468506,0.5,0
1596160312.04,97.19510078430176,0.5,0
1596160312.05,98.9961290359497,0.5,0
1596160312.06,100.79501152038574,0.5,0
1596160312.07,102.59445190429688,0.5,0
1596160312.08,104.39616680145264,0.5,0
1596160312.09,106.19573593139648,0.5,0
1596160312.1,107.99388885498047,0.5,0
1596160312.11,109.79453086853027,0.5,0
1596160312.12,111.59517288208008,0.5,0
1596160312.1299999,113.39375495910645,0.5,0
1596160312.1399999,115.19662857055664,0.5,0
1596160312.1499999,116.99679851531982,0.5,0
1596160312.1599998,118.79387855529785,0.5,0
1596160312.1699998,120.59439182281494,0.5,0
1596160312.1799998,122.39426136016846,0.5,0
1596160312.1899998,124.1940450668335,0.5,0
1596160312.1999998,125.99421501159668,0.5,0
1596160312.2099998,127.79451370239258,0.5,0
1596160312.2199998,129.596529006958,0.5,0
1596160312.2299998,131.39678478240967,0.5,0
1596160312.2399998,133.19472312927246,0.5,0
1596160312.2499998,134.99377727508545,0.5,0
1596160312.2599998,136.79652214050293,0.5,0
1596160312.2699997,138.59416007995605,0.5,0
1596160312.2799997,140.39673328399658,0.5,0
1596160312.2899997,142.19364166259766,0.5,0
1596160312.2999997,143.9943265914917,0.5,0
1596160312.3099997,145.7960844039917,0.5,0
1596160312.3199997,147.59363651275635,0.5,0
1596160312.3299997,149.39384937286377,0.5,0
1596160312.3399997,151.1941909790039,0.5,0
1596160312.3499997,152.99474716186523,0.5,0
1596160312.3599997,154.79483127593994,0.5,0
1596160312.3613884,155.04361152648926,0.5,0
1596160312.3613884,155.04361152648926,0.5,0
1596160312.3699996,156.5967607498169,0.5,0
1596160312.3799996,158.39547157287598,0.5,0
1596160312.381504,158.66442203521729,0.5,0
1596160312.381504,158.66442203521729,0.5,0
1596160312.3899996,160.19371032714844,0.5,0
1596160312.3999996,161.99649810791016,0.5,0
1596160312.4099996,163.7944793701172,0.5,0
1596160312.4199996,165.59550762176514,0.5,0
1596160312.4299996,167.3946475982666,0.5,0
1596160312.4399996,169.19481754302979,0.5,0
1596160312.4499996,170.99425792694092,0.5,0
1596160312.4599996,172.79571533203125,0.5,0
1596160312.4699996,174.59537029266357,0.5,0
1596160312.4799995,176.39360904693604,0.5,0
1596160312.4899995,178.19648265838623,0.5,0
1596160312.4999995,179.99497890472412,0.5,0
1596160312.5099995,181.79360389709473,0.5,0
1596160312.5199995,183.59416007995605,0.5,0
1596160312.5299995,185.39677619934082,0.5,0
1596160312.5399995,187.19613075256348,0.5,0
1596160312.5499995,188.99642944335938,0.5,0
1596160312.5599995,190.7948398590088,0.5,0
1596160312.5699995,192.59372234344482,0.5,0
1596160312.5799994,194.3946647644043,0.5,0
1596160312.5899994,196.19397640228271,0.5,0
1596160312.5999994,197.996506690979,0.5,0
1596160312.6099994,199.7941017150879,0.5,0
1596160312.6199994,201.59422874450684,0.5,0
1596160312.6299994,203.39452743530273,0.5,0
1596160312.6399994,205.19671440124512,0.5,0
1596160312.6499994,206.99357986450195,0.5,0
1596160312.6599994,208.79503726959229,0.5,0
1596160312.6699994,210.59520721435547,0.5,0
1596160312.6799994,212.396879196167,0.5,0
1596160312.6899993,214.19567584991455,0.5,0
1596160312.6999993,215.99606037139893,0.5,0
1596160312.7099993,217.79412746429443,0.5,0
1596160312.7199993,219.59631443023682,0.5,0
1596160312.7299993,221.396484375,0.5,0
1596160312.7399993,223.19583892822266,0.5,0
1596160312.7499993,224.99536514282227,0.5,0
1596160312.7599993,226.79596424102783,0.5,0
1596160312.7699993,228.59583377838135,0.5,0
1596160312.7799993,230.39415836334229,0.5,0
1596160312.7899992,232.19467163085938,0.5,0
1596160312.7999992,233.99424076080322,0.5,0
1596160312.8099992,235.7951831817627,0.5,0
1596160312.8199992,237.59539604187012,0.5,0
1596160312.8299992,239.39655303955078,0.5,0
1596160312.8399992,241.1955213546753,0.5,0
1596160312.8499992,242.99453258514404,0.5,0
1596160312.8599992,244.79517459869385,0.5,0
1596160312.8699992,246.59457206726074,0.5,0
1596160312.8799992,248.39693069458008,0.5,0
1596160312.8899992,250.19675731658936,0.5,0
1596160312.8999991,251.99645519256592,0.5,0
1596160312.9099991,253.79353523254395,0.5,0
1596160312.9199991,255.59460639953613,0.5,0
1596160312.929999,257.39516258239746,0.5,0
1596160312.939999,259.19365882873535,0.5,0
1596160312.949999,260.99472999572754,0.5,0
1596160312.959999,262.79605865478516,0.5,0
1596160312.969999,264.5966148376465,0.5,0
1596160312.979999,266.3957118988037,0.5,0
1596160312.989999,268.19480895996094,0.5,0
1596160312.999999,269.9955368041992,0.5,0
1596160313.009999,271.7936897277832,0.5,0
1596160313.019999,273.5938596725464,0.5,0
1596160313.029999,275.39445877075195,0.5,0
1596160313.039999,277.19664573669434,0.5,0
1596160313.049999,278.9939832687378,0.5,0
1596160313.059999,280.79612731933594,0.5,0
1596160313.069999,282.59612560272217,0.5,0
1596160313.079999,284.3950939178467,0.5,0
1596160313.089999,286.1967658996582,0.5,0
1596160313.099999,287.99509048461914,0.5,0
1596160313.109999,289.796462059021,0.5,0
1596160313.119999,291.59581661224365,0.5,0
1596160313.129999,293.3949136734009,0.5,0
1596160313.139999,295.1946973800659,0.5,0
1596160313.149999,296.99400901794434,0.5,0
1596160313.159999,298.7964105606079,0.5,0
1596160313.169999,300.5941343307495,0.5,0
1596160313.1799989,302.39391803741455,0.5,0
1596160313.1899989,304.1947317123413,0.5,0
1596160313.1999989,305.99575996398926,0.5,0
1596160313.2099988,307.79571533203125,0.5,0
1596160313.2199988,309.5954132080078,0.5,0
1596160313.2299988,311.3965702056885,0.5,0
1596160313.2399988,313.19648265838623,0.5,0
1596160313.2499988,314.9949789047241,0.5,0
1596160313.2599988,316.79441928863525,0.5,0
1596160313.2699988,318.59630584716797,0.5,0
1596160313.2799988,320.3949737548828,0.5,0
1596160313.2899988,322.1944570541382,0.5,0
1596160313.2999988,323.99608612060547,0.5,0
1596160313.3099988,325.7958698272705,0.5,0
1596160313.3199987,327.59410858154297,0.5,0
1596160313.3299987,329.39372062683105,0.5,0
1596160313.3399987,331.19346141815186,0.5,0
1596160313.3499987,332.9950475692749,0.5,0
1596160313.3599987,334.794659614563,0.5,0
1596160313.3699987,336.59547328948975,0.5,0
1596160313.3799987,338.39508533477783,0.5,0
1596160313.3899987,340.1942253112793,0.5,0
1596160313.3999987,341.99671268463135,0.5,0
1596160313.4099987,343.7967538833618,0.5,0
1596160313.4199986,345.5939197540283,0.5,0
1596160313.4299986,347.39662170410156,0.5,0
1596160313.4399986,349.19434547424316,0.5,0
1596160313.4499986,350.99618911743164,0.5,0
1596160313.4599986,352.79515743255615,0.5,0
1596160313.4699986,354.59498405456543,0.5,0
1596160313.4799986,356.3966131210327,0.5,0
1596160313.4899986,358.19416522979736,0.5,0
1596160313.4999986,359.99476432800293,0.5,0
1596160313.500048,360,0.5,1
1596160313.500048,0,0,0
1596160313.510048,111.5548901233133,0.6097417697161747,0
1596160313.520048,113.3546309146341,0.6097417697161747,0
1596160313.530048,115.1538138064798,0.6097417697161747,0
1596160313.540048,116.95488497347199,0.6097417697161747,0
1596160313.5500479,118.7549690875467,0.6097417697161747,0
1596160313.5600479,120.55668398470246,0.6097417697161747,0
1596160313.5700479,122.35621019930207,0.6097417697161747,0
1596160313.5800478,124.15595099062287,0.6097417697161747,0
1596160313.5900478,125.95513388246857,0.6097417697161747,0
1596160313.6000478,127.75530382723176,0.6097417697161747,0
1596160313.6100478,129.55560251802765,0.6097417697161747,0
1596160313.6200478,131.35680243105256,0.6097417697161747,0
1596160313.6300478,133.15555616945588,0.6097417697161747,0
1596160313.6400478,134.95662733644807,0.6097417697161747,0
1596160313.6500478,136.75469442934357,0.6097417697161747,0
1596160313.6600478,138.5546927127298,0.6097417697161747,0
1596160313.6700478,140.35434767336213,0.6097417697161747,0
1596160313.6800478,142.15571924776398,0.6097417697161747,0
1596160313.6853693,143.11135813326203,0.6097417697161747,0
1596160313.6853693,143.11135813326203,0.6097417697161747,0
1596160313.6900477,143.95473047823273,0.6097417697161747,0
1596160313.7000477,145.75618788332307,0.6097417697161747,0
1596160313.7100477,147.555413690513,0.6097417697161747,0
1596160313.7200477,149.3564848575052,0.6097417697161747,0
1596160313.7300477,151.15648314089142,0.6097417697161747,0
1596160313.7400477,152.9536060962137,0.6097417697161747,0
1596160313.7500477,154.7551493319925,0.6097417697161747,0
1596160313.7600477,156.5561346682962,0.6097417697161747,0
1596160313.7700477,158.35403009981476,0.6097417697161747,0
1596160313.7800477,160.15621706575715,0.6097417697161747,0
1596160313.7900476,161.95655867189728,0.6097417697161747,0
1596160313.8000476,163.7558703097757,0.6097417697161747,0
1596160313.8100476,165.55453821749055,0.6097417697161747,0
1596160313.8200476,167.3562531146463,0.6097417697161747,0
1596160313.8300476,169.15659472078644,0.6097417697161747,0
1596160313.8400476,170.95418974489533,0.6097417697161747,0
1596160313.8500476,172.75599047273957,0.6097417697161747,0
1596160313.8600476,174.55658957094514,0.6097417697161747,0
1596160313.8700476,176.35384127230012,0.6097417697161747,0
1596160313.8800476,178.1551270160135,0.6097417697161747,0
1596160313.8900476,179.95594069094025,0.6097417697161747,0
1596160313.9000475,181.75533815950715,0.6097417697161747,0
1596160313.9100475,183.55580851168,0.6097417697161747,0
1596160313.9200475,185.35636469454133,0.6097417697161747,0
1596160313.9300475,187.15486094087922,0.6097417697161747,0
1596160313.9400475,188.9564900073465,0.6097417697161747,0
1596160313.9500475,190.7542137774881,0.6097417697161747,0
1596160313.9600475,192.5564007434305,0.6097417697161747,0
1596160313.9700475,194.354467836326,0.6097417697161747,0
1596160313.9800475,196.15485235781037,0.6097417697161747,0
1596160313.9900475,197.95566603273713,0.6097417697161747,0
1596160314.0000474,199.7554926547464,0.6097417697161747,0
1596160314.0100474,201.55476137728058,0.6097417697161747,0
1596160314.0200474,203.35368677706086,0.6097417697161747,0
1596160314.0300474,205.15535875887238,0.6097417697161747,0
1596160314.0400474,206.955786195701,0.6097417697161747,0
1596160314.0500474,208.75651403993928,0.6097417697161747,0
1596160314.0600474,210.55543943971955,0.6097417697161747,0
1596160314.0700474,212.35599562258088,0.6097417697161747,0
1596160314.0800474,214.15607973665558,0.6097417697161747,0
1596160314.0900474,215.9566359195169,0.6097417697161747,0
1596160314.1000473,217.7547888431009,0.6097417697161747,0
1596160314.1100473,219.5536284121927,0.6097417697161747,0
1596160314.1200473,221.35431334108674,0.6097417697161747,0
1596160314.1300473,223.15538450807892,0.6097417697161747,0
1596160314.1400473,224.9554257068094,0.6097417697161747,0
1596160314.1500473,226.75430819124543,0.6097417697161747,0
1596160314.1600473,228.55632349581086,0.6097417697161747,0
1596160314.1700473,230.35340353578889,0.6097417697161747,0
1596160314.1800473,232.1538309726175,0.6097417697161747,0
1596160314.1900473,233.95674749941193,0.6097417697161747,0
1596160314.2000473,235.75369879335724,0.6097417697161747,0
1596160314.2100472,237.55455538362824,0.6097417697161747,0
1596160314.2200472,239.35545488924348,0.6097417697161747,0
1596160314.2300472,241.15669771761262,0.6097417697161747,0
1596160314.2400472,242.95592352480256,0.6097417697161747,0
1596160314.2500472,244.7534756335672,0.6097417697161747,0
1596160314.2600472,246.5556625995096,0.6097417697161747,0
1596160314.2700472,248.354974237388,0.6097417697161747,0
1596160314.2800472,250.1534704837259,0.6097417697161747,0
1596160314.2900472,251.95381208986603,0.6097417697161747,0
1596160314.3000472,253.75411078066193,0.6097417697161747,0
1596160314.3100471,255.5535940799173,0.6097417697161747,0
1596160314.3200471,257.35350653261503,0.6097417697161747,0
1596160314.3300471,259.15586515993436,0.6097417697161747,0
1596160314.3400471,260.9557346972879,0.6097417697161747,0
1596160314.350047,262.75521799654325,0.6097417697161747,0
1596160314.360047,264.5550017032083,0.6097417697161747,0
1596160314.3604755,264.6304897937234,0.6097417697161747,0
1596160314.3604755,264.6304897937234,0.6097417697161747,0
1596160314.370047,266.3549570712503,0.6097417697161747,0
1596160314.380047,268.1538395556863,0.6097417697161747,0
1596160314.390047,269.9552540454324,0.6097417697161747,0
1596160314.400047,271.7534069690164,0.6097417697161747,0
1596160314.410047,273.55589434236845,0.6097417697161747,0
1596160314.420047,275.35404726595243,0.6097417697161747,0
1596160314.430047,277.15550467104276,0.6097417697161747,0
1596160314.440047,278.95357176393827,0.6097417697161747,0
1596160314.450047,280.7551579150613,0.6097417697161747,0
1596160314.460047,282.55618616670927,0.6097417697161747,0
1596160314.470047,284.3536095294412,0.6097417697161747,0
1596160314.480047,286.1546806964334,0.6097417697161747,0
1596160314.490047,287.9551939639505,0.6097417697161747,0
1596160314.500047,289.7538618716653,0.6097417697161747,0
1596160314.510047,291.5541605624612,0.6097417697161747,0
1596160314.520047,293.3539871844705,0.6097417697161747,0
1596160314.530047,295.1533846530374,0.6097417697161747,0
1596160314.540047,296.95655867189726,0.6097417697161747,0
1596160314.550047,298.75462576479276,0.6097417697161747,0
1596160314.560047,300.5536369952615,0.6097417697161747,0
1596160314.570047,302.3559097918924,0.6097417697161747,0
1596160314.580047,304.1534189853128,0.6097417697161747,0
1596160314.590047,305.9535030993875,0.6097417697161747,0
1596160314.6000469,307.75375887483915,0.6097417697161747,0
1596160314.6100469,309.553328004783,0.6097417697161747,0
1596160314.6200469,311.3548712405618,0.6097417697161747,0
1596160314.6300468,313.1565003070291,0.6097417697161747,0
1596160314.6400468,314.9558119449075,0.6097417697161747,0
1596160314.6500468,316.7566685351785,0.6097417697161747,0
1596160314.6600468,318.5535769137796,0.6097417697161747,0
1596160314.6700468,320.35554930300077,0.6097417697161747,0
1596160314.6800468,322.1540884646829,0.6097417697161747,0
1596160314.6900468,323.953700509971,0.6097417697161747,0
1596160314.7000468,325.7564024600442,0.6097417697161747,0
1596160314.7100468,327.5535254153665,0.6097417697161747,0
1596160314.7200468,329.3548111590799,0.6097417697161747,0
1596160314.7300467,331.1537794742044,0.6097417697161747,0
1596160314.7400467,332.95369192690214,0.6097417697161747,0
1596160314.7500467,334.7546343478616,0.6097417697161747,0
1596160314.7600467,336.5561775836404,0.6097417697161747,0
1596160314.7700467,338.3544163379129,0.6097417697161747,0
1596160314.7800467,340.1561741504129,0.6097417697161747,0
1596160314.7900467,341.9545845660623,0.6097417697161747,0
1596160314.8000467,343.7562136325296,0.6097417697161747,0
1596160314.8100467,345.5539803180154,0.6097417697161747,0
1596160314.8200467,347.3546223315652,0.6097417697161747,0
1596160314.8300467,349.15496393770536,0.6097417697161747,0
1596160314.8400466,350.9548334750589,0.6097417697161747,0
1596160314.8500466,352.7561621341165,0.6097417697161747,0
1596160314.8600466,354.5552162799295,0.6097417697161747,0
1596160314.8700466,356.35491415590604,0.6097417697161747,0
1596160314.8800466,358.15478369325956,0.6097417697161747,0
1596160314.8900466,359.9538807544168,0.6097417697161747,0
1596160314.8903193,360,0.6097417697161747,1
1596160314.8903193,0,0,0
1596160314.9003193,144.4545640879232,0.792511537303173,0
1596160314.9103193,146.25336074167075,0.792511537303173,0
1596160314.9203193,148.05541896158041,0.792511537303173,0
1596160314.9303193,149.85455893808188,0.792511537303173,0
1596160314.9403193,151.65271186166586,0.792511537303173,0
1596160314.9503193,153.45301055246176,0.792511537303173,0
1596160314.9603193,155.25416755014243,0.792511537303173,0
1596160314.9703193,157.053865426119,0.792511537303173,0
1596160314.9803193,158.85240458780112,0.792511537303173,0
1596160314.9903193,160.65407656961264,0.792511537303173,0
1596160315.0003192,162.45291613870444,0.792511537303173,0
1596160315.0103192,164.25536059671225,0.792511537303173,0
1596160315.0203192,166.05329894357504,0.792511537303173,0
1596160315.0303192,167.85484217935385,0.792511537303173,0
1596160315.0403192,169.65325259500327,0.792511537303173,0
1596160315.0456126,170.60485743814291,0.792511537303173,0
1596160315.0456126,170.60485743814291,0.792511537303173,0
1596160315.0503192,171.45355128579916,0.792511537303173,0
1596160315.0603192,173.2545795374471,0.792511537303173,0
1596160315.0703192,175.05479239755454,0.792511537303173,0
1596160315.0803192,176.85491942697348,0.792511537303173,0
1596160315.0903192,178.6544456415731,0.792511537303173,0
1596160315.1003191,180.45208358102622,0.792511537303173,0
1596160315.1103191,182.2548284464437,0.792511537303173,0
1596160315.1203191,184.05409716897788,0.792511537303173,0
1596160315.130319,185.85495375924887,0.792511537303173,0
1596160315.140319,187.6537074976522,0.792511537303173,0
1596160315.150319,189.45417784982504,0.792511537303173,0
1596160315.160319,191.25250243478598,0.792511537303173,0
1596160315.170319,193.05318736368002,0.792511537303173,0
1596160315.180319,194.85520266824545,0.792511537303173,0
1596160315.190319,196.65378474527182,0.792511537303173,0
1596160315.200319,198.45301055246176,0.792511537303173,0
1596160315.210319,200.25511168771567,0.792511537303173,0
1596160315.220319,202.05210589700522,0.792511537303173,0
1596160315.230319,203.85347747140707,0.792511537303173,0
1596160315.240319,205.65523528390707,0.792511537303173,0
1596160315.250319,207.45527648263754,0.792511537303173,0
1596160315.260319,209.255317681368,0.792511537303173,0
1596160315.270319,211.0549297266561,0.792511537303173,0
1596160315.280319,212.8529968195516,0.792511537303173,0
1596160315.290319,214.65501212411704,0.792511537303173,0
1596160315.300319,216.4524784021932,0.792511537303173,0
1596160315.310319,218.25260543161215,0.792511537303173,0
1596160315.320319,220.0550928049642,0.792511537303173,0
1596160315.330319,221.85277365976157,0.792511537303173,0
1596160315.340319,223.6550035410482,0.792511537303173,0
1596160315.350319,225.4545297556478,0.792511537303173,0
1596160315.360319,227.25388430887045,0.792511537303173,0
1596160315.370319,229.05452632242026,0.792511537303173,0
1596160315.3803189,230.8550825052816,0.792511537303173,0
1596160315.3903189,232.6551666193563,0.792511537303173,0
1596160315.4003189,234.45314788156332,0.792511537303173,0
1596160315.4103189,236.2533178263265,0.792511537303173,0
1596160315.4203188,238.05400275522055,0.792511537303173,0
1596160315.4303188,239.85206984811606,0.792511537303173,0
1596160315.4403188,241.65211104684653,0.792511537303173,0
1596160315.4503188,243.45279597574057,0.792511537303173,0
1596160315.4603188,245.25429629617514,0.792511537303173,0
1596160315.4703188,247.05369376474204,0.792511537303173,0
1596160315.4794772,248.7004842691976,0.792511537303173,0
1596160315.4794772,248.7004842691976,0.792511537303173,0
1596160315.4803188,248.85274791055502,0.792511537303173,0
1596160315.4903188,250.6543769770223,0.792511537303173,0
1596160315.5003188,252.45497607522788,0.792511537303173,0
1596160315.5103188,254.25424479776206,0.792511537303173,0
1596160315.5203187,256.05342768960776,0.792511537303173,0
1596160315.5303187,257.85291098886313,0.792511537303173,0
1596160315.5403187,259.6530809336263,0.792511537303173,0
1596160315.5503187,261.4526929789144,0.792511537303173,0
1596160315.5603187,263.2552232676107,0.792511537303173,0
1596160315.5703187,265.0549640589315,0.792511537303173,0
1596160315.5803187,266.8520011835653,0.792511537303173,0
1596160315.5903187,268.65272902780356,0.792511537303173,0
1596160315.6003187,270.45371436410727,0.792511537303173,0
1596160315.6103187,272.253626816805,0.792511537303173,0
1596160315.6203187,274.0524663858968,0.792511537303173,0
1596160315.6303186,275.8529796534139,0.792511537303173,0
1596160315.6403186,277.65345000558676,0.792511537303173,0
1596160315.6503186,279.4528903894979,0.792511537303173,0
1596160315.6603186,281.25516318612875,0.792511537303173,0
1596160315.6703186,283.0528440409261,0.792511537303173,0
1596160315.6803186,284.8539152079183,0.792511537303173,0
1596160315.6903186,286.6537847452718,0.792511537303173,0
1596160315.7003186,288.45343970590415,0.792511537303173,0
1596160315.7103186,290.25408171945395,0.792511537303173,0
1596160315.7203186,292.05416583352866,0.792511537303173,0
1596160315.7303185,293.8549795084554,0.792511537303173,0
1596160315.7403185,295.6539049082357,0.792511537303173,0
1596160315.7503185,297.45373153024497,0.792511537303173,0
1596160315.7603185,299.25347232156577,0.792511537303173,0
1596160315.7703185,301.05351352029624,0.792511537303173,0
1596160315.7803185,302.8551425867635,0.792511537303173,0
1596160315.7903185,304.6545400553304,0.792511537303173,0
1596160315.8003185,306.4537229471761,0.792511537303173,0
1596160315.8103185,308.2524337702352,0.792511537303173,0
1596160315.8203185,310.0540628367025,0.792511537303173,0
1596160315.8303185,311.85388945871176,0.792511537303173,0
1596160315.8403184,313.6543598108846,0.792511537303173,0
1596160315.8503184,315.4531564646322,0.792511537303173,0
1596160315.8603184,317.2524681025106,0.792511537303173,0
1596160315.8703184,319.0542259150106,0.792511537303173,0
1596160315.8803184,320.8536662989217,0.792511537303173,0
1596160315.8903184,322.6521625452596,0.792511537303173,0
1596160315.9003184,324.4549074106771,0.792511537303173,0
1596160315.9103184,326.2521591120321,0.792511537303173,0
1596160315.9203184,328.0537452631551,0.792511537303173,0
1596160315.9303184,329.85297107034506,0.792511537303173,0
1596160315.9333377,330.3953781061727,0.792511537303173,0
1596160315.9333377,330.3953781061727,0.792511537303173,0
1596160315.9403183,331.65515803628745,0.792511537303173,0
1596160315.9503183,333.4535255365926,0.792511537303173,0
1596160315.9603183,335.25455378824057,0.792511537303173,0
1596160315.9703183,337.05305003457846,0.792511537303173,0
1596160315.9803183,338.8528337412435,0.792511537303173,0
1596160315.9903183,340.6529178553182,0.792511537303173,0
1596160316.0003183,342.45506190591635,0.792511537303173,0
1596160316.0103183,344.25445937448325,0.792511537303173,0
1596160316.0203183,346.05196856790366,0.792511537303173,0
1596160316.0303183,347.8548850946981,0.792511537303173,0
1596160316.0403183,349.65256594949545,0.792511537303173,0
1596160316.0503182,351.4548387461263,0.792511537303173,0
1596160316.0603182,353.254922860201,0.792511537303173,0
1596160316.0703182,355.05311869912924,0.792511537303173,0
1596160316.0803182,356.8520011835653,0.792511537303173,0
1596160316.0903182,358.65530394845786,0.792511537303173,0
1596160316.0978253,360,0.792511537303173,1
1596160316.0978253,0,0,0
1596160316.1078253,264.0914151773923,1.457163332626816,0
1596160316.1178253,265.8901260004514,1.457163332626816,0
1596160316.1278253,267.6923129663938,1.457163332626816,0
1596160316.1378253,269.4911525354856,1.457163332626816,0
1596160316.1478252,271.2926099405759,1.457163332626816,0
1596160316.1578252,273.09059120278295,1.457163332626816,0
1596160316.1678252,274.89157653908666,1.457163332626816,0
1596160316.1778252,276.6926047907346,1.457163332626816,0
1596160316.1878252,278.4905431375974,1.457163332626816,0
1596160316.1978252,280.2903697596067,1.457163332626816,0
1596160316.2078252,282.0921275721067,1.457163332626816,0
1596160316.2178252,283.89204002480443,1.457163332626816,0
1596160316.2278252,285.69148040871556,1.457163332626816,0
1596160316.2378252,287.4902770624631,1.457163332626816,0
1596160316.2478251,289.2922065363401,1.457163332626816,0
1596160316.2578251,291.0924193964475,1.457163332626816,0
1596160316.2678251,292.89246059517797,1.457163332626816,0
1596160316.277825,294.6908710108274,1.457163332626816,0
1596160316.287825,296.492199669885,1.457163332626816,0
1596160316.297825,298.29078174691136,1.457163332626816,0
1596160316.307825,300.09253955941136,1.457163332626816,0
1596160316.317825,301.8896195993894,1.457163332626816,0
1596160316.327825,303.6920640573972,1.457163332626816,0
1596160316.337825,305.49266315560277,1.457163332626816,0
1596160316.347825,307.2896573648923,1.457163332626816,0
1596160316.357825,309.09154392342504,1.457163332626816,0
1596160316.367825,310.88995433907445,1.457163332626816,0
1596160316.377825,312.6906392679685,1.457163332626816,0
1596160316.387825,314.4908521280759,1.457163332626816,0
1596160316.397825,316.291365395593,1.457163332626816,0
1596160316.407825,318.09080577950414,1.457163332626816,0
1596160316.417825,319.8916194544309,1.457163332626816,0
1596160316.427825,321.6914889917844,1.457163332626816,0
1596160316.432217,322.4798867807859,1.457163332626816,0
1596160316.432217,322.4798867807859,1.457163332626816,0
1596160316.437825,323.4917876825803,1.457163332626816,0
1596160316.447825,325.29054142098363,1.457163332626816,0
1596160316.457825,327.09255672554906,1.457163332626816,0
1596160316.467825,328.8896796808713,1.457163332626816,0
1596160316.477825,330.68989254097875,1.457163332626816,0
1596160316.487825,332.4913499460691,1.457163332626816,0
1596160316.497825,334.2913482294553,1.457163332626816,0
1596160316.507825,336.0894153223508,1.457163332626816,0
1596160316.517825,337.89198852639134,1.457163332626816,0
1596160316.5278249,339.6894118891233,1.457163332626816,0
1596160316.5378249,341.4900539026731,1.457163332626816,0
1596160316.5478249,343.2899234400266,1.457163332626816,0
1596160316.5578249,345.0905654535764,1.457163332626816,0
1596160316.5678248,346.88966251473363,1.457163332626816,0
1596160316.5778248,348.6919782267087,1.457163332626816,0
1596160316.5878248,350.49017406563695,1.457163332626816,0
1596160316.5978248,352.2912023172849,1.457163332626816,0
1596160316.6078248,354.089741478967,1.457163332626816,0
1596160316.6178248,355.89064098458226,1.457163332626816,0
1596160316.6278248,357.69218422036107,1.457163332626816,0
1596160316.6378248,359.49076629738744,1.457163332626816,0
1596160316.6406703,360,1.457163332626816,1
1596160316.6406703,0,0,0
1596160316.6506703,114.62422938421447,0.626791270313168,0
1596160316.6606703,116.42461390569885,0.626791270313168,0
1596160316.6706703,118.22572798803527,0.626791270313168,0
1596160316.6806703,120.02315135076721,0.626791270313168,0
1596160316.6906703,121.82263465002258,0.626791270313168,0
1596160316.7006702,123.62490744665344,0.626791270313168,0
1596160316.7106702,125.42396159246643,0.626791270313168,0
1596160316.7206702,127.22297282293518,0.626791270313168,0
1596160316.7306702,129.0238723285504,0.626791270313168,0
1596160316.7406702,130.82558722570616,0.626791270313168,0
1596160316.7506702,132.6235684879132,0.626791270313168,0
1596160316.7606702,134.42279429510313,0.626791270313168,0
1596160316.7706702,136.22270674780088,0.626791270313168,0
1596160316.7806702,138.02304835394102,0.626791270313168,0
1596160316.7906702,139.82463450506407,0.626791270313168,0
1596160316.8006701,141.6242894656964,0.626791270313168,0
1596160316.8106701,143.4230432040997,0.626791270313168,0
1596160316.8206701,145.22514433935362,0.626791270313168,0
1596160316.83067,147.02334017828184,0.626791270313168,0
1596160316.84067,148.82286639288145,0.626791270313168,0
1596160316.85067,150.622564268858,0.626791270313168,0
1596160316.86067,152.424322081358,0.626791270313168,0
1596160316.87067,154.22569365575987,0.626791270313168,0
1596160316.88067,156.02466197088438,0.626791270313168,0
1596160316.89067,157.82367320135313,0.626791270313168,0
1596160316.90067,159.62242693975645,0.626791270313168,0
1596160316.91067,161.4242276676007,0.626791270313168,0
1596160316.92067,163.22255225256163,0.626791270313168,0
1596160316.93067,165.02345175817686,0.626791270313168,0
1596160316.94067,166.8254670627423,0.626791270313168,0
1596160316.95067,168.624649954588,0.626791270313168,0
1596160316.96067,170.4225883014508,0.626791270313168,0
1596160316.97067,172.22271533086973,0.626791270313168,0
1596160316.98067,174.02374358251768,0.626791270313168,0
1596160316.99067,175.82571597173887,0.626791270313168,0
1596160317.00067,177.6257142551251,0.626791270313168,0
1596160317.01067,179.42373843267637,0.626791270313168,0
1596160317.02067,181.22511000707823,0.626791270313168,0
1596160317.03067,183.0253657825299,0.626791270313168,0
1596160317.04067,184.8239907749005,0.626791270313168,0
1596160317.05067,186.62304492071348,0.626791270313168,0
1596160317.06067,188.42308611944395,0.626791270313168,0
1596160317.07067,190.22518725469786,0.626791270313168,0
1596160317.0806699,192.024627638609,0.626791270313168,0
1596160317.0906699,193.8230380542584,0.626791270313168,0
1596160317.1006699,195.62561125829893,0.626791270313168,0
1596160317.1106699,197.42260546758848,0.626791270313168,0
1596160317.1206698,199.22500701025206,0.626791270313168,0
1596160317.1306698,201.02543444708067,0.626791270313168,0
1596160317.1406698,202.82260031774717,0.626791270313168,0
1596160317.1506698,204.62474436834532,0.626791270313168,0
1596160317.1606698,206.4232406146832,0.626791270313168,0
1596160317.1706698,208.2226380832501,0.626791270313168,0
1596160317.1806698,210.02255053594786,0.626791270313168,0
1596160317.1906698,211.82542414739805,0.626791270313168,0
1596160317.2006698,213.62289042547422,0.626791270313168,0
1596160317.2106698,215.4240474231549,0.626791270313168,0
1596160317.2206697,217.22305865362364,0.626791270313168,0
1596160317.2306697,219.0245589740582,0.626791270313168,0
1596160317.2406697,220.82425685003477,0.626791270313168,0
1596160317.2506697,222.62408347204405,0.626791270313168,0
1596160317.2606697,224.4247684009381,0.626791270313168,0
1596160317.2706697,226.22377963140684,0.626791270313168,0
1596160317.2806697,228.02497954443174,0.626791270313168,0
1596160317.2906697,229.82369036749083,0.626791270313168,0
1596160317.3006697,231.6233882434674,0.626791270313168,0
1596160317.3106697,233.42501730993467,0.626791270313168,0
1596160317.3160753,234.3953332431622,0.626791270313168,0
1596160317.3160753,234.3953332431622,0.626791270313168,0
1596160317.3206697,235.2253589160748,0.626791270313168,0
1596160317.3306696,237.02269644811827,0.626791270313168,0
1596160317.3406696,238.8233813770123,0.626791270313168,0
1596160317.3506696,240.62531085088926,0.626791270313168,0
1596160317.3606696,242.4253091342755,0.626791270313168,0
1596160317.3706696,244.22243208959776,0.626791270313168,0
1596160317.3806696,246.02264494970518,0.626791270313168,0
1596160317.3899486,247.69252390936094,0.626791270313168,0
1596160317.3899486,247.69252390936094,0.626791270313168,0
1596160317.3906696,247.82311530187803,0.626791270313168,0
1596160317.4006696,249.62332816198546,0.626791270313168,0
1596160317.4106696,251.4227685458966,0.626791270313168,0
1596160317.4206696,253.22461218908506,0.626791270313168,0
1596160317.4306695,255.02297968939024,0.626791270313168,0
1596160317.4406695,256.8239221103497,0.626791270313168,0
1596160317.4506695,258.625551176817,0.626791270313168,0
1596160317.4606695,260.4234895236798,0.626791270313168,0
1596160317.4706695,262.22417445257383,0.626791270313168,0
1596160317.4806695,264.0246877200909,0.626791270313168,0
1596160317.4906695,265.8238276965924,0.626791270313168,0
1596160317.5006695,267.6238259799786,0.626791270313168,0
1596160317.5106695,269.4243392474957,0.626791270313168,0
1596160317.5206695,271.22558207586485,0.626791270313168,0
1596160317.5306695,273.02283377721983,0.626791270313168,0
1596160317.5406694,274.82326121404844,0.626791270313168,0
1596160317.5506694,276.6230878360577,0.626791270313168,0
1596160317.5606694,278.4236869342633,0.626791270313168,0
1596160317.5706694,280.22338481023985,0.626791270313168,0
1596160317.5806694,282.0225247867413,0.626791270313168,0
1596160317.5906694,283.8224801547833,0.626791270313168,0
1596160317.6006694,285.62260718420225,0.626791270313168,0
1596160317.6106694,287.42449374273497,0.626791270313168,0
1596160317.6206694,289.22341914251524,0.626791270313168,0
1596160317.6306694,291.02397532537657,0.626791270313168,0
1596160317.6406693,292.8247890003033,0.626791270313168,0
1596160317.650066,294.5136365421124,0.626791270313168,0
1596160317.650066,294.5136365421124,0.626791270313168,0
1596160317.6506693,294.62311358526426,0.626791270313168,0
1596160317.6606693,296.42362685278135,0.626791270313168,0
1596160317.6706693,298.2227668292828,0.626791270313168,0
1596160317.6806693,300.02525420263487,0.626791270313168,0
1596160317.6906693,301.82417960241514,0.626791270313168,0
1596160317.7006693,303.62495036199766,0.626791270313168,0
1596160317.7106693,305.42378993108946,0.626791270313168,0
1596160317.7206693,307.2233590610333,0.626791270313168,0
1596160317.7306693,309.0229711063214,0.626791270313168,0
1596160317.7406693,310.8236989505597,0.626791270313168,0
1596160317.7506692,312.62541384771544,0.626791270313168,0
1596160317.7606692,314.4237813480206,0.626791270313168,0
1596160317.7706692,316.22536749914366,0.626791270313168,0
1596160317.7806692,318.0227908618756,0.626791270313168,0
1596160317.7906692,319.82326121404844,0.626791270313168,0
1596160317.8006692,321.6237315662213,0.626791270313168,0
1596160317.8106692,323.4236869342633,0.626791270313168,0
1596160317.8206692,325.2251443393536,0.626791270313168,0
1596160317.8306692,327.0232114322491,0.626791270313168,0
1596160317.8406692,328.82535548284727,0.626791270313168,0
1596160317.8506691,330.6223496921368,0.626791270313168,0
1596160317.8606691,332.42479415014463,0.626791270313168,0
1596160317.8706691,334.225178671629,0.626791270313168,0
1596160317.880669,336.0253486163922,0.626791270313168,0
1596160317.890669,337.8244027622052,0.626791270313168,0
1596160317.900669,339.6238431461163,0.626791270313168,0
1596160317.910669,341.4228972919293,0.626791270313168,0
1596160317.920669,343.2222089298077,0.626791270313168,0
1596160317.930669,345.02499671056944,0.626791270313168,0
1596160317.940669,346.8241366870709,0.626791270313168,0
1596160317.950669,348.6242208011456,0.626791270313168,0
1596160317.960669,350.4223737247296,0.626791270313168,0
1596160317.970669,352.2244748599835,0.626791270313168,0
1596160317.980669,354.02271361425596,0.626791270313168,0
1596160317.990669,355.82266898229796,0.626791270313168,0
1596160318.000669,357.6223668582745,0.626791270313168,0
1596160318.010669,359.425111723692,0.626791270313168,0
1596160318.0138848,360,0.626791270313168,1
1596160318.0138848,0,0,0
1596160318.0238848,273.5032740884117,1.5094492919208227,0
1596160318.0338848,275.30408776333843,1.5094492919208227,0
1596160318.0438848,277.10241234829937,1.5094492919208227,0
1596160318.0538847,278.90112317135845,1.5094492919208227,0
1596160318.0638847,280.70189393094097,1.5094492919208227,0
1596160318.0738847,282.50296509793316,1.5094492919208227,0
1596160318.0838847,284.30257714322124,1.5094492919208227,0
1596160318.0938847,286.10154545834575,1.5094492919208227,0
1596160318.1038847,287.9026595406822,1.5094492919208227,0
1596160318.1138847,289.7009841256431,1.5094492919208227,0
1596160318.1238847,291.5036431603721,1.5094492919208227,0
1596160318.1338847,293.304113512545,1.5094492919208227,0
1596160318.1438847,295.10295308163677,1.5094492919208227,0
1596160318.1538846,296.9026080422691,1.5094492919208227,0
1596160318.1638846,298.703807955294,1.5094492919208227,0
1596160318.1738846,300.5027762704185,1.5094492919208227,0
1596160318.1838846,302.30389035275493,1.5094492919208227,0
1596160318.1938846,304.1030303292564,1.5094492919208227,0
1596160318.2038846,305.90307152798687,1.5094492919208227,0
1596160318.2138846,307.7011815362266,1.5094492919208227,0
1596160318.2238846,309.50220978787456,1.5094492919208227,0
1596160318.2338846,311.3023368172935,1.5094492919208227,0
1596160318.2438846,313.10113347104107,1.5094492919208227,0
1596160318.2538846,314.9020329766563,1.5094492919208227,0
1596160318.2638845,316.7022458367637,1.5094492919208227,0
1596160318.2738845,318.5015145592979,1.5094492919208227,0
1596160318.2838845,320.30408776333843,1.5094492919208227,0
1596160318.2938845,322.1021977715782,1.5094492919208227,0
1596160318.3038845,323.9037839227012,1.5094492919208227,0
1596160318.3138845,325.70391095212017,1.5094492919208227,0
1596160318.3238845,327.50150597622905,1.5094492919208227,0
1596160318.3338845,329.30326378872905,1.5094492919208227,0
1596160318.3438845,331.10098755887066,1.5094492919208227,0
1596160318.3538845,332.9041615777305,1.5094492919208227,0
1596160318.3638844,334.7018853478721,1.5094492919208227,0
1596160318.3738844,336.5017119698814,1.5094492919208227,0
1596160318.3838844,338.3011094384483,1.5094492919208227,0
1596160318.3938844,340.1025239281944,1.5094492919208227,0
1596160318.4038844,341.9028655343345,1.5094492919208227,0
1596160318.4138844,343.7015763573936,1.5094492919208227,0
1596160318.4238844,345.50226128628765,1.5094492919208227,0
1596160318.4338844,347.30157292416607,1.5094492919208227,0
1596160318.4438844,349.1017857842735,1.5094492919208227,0
1596160318.4538844,350.9014407449058,1.5094492919208227,0
1596160318.4638844,352.70246899655376,1.5094492919208227,0
1596160318.4738843,354.5016089730552,1.5094492919208227,0
1596160318.4838843,356.3026372247032,1.5094492919208227,0
1596160318.4938843,358.1035367303184,1.5094492919208227,0
1596160318.5038843,359.9018183999351,1.5094492919208227,0
1596160318.5044398,360,1.5094492919208227,1
1596160318.5044398,0,0,0
1596160318.5144398,1.802358627319336,0,0
1596160318.5244398,3.6032581329345703,0,0
1596160318.5344398,5.402312278747559,0,0
1596160318.5444398,7.200422286987305,0,0
1596160318.5544398,9.002609252929688,0,0
1596160318.5644398,10.800118446350098,0,0
1596160318.5744398,12.601361274719238,0,0
1596160318.5844398,14.402389526367188,0,0
1596160318.5944397,16.201744079589844,0,0
1596160318.6044397,18.003287315368652,0,0
1596160318.6144397,19.801998138427734,0,0
1596160318.6244397,21.602425575256348,0,0
1596160318.6344397,23.401522636413574,0,0
1596160318.6444397,25.202465057373047,0,0
1596160318.6544397,27.00160503387451,0,0
1596160318.6644397,28.801474571228027,0,0
1596160318.6744397,30.601859092712402,0,0
1596160318.6844397,32.401814460754395,0,0
1596160318.6944396,34.20112609863281,0,0
1596160318.7044396,36.000823974609375,0,0
1596160318.7144396,37.803354263305664,0,0
1596160318.7244396,39.60073471069336,0,0
1596160318.7344396,41.40069007873535,0,0
1596160318.7444396,43.20296287536621,0,0
1596160318.7544396,45.00154495239258,0,0
1596160318.7644396,46.80205821990967,0,0
1596160318.7744396,48.602614402770996,0,0
1596160318.7844396,50.40119647979736,0,0
1596160318.7944396,52.2009801864624,0,0
1596160318.8044395,54.00007724761963,0,0
1596160318.8144395,55.80149173736572,0,0
1596160318.8244395,57.601962089538574,0,0
1596160318.8344395,59.40088748931885,0,0
1596160318.8444395,61.200199127197266,0,0
1596160318.8476837,61.78389072418213,0,0
1596160318.8476837,61.78389072418213,0,0
1596160318.8544395,63.0031156539917,0,0
1596160318.8644395,64.80281352996826,0,0
1596160318.8744395,66.60238265991211,0,0
1596160318.8844395,68.39993476867676,0,0
1596160318.8944395,70.20306587219238,0,0
1596160318.9044394,72.0032787322998,0,0
1596160318.9144394,73.8010025024414,0,0
1596160318.9244394,75.60061454772949,0,0
1596160318.9344394,77.40262985229492,0,0
1596160318.9444394,79.20297145843506,0,0
1596160318.9544394,81.00292682647705,0,0
1596160318.9644394,82.8028392791748,0,0
1596160318.9744394,84.60090637207031,0,0
1596160318.9844394,86.40073299407959,0,0
1596160318.9944394,88.20051670074463,0,0
1596160319.0044394,90.0003433227539,0,0
1596160319.0144393,91.80334568023682,0,0
1596160319.0244393,93.60291481018066,0,0
1596160319.0344393,95.40222644805908,0,0
1596160319.0444393,97.20196723937988,0,0
1596160319.0544393,99.00012016296387,0,0
1596160319.0644393,100.80260753631592,0,0
1596160319.0744393,102.60149002075195,0,0
1596160319.0844393,104.40084457397461,0,0
1596160319.0944393,106.20127201080322,0,0
1596160319.1044393,108.00208568572998,0,0
1596160319.1144392,109.79998111724854,0,0
1596160319.1244392,111.60212516784668,0,0
1596160319.1344392,113.40087890625,0,0
1596160319.1444392,115.20092010498047,0,0
1596160319.1544392,117.00169086456299,0,0
1596160319.1644392,118.80164623260498,0,0
1596160319.1744392,120.60014247894287,0,0
1596160319.1844392,122.40280151367188,0,0
1596160319.1944392,124.20159816741943,0,0
1596160319.2044392,126.00009441375732,0,0
1596160319.2144392,127.8015947341919,0,0
1596160319.2244391,129.60270881652832,0,0
1596160319.2344391,131.3999605178833,0,0
1596160319.2444391,133.20236206054688,0,0
1596160319.254439,135.00060081481934,0,0
1596160319.264439,136.8025302886963,0,0
1596160319.274439,138.6029577255249,0,0
1596160319.284439,140.40205478668213,0,0
1596160319.294439,142.2006368637085,0,0
1596160319.304439,144.00110721588135,0,0
1596160319.314439,145.79998970031738,0,0
1596160319.324439,147.6029920578003,0,0
1596160319.334439,149.40067291259766,0,0
1596160319.344439,151.20049953460693,0,0
1596160319.354439,153.00238609313965,0,0
1596160319.364439,154.80182647705078,0,0
1596160319.374049,156.52964115142822,0,0
1596160319.374049,156.52964115142822,0,0
1596160319.374439,156.60285472869873,0,0
1596160319.384439,158.40023517608643,0,0
1596160319.394439,160.20147800445557,0,0
1596160319.404439,162.00164794921875,0,0
1596160319.414439,163.80224704742432,0,0
1596160319.424439,165.59997081756592,0,0
1596160319.434439,167.40056991577148,0,0
1596160319.444439,169.20073986053467,0,0
1596160319.454439,171.00090980529785,0,0
1596160319.464439,172.80279636383057,0,0
1596160319.474439,174.60283756256104,0,0
1596160319.484439,176.40189170837402,0,0
1596160319.494439,178.20236206054688,0,0
1596160319.5044389,180.00081539154053,0,0
1596160319.5144389,181.8030881881714,0,0
1596160319.5244389,183.6020565032959,0,0
1596160319.5344388,185.4005527496338,0,0
1596160319.5444388,187.2018814086914,0,0
1596160319.5544388,189.0001630783081,0,0
1596160319.5644388,190.80295085906982,0,0
1596160319.5744388,192.60294914245605,0,0
1596160319.5844388,194.40320491790771,0,0
1596160319.5944388,196.20277404785156,0,0
1596160319.6044388,198.00058364868164,0,0
1596160319.6144388,199.80023860931396,0,0
1596160319.6244388,201.60100936889648,0,0
1596160319.6344388,203.40079307556152,0,0
1596160319.6444387,205.20122051239014,0,0
1596160319.650419,206.27624988555908,0,0
1596160319.650419,206.27624988555908,0,0
1596160319.6544387,207.00117588043213,0,0
1596160319.6644387,208.8017749786377,0,0
1596160319.6744387,210.59988498687744,0,0
1596160319.6844387,212.40254402160645,0,0
1596160319.6944387,214.20297145843506,0,0
1596160319.7044387,216.00030899047852,0,0
1596160319.7144387,217.8031826019287,0,0
1596160319.7244387,219.60176467895508,0,0
1596160319.7344387,221.40296459197998,0,0
1596160319.7444386,223.20146083831787,0,0
1596160319.7544386,225.00308990478516,0,0
1596160319.7644386,226.80059909820557,0,0
1596160319.7744386,228.60098361968994,0,0
1596160319.7844386,230.40042400360107,0,0
1596160319.7944386,232.2027826309204,0,0
1596160319.8044386,234.00054931640625,0,0
1596160319.8144386,235.80119132995605,0,0
1596160319.8244386,237.60196208953857,0,0
1596160319.8344386,239.40294742584229,0,0
1596160319.8444386,241.20131492614746,0,0
1596160319.8544385,243.00118446350098,0,0
1596160319.8644385,244.80101108551025,0,0
1596160319.8744385,246.6013526916504,0,0
1596160319.8844385,248.4015655517578,0,0
1596160319.8944385,250.20044803619385,0,0
1596160319.9044385,252.0011329650879,0,0
1596160319.9144385,253.80117416381836,0,0
1596160319.9244385,255.60224533081055,0,0
1596160319.9344385,257.40095615386963,0,0
1596160319.9444385,259.2005681991577,0,0
1596160319.9544384,261.00215435028076,0,0
1596160319.9644384,262.8024101257324,0,0
1596160319.9744384,264.603009223938,0,0
1596160319.9844384,266.39991760253906,0,0
1596160319.9944384,268.2022762298584,0,0
1596160320.0044384,270.0016736984253,0,0
1596160320.0144384,271.7998266220093,0,0
1596160320.0244384,273.6019277572632,0,0
1596160320.0344384,275.40218353271484,0,0
1596160320.0444384,277.20102310180664,0,0
1596160320.0544384,279.0028667449951,0,0
1596160320.0644383,280.79973220825195,0,0
1596160320.0744383,282.6020908355713,0,0
1596160320.0844383,284.40075874328613,0,0
1596160320.0944383,286.2027311325073,0,0
1596160320.1044383,288.00049781799316,0,0
1596160320.1144383,289.80247020721436,0,0
1596160320.1244383,291.60040855407715,0,0
1596160320.1344383,293.4016513824463,0,0
1596160320.1444383,295.2022933959961,0,0
1596160320.1544383,297.0004892349243,0,0
1596160320.1644382,298.8001871109009,0,0
1596160320.1744382,300.6012153625488,0,0
1596160320.1844382,302.4020719528198,0,0
1596160320.1867943,302.8238010406494,0,0
1596160320.1867943,302.8238010406494,0,0
1596160320.1944382,304.20129776000977,0,0
1596160320.2044382,306.00090980529785,0,0
1596160320.2144382,307.80189514160156,0,0
1596160320.2244382,309.601035118103,0,0
1596160320.2344382,311.40081882476807,0,0
1596160320.2444382,313.19995880126953,0,0
1596160320.2544382,315.0020170211792,0,0
1596160320.2644382,316.80012702941895,0,0
1596160320.2744381,318.602614402771,0,0
1596160320.2844381,320.4005527496338,0,0
1596160320.2944381,322.201623916626,0,0
1596160320.304438,324.0012788772583,0,0
1596160320.314438,325.802264213562,0,0
1596160320.324438,327.6006746292114,0,0
1596160320.334438,329.40144538879395,0,0
1596160320.344438,331.20084285736084,0,0
1596160320.354438,333.00148487091064,0,0
1596160320.364438,334.80066776275635,0,0
1596160320.374438,336.60019397735596,0,0
1596160320.384438,338.4005355834961,0,0
1596160320.394438,340.20036220550537,0,0
1596160320.404438,342.00289249420166,0,0
1596160320.414438,343.7999725341797,0,0
1596160320.424438,345.6017303466797,0,0
1596160320.434438,347.4023723602295,0,0
1596160320.444438,349.2029285430908,0,0
1596160320.454438,351.0022830963135,0,0
1596160320.464438,352.80266761779785,0,0
1596160320.474438,354.6015501022339,0,0
1596160320.484438,356.40193462371826,0,0
1596160320.494438,358.200044631958,0,0
1596160320.5044463,360,0,1
1596160320.5044463,0,0,0
1596160320.5144463,256.29337735269013,1.4138447149646252,0
1596160320.5244462,258.09316105935517,1.4138447149646252,0
1596160320.5344462,259.8935884961838,1.4138447149646252,0
1596160320.5444462,261.6933292875046,1.4138447149646252,0
1596160320.5544462,263.49349923226777,1.4138447149646252,0
1596160320.5644462,265.2922529706711,1.4138447149646252,0
1596160320.5744462,267.09439702126923,1.4138447149646252,0
1596160320.5844462,268.8940090665573,1.4138447149646252,0
1596160320.5944462,270.69490857217255,1.4138447149646252,0
1596160320.6044462,272.49486394021454,1.4138447149646252,0
1596160320.6144462,274.2926306257004,1.4138447149646252,0
1596160320.6244462,276.09524674508515,1.4138447149646252,0
1596160320.6344461,277.89297051522675,1.4138447149646252,0
1596160320.6444461,279.6939987668747,1.4138447149646252,0
1596160320.6544461,281.49266667458954,1.4138447149646252,0
1596160320.664446,283.2948536405319,1.4138447149646252,0
1596160320.674446,285.0944227704758,1.4138447149646252,0
1596160320.684446,286.8934340009445,1.4138447149646252,0
1596160320.694446,288.6921448240036,1.4138447149646252,0
1596160320.704446,290.49270100686493,1.4138447149646252,0
1596160320.714446,292.2928280362839,1.4138447149646252,0
1596160320.724446,294.09329838845673,1.4138447149646252,0
1596160320.734446,295.8950132856125,1.4138447149646252,0
1596160320.744446,297.6943249234909,1.4138447149646252,0
1596160320.754446,299.4931644925827,1.4138447149646252,0
1596160320.764446,301.29316277596894,1.4138447149646252,0
1596160320.774446,303.0921740064377,1.4138447149646252,0
1596160320.784446,304.89320225808564,1.4138447149646252,0
1596160320.794446,306.69259972665253,1.4138447149646252,0
1596160320.804446,308.4921688565964,1.4138447149646252,0
1596160320.814446,310.29263920876923,1.4138447149646252,0
1596160320.824446,312.09409661385956,1.4138447149646252,0
1596160320.834446,313.895210696196,1.4138447149646252,0
1596160320.844446,315.69323487374726,1.4138447149646252,0
1596160320.854446,317.4932331571335,1.4138447149646252,0
1596160320.864446,319.2925447950119,1.4138447149646252,0
1596160320.874446,321.09211392495575,1.4138447149646252,0
1596160320.884446,322.89511628243866,1.4138447149646252,0
1596160320.894446,324.6928829679245,1.4138447149646252,0
1596160320.904446,326.4924091825241,1.4138447149646252,0
1596160320.9144459,328.29476780984345,1.4138447149646252,0
1596160320.9244459,330.0925774106735,1.4138447149646252,0
1596160320.9344459,331.89523644540253,1.4138447149646252,0
1596160320.9444458,333.69467682931366,1.4138447149646252,0
1596160320.9544458,335.49325890634003,1.4138447149646252,0
1596160320.9644458,337.29347176644745,1.4138447149646252,0
1596160320.9744458,339.0925688276047,1.4138447149646252,0
1596160320.9844458,340.89351124856415,1.4138447149646252,0
1596160320.9944458,342.69247956368866,1.4138447149646252,0
1596160321.0044458,344.4947094449753,1.4138447149646252,0
1596160321.0144458,346.29496522042695,1.4138447149646252,0
1596160321.0244458,348.0921740064377,1.4138447149646252,0
1596160321.0344458,349.89466137978974,1.4138447149646252,0
1596160321.0444458,351.6925568113083,1.4138447149646252,0
1596160321.0544457,353.4947866925949,1.4138447149646252,0
1596160321.0644457,355.29332585427704,1.4138447149646252,0
1596160321.0744457,357.0931095609421,1.4138447149646252,0
1596160321.0844457,358.8949102887863,1.4138447149646252,0
1596160321.0906107,360,1.4138447149646252,1
1596160321.0906107,0,0,0
1596160321.1006107,1.8027019500732422,0,0
1596160321.1106107,3.600640296936035,0,0
1596160321.1206107,5.402398109436035,0,0
1596160321.1306107,7.202181816101074,0,0
1596160321.1406107,9.000205993652344,0,0
1596160321.1506107,10.801405906677246,0,0
1596160321.1606107,12.60282039642334,0,0
1596160321.1706107,14.403204917907715,0,0
1596160321.1806107,16.201229095458984,0,0
1596160321.1906106,18.00307273864746,0,0
1596160321.2006106,19.802169799804688,0,0
1596160321.2106106,21.600322723388672,0,0
1596160321.2206106,23.40315341949463,0,0
1596160321.2306106,25.20113468170166,0,0
1596160321.2406106,27.003192901611328,0,0
1596160321.2506106,28.800573348999023,0,0
1596160321.2606106,30.601000785827637,0,0
1596160321.2706106,32.401084899902344,0,0
1596160321.2806106,34.20292854309082,0,0
1596160321.2906106,36.00095272064209,0,0
1596160321.3006105,37.800092697143555,0,0
1596160321.3106105,39.60219383239746,0,0
1596160321.3206105,41.40094757080078,0,0
1596160321.3306105,43.200345039367676,0,0
1596160321.3406105,45.00008583068848,0,0
1596160321.3506105,46.80222988128662,0,0
1596160321.3606105,48.600125312805176,0,0
1596160321.3706105,50.40153980255127,0,0
1596160321.3744042,51.082820892333984,0,0
1596160321.3744042,51.082820892333984,0,0
1596160321.3806105,52.20201015472412,0,0
1596160321.3906105,54.001150131225586,0,0
1596160321.4006104,55.8001184463501,0,0
1596160321.4106104,57.60003089904785,0,0
1596160321.4206104,59.40088748931885,0,0
1596160321.4306104,61.20204448699951,0,0
1596160321.4406104,63.002214431762695,0,0
1596160321.4506104,64.80264186859131,0,0
1596160321.4606104,66.60027980804443,0,0
1596160321.4706104,68.40238094329834,0,0
1596160321.4806104,70.201735496521,0,0
1596160321.4906104,72.00134754180908,0,0
1596160321.5006104,73.8012170791626,0,0
1596160321.5106103,75.60254573822021,0,0
1596160321.5206103,77.40172863006592,0,0
1596160321.5306103,79.20219898223877,0,0
1596160321.5406103,80.99992275238037,0,0
1596160321.5506103,82.80150890350342,0,0
1596160321.5606103,84.60305213928223,0,0
1596160321.5706103,86.40159130096436,0,0
1596160321.5806103,88.20214748382568,0,0
1596160321.5906103,90.0031328201294,0,0
1596160321.6006103,91.80180072784424,0,0
1596160321.6106102,93.60154151916504,0,0
1596160321.6206102,95.40136814117432,0,0
1596160321.6306102,97.20106601715088,0,0
1596160321.6406102,99.00213718414307,0,0
1596160321.6506102,100.80204963684082,0,0
1596160321.6606102,102.60239124298096,0,0
1596160321.6706102,104.40153121948242,0,0
1596160321.6806102,106.20234489440918,0,0
1596160321.6906102,108.00242900848389,0,0
1596160321.7006102,109.80088233947754,0,0
1596160321.7106102,111.60272598266602,0,0
1596160321.7206101,113.40216636657715,0,0
1596160321.7306101,115.20083427429199,0,0
1596160321.7406101,117.00169086456299,0,0
1596160321.75061,118.80104541778564,0,0
1596160321.76061,120.60323238372803,0,0
1596160321.77061,122.40087032318115,0,0
1596160321.78061,124.20005321502686,0,0
1596160321.79061,126.00288391113281,0,0
1596160321.80061,127.80026435852051,0,0
1596160321.81061,129.60219383239746,0,0
1596160321.82061,131.4030933380127,0,0
1596160321.83061,133.2015037536621,0,0
1596160321.84061,135.0021457672119,0,0
1596160321.85061,136.80218696594238,0,0
1596160321.86061,138.60192775726318,0,0
1596160321.87061,140.40175437927246,0,0
1596160321.88061,142.20110893249512,0,0
1596160321.89061,144.0023946762085,0,0
1596160321.90061,145.80050468444824,0,0
1596160321.91061,147.59990215301514,0,0
1596160321.92061,149.40221786499023,0,0
1596160321.93061,151.20097160339355,0,0
1596160321.94061,153.00285816192627,0,0
1596160321.95061,154.8008394241333,0,0
1596160321.96061,156.60285472869873,0,0
1596160321.97061,158.399977684021,0,0
1596160321.98061,160.20143508911133,0,0
1596160321.9832675,160.67822456359863,0,0
1596160321.9832675,160.67822456359863,0,0
1596160321.99061,162.00121879577637,0,0
1596160322.0006099,163.80173206329346,0,0
1596160322.0106099,165.6011724472046,0,0
1596160322.0206099,167.40275859832764,0,0
1596160322.0306098,169.20228481292725,0,0
1596160322.0406098,171.00266933441162,0,0
1596160322.0506098,172.80266761779785,0,0
1596160322.0606098,174.6024513244629,0,0
1596160322.0706098,176.40292167663574,0,0
1596160322.0806098,178.20244789123535,0,0
1596160322.0906098,180.00141620635986,0,0
1596160322.1006098,181.80111408233643,0,0
1596160322.1106098,183.60244274139404,0,0
1596160322.1206098,185.40008068084717,0,0
1596160322.1306098,187.20312595367432,0,0
1596160322.1406097,189.00123596191406,0,0
1596160322.1506097,190.80140590667725,0,0
1596160322.1606097,192.60071754455566,0,0
1596160322.1706097,194.4005012512207,0,0
1596160322.1806097,196.20152950286865,0,0
1596160322.1871476,197.37663745880127,0,0
1596160322.1871476,197.37663745880127,0,0
1596160322.1906097,198.00006866455078,0,0
1596160322.2006097,199.80302810668945,0,0
1596160322.2106097,201.60302639007568,0,0
1596160322.2206097,203.40062141418457,0,0
1596160322.2306097,205.20310878753662,0,0
1596160322.2406096,207.00229167938232,0,0
1596160322.2506096,208.8028049468994,0,0
1596160322.2606096,210.6015157699585,0,0
1596160322.2706096,212.40151405334473,0,0
1596160322.2806096,214.20164108276367,0,0
1596160322.2906096,216.0008668899536,0,0
1596160322.3006096,217.80095100402832,0,0
1596160322.3106096,219.60004806518555,0,0
1596160322.3206096,221.40300750732422,0,0
1596160322.3306096,223.20013046264648,0,0
1596160322.3406096,225.00051498413086,0,0
1596160322.3506095,226.80004119873047,0,0
1596160322.3606095,228.6013698577881,0,0
1596160322.3706095,230.4029130935669,0,0
1596160322.3806095,232.2015380859375,0,0
1596160322.3906095,234.0020513534546,0,0
1596160322.4006095,235.80153465270996,0,0
1596160322.4106095,237.60226249694824,0,0
1596160322.4206095,239.4025182723999,0,0
1596160322.4306095,241.203031539917,0,0
1596160322.4406095,243.00225734710693,0,0
1596160322.4506094,244.80148315429688,0,0
1596160322.4606094,246.60096645355225,0,0
1596160322.4706094,248.40225219726562,0,0
1596160322.4806094,250.20066261291504,0,0
1596160322.4906094,251.99975967407227,0,0
1596160322.5006094,253.80074501037598,0,0
1596160322.5106094,255.60091495513916,0,0
1596160322.5206094,257.40129947662354,0,0
1596160322.5306094,259.2010831832886,0,0
1596160322.5406094,260.9998369216919,0,0
1596160322.5506094,262.8020668029785,0,0
1596160322.5606093,264.6018075942993,0,0
1596160322.5706093,266.4006471633911,0,0
1596160322.5806093,268.2003879547119,0,0
1596160322.5906093,270.00025749206543,0,0
1596160322.6006093,271.80025577545166,0,0
1596160322.6106093,273.60145568847656,0,0
1596160322.6206093,275.4030418395996,0,0
1596160322.6306093,277.2029113769531,0,0
1596160322.6406093,279.00153636932373,0,0
1596160322.6506093,280.80299377441406,0,0
1596160322.6606092,282.60114669799805,0,0
1596160322.6706092,284.403076171875,0,0
1596160322.6806092,286.2021732330322,0,0
1596160322.6906092,287.9998540878296,0,0
1596160322.7006092,289.79976654052734,0,0
1596160322.7022521,290.0954532623291,0,0
1596160322.7022521,290.0954532623291,0,0
1596160322.7106092,291.5998077392578,0,0
1596160322.7206092,293.4024238586426,0,0
1596160322.7306092,295.20087718963623,0,0
1596160322.7406092,297.00263500213623,0,0
1596160322.7506092,298.8010883331299,0,0
1596160322.7606091,300.60065746307373,0,0
1596160322.7706091,302.3999261856079,0,0
1596160322.7806091,304.1999673843384,0,0
1596160322.7906091,306.0013818740845,0,0
1596160322.800609,307.80288219451904,0,0
1596160322.810609,309.6020221710205,0,0
1596160322.820609,311.4019775390625,0,0
1596160322.830609,313.20133209228516,0,0
1596160322.840609,315.0,0,0
1596160322.850609,316.80201530456543,0,0
1596160322.860609,318.60119819641113,0,0
1596160322.870609,320.39995193481445,0,0
1596160322.880609,322.19969272613525,0,0
1596160322.890609,324.0012788772583,0,0
1596160322.900609,325.7997751235962,0,0
1596160322.910609,327.6009750366211,0,0
1596160322.920609,329.4019603729248,0,0
1596160322.930609,331.20140075683594,0,0
1596160322.940609,333.0019998550415,0,0
1596160322.950609,334.8022985458374,0,0
1596160322.960609,336.6004943847656,0,0
1596160322.970609,338.40147972106934,0,0
1596160322.980609,340.1999759674072,0,0
1596160322.990609,342.0009183883667,0,0
1596160323.000609,343.801646232605,0,0
1596160323.010609,345.6008720397949,0,0
1596160323.020609,347.402286529541,0,0
1596160323.030609,349.20271396636963,0,0
1596160323.040609,351.0028409957886,0,0
1596160323.0506089,352.8006076812744,0,0
1596160323.0606089,354.59991931915283,0,0
1596160323.0706089,356.401891708374,0,0
1596160323.0806088,358.2011604309082,0,0
1596160323.0906246,360,0,1
1596160323.0906246,0,0,0
1596160323.1006246,246.4362169207731,1.3590715068918682,0
1596160323.1106246,248.2353998126188,1.3590715068918682,0
1596160323.1206245,250.03393897430092,1.3590715068918682,0
1596160323.1306245,251.83492431060463,1.3590715068918682,0
1596160323.1406245,253.63312014953286,1.3590715068918682,0
1596160323.1506245,255.43384799377114,1.3590715068918682,0
1596160323.1606245,257.2345758380094,1.3590715068918682,0
1596160323.1706245,259.0332866610685,1.3590715068918682,0
1596160323.1806245,260.833156198422,1.3590715068918682,0
1596160323.1906245,262.63465651885656,1.3590715068918682,0
1596160323.2006245,264.43572768584875,1.3590715068918682,0
1596160323.2106245,266.2330652178922,1.3590715068918682,0
1596160323.2206244,268.03409346954015,1.3590715068918682,0
1596160323.2306244,269.83370551482824,1.3590715068918682,0
1596160323.2406244,271.63434752837804,1.3590715068918682,0
1596160323.2506244,273.4333587588468,1.3590715068918682,0
1596160323.2606244,275.234429925839,1.3590715068918682,0
1596160323.2706244,277.03344115630773,1.3590715068918682,0
1596160323.2806244,278.8345981539884,1.3590715068918682,0
1596160323.2906244,280.63575515166906,1.3590715068918682,0
1596160323.3006244,282.4328351916471,1.3590715068918682,0
1596160323.3106244,284.23455008880285,1.3590715068918682,0
1596160323.3206244,286.03441962615636,1.3590715068918682,0
1596160323.3306243,287.8335166873136,1.3590715068918682,0
1596160323.3406243,289.6360898913541,1.3590715068918682,0
1596160323.3506243,291.4356161059537,1.3590715068918682,0
1596160323.3606243,293.2344127597013,1.3590715068918682,0
1596160323.3706243,295.0329519213834,1.3590715068918682,0
1596160323.3806243,296.8335939349332,1.3590715068918682,0
1596160323.3906243,298.63406428710607,1.3590715068918682,0
1596160323.4006243,300.4348350466886,1.3590715068918682,0
1596160323.4106243,302.2330308856168,1.3590715068918682,0
1596160323.4206243,304.03448829070715,1.3590715068918682,0
1596160323.4306242,305.83379992858556,1.3590715068918682,0
1596160323.4406242,307.634914010922,1.3590715068918682,0
1596160323.4506242,309.4340969027677,1.3590715068918682,0
1596160323.4606242,311.2354255618253,1.3590715068918682,0
1596160323.4706242,313.03306350127843,1.3590715068918682,0
1596160323.4806242,314.8328472079435,1.3590715068918682,0
1596160323.4906242,316.6340900363126,1.3590715068918682,0
1596160323.5006242,318.43344458953527,1.3590715068918682,0
1596160323.5106242,320.23318538085607,1.3590715068918682,0
1596160323.5206242,322.0354152621427,1.3590715068918682,0
1596160323.5306242,323.836143106381,1.3590715068918682,0
1596160323.5406241,325.6360555590787,1.3590715068918682,0
1596160323.5506241,327.4354530276456,1.3590715068918682,0
1596160323.5606241,329.2341638507047,1.3590715068918682,0
1596160323.570624,331.0339046420255,1.3590715068918682,0
1596160323.580624,332.8360916079679,1.3590715068918682,0
1596160323.590624,334.63278540984777,1.3590715068918682,0
1596160323.600624,336.43385657683996,1.3590715068918682,0
1596160323.610624,338.2337261141935,1.3590715068918682,0
1596160323.620624,340.0348401965299,1.3590715068918682,0
1596160323.630624,341.8352247180143,1.3590715068918682,0
1596160323.640624,343.6335493029752,1.3590715068918682,0
1596160323.650624,345.4336334170499,1.3590715068918682,0
1596160323.660624,347.23376044646886,1.3590715068918682,0
1596160323.670624,349.03448829070715,1.3590715068918682,0
1596160323.680624,350.8344865740934,1.3590715068918682,0
1596160323.690624,352.63354071990636,1.3590715068918682,0
1596160323.700624,354.43405398742345,1.3590715068918682,0
1596160323.710624,356.23443850890783,1.3590715068918682,0
1596160323.720624,358.03276309386877,1.3590715068918682,0
1596160323.730624,359.83593711272863,1.3590715068918682,0
1596160323.7315712,360,1.3590715068918682,1
1596160323.7315712,0,0,0
1596160323.7415712,1.800985336303711,0,0
1596160323.7515712,3.60076904296875,0,0
1596160323.7615712,5.403256416320801,0,0
1596160323.7715712,7.201108932495117,0,0
1596160323.7815711,9.000763893127441,0,0
1596160323.7915711,10.802907943725586,0,0
1596160323.8015711,12.60307788848877,0,0
1596160323.8115711,14.401745796203613,0,0
1596160323.821571,16.201915740966797,0,0
1596160323.831571,18.000025749206543,0,0
1596160323.841571,19.80010986328125,0,0
1596160323.851571,21.601481437683105,0,0
1596160323.861571,23.401308059692383,0,0
1596160323.871571,25.20263671875,0,0
1596160323.881571,27.00216293334961,0,0
1596160323.891571,28.80190372467041,0,0
1596160323.901571,30.601000785827637,0,0
1596160323.911571,32.40065574645996,0,0
1596160323.921571,34.20215606689453,0,0
1596160323.931571,36.00022315979004,0,0
1596160323.941571,37.80112266540527,0,0
1596160323.951571,39.6016788482666,0,0
1596160323.961571,41.40026092529297,0,0
1596160323.971571,43.20004463195801,0,0
1596160323.981571,45.000643730163574,0,0
1596160323.9836137,45.367655754089355,0,0
1596160323.9836137,45.367655754089355,0,0
1596160323.991571,46.80274486541748,0,0
1596160324.001571,48.60128402709961,0,0
1596160324.011571,50.40321350097656,0,0
1596160324.021571,52.20201015472412,0,0
1596160324.031571,54.000205993652344,0,0
1596160324.041571,55.80007553100586,0,0
1596160324.051571,57.60299205780029,0,0
1596160324.061571,59.40333366394043,0,0
1596160324.0715709,61.20251655578613,0,0
1596160324.0815709,63.00328731536865,0,0
1596160324.0915709,64.80259895324707,0,0
1596160324.1015708,66.60105228424072,0,0
1596160324.1115708,68.4019947052002,0,0
1596160324.1215708,70.20049095153809,0,0
1596160324.1315708,72.00048923492432,0,0
1596160324.1415708,73.8017749786377,0,0
1596160324.1515708,75.60318946838379,0,0
1596160324.1615708,77.40056991577148,0,0
1596160324.1715708,79.20039653778076,0,0
1596160324.1815708,81.00142478942871,0,0
1596160324.1915708,82.8028392791748,0,0
1596160324.2015707,84.60146427154541,0,0
1596160324.2115707,86.40008926391602,0,0
1596160324.2215707,88.20296287536621,0,0
1596160324.2315707,90.000901222229,0,0
1596160324.2415707,91.80270195007324,0,0
1596160324.2515707,93.60119819641113,0,0
1596160324.2615707,95.40274143218994,0,0
1596160324.2715707,97.20175266265869,0,0
1596160324.2815707,99.00226593017578,0,0
1596160324.2915707,100.80312252044678,0,0
1596160324.3015707,102.60037422180176,0,0
1596160324.3115706,104.40264701843262,0,0
1596160324.3215706,106.2007999420166,0,0
1596160324.3315706,108.00092697143555,0,0
1596160324.3415706,109.8002815246582,0,0
1596160324.3515706,111.6005802154541,0,0
1596160324.3615706,113.40036392211914,0,0
1596160324.3715706,115.20074844360352,0,0
1596160324.3815706,117.00263500213623,0,0
1596160324.3915706,118.80001544952393,0,0
1596160324.4015706,120.60108661651611,0,0
1596160324.4115705,122.40323066711426,0,0
1596160324.4215705,124.20151233673096,0,0
1596160324.4315705,126.00215435028076,0,0
1596160324.4415705,127.80232429504395,0,0
1596160324.4515705,129.603009223938,0,0
1596160324.4615705,131.40167713165283,0,0
1596160324.4715705,133.20176124572754,0,0
1596160324.4815705,135.00064373016357,0,0
1596160324.4915705,136.802659034729,0,0
1596160324.5015705,138.60158443450928,0,0
1596160324.5115705,140.40222644805908,0,0
1596160324.5215704,142.20140933990479,0,0
1596160324.5315704,144.0019655227661,0,0
1596160324.5415704,145.80029010772705,0,0
1596160324.5515704,147.60067462921143,0,0
1596160324.5615704,149.40320491790771,0,0
1596160324.5715704,151.20174407958984,0,0
1596160324.5815704,153.0025577545166,0,0
1596160324.5915704,154.80019569396973,0,0
1596160324.6015704,156.60040855407715,0,0
1596160324.6115704,158.40113639831543,0,0
1596160324.6215703,160.2006196975708,0,0
1596160324.6315703,162.0003604888916,0,0
1596160324.6415703,163.80091667175293,0,0
1596160324.6462445,164.64119911193848,0,0
1596160324.6462445,164.64119911193848,0,0
1596160324.6515703,165.60306072235107,0,0
1596160324.6615703,167.40262985229492,0,0
1596160324.6715703,169.2017698287964,0,0
1596160324.6815703,171.00228309631348,0,0
1596160324.6915703,172.80202388763428,0,0
1596160324.701352,174.5605230331421,0,0
1596160324.701352,174.5605230331421,0,0
1596160324.7015703,174.6023654937744,0,0
1596160324.7115703,176.40236377716064,0,0
1596160324.7215703,178.20055961608887,0,0
1596160324.7315702,180.0022315979004,0,0
1596160324.7415702,181.8002986907959,0,0
1596160324.7515702,183.6029577255249,0,0
1596160324.7615702,185.40209770202637,0,0
1596160324.7715702,187.20055103302002,0,0
1596160324.7815702,189.00140762329102,0,0
1596160324.7915702,190.80166339874268,0,0
1596160324.8015702,192.6020908355713,0,0
1596160324.8115702,194.40058708190918,0,0
1596160324.8215702,196.20221614837646,0,0
1596160324.8315701,198.0010986328125,0,0
1596160324.8415701,199.79980945587158,0,0
1596160324.8515701,201.60212516784668,0,0
1596160324.8615701,203.40014934539795,0,0
1596160324.87157,205.2002763748169,0,0
1596160324.88157,207.0007038116455,0,0
1596160324.89157,208.8004446029663,0,0
1596160324.90157,210.60112953186035,0,0
1596160324.91157,212.40039825439453,0,0
1596160324.92157,214.20069694519043,0,0
1596160324.93157,216.00228309631348,0,0
1596160324.94157,217.80292510986328,0,0
1596160324.95157,219.60266590118408,0,0
1596160324.96157,221.40279293060303,0,0
1596160324.97157,223.2024908065796,0,0
1596160324.98157,225.00261783599854,0,0
1596160324.99157,226.80115699768066,0,0
1596160325.00157,228.60068321228027,0,0
1596160325.01157,230.40115356445312,0,0
1596160325.02157,232.2008514404297,0,0
1596160325.03157,234.00110721588135,0,0
1596160325.04157,235.80273628234863,0,0
1596160325.05157,237.60033130645752,0,0
1596160325.06157,239.39977169036865,0,0
1596160325.062736,239.6096706390381,0,0
1596160325.062736,239.6096706390381,0,0
1596160325.07157,241.2010145187378,0,0
1596160325.08157,243.00264358520508,0,0
1596160325.09157,244.8007106781006,0,0
1596160325.10157,246.60298347473145,0,0
1596160325.11157,248.40057849884033,0,0
1596160325.1215699,250.200834274292,0,0
1596160325.1315699,252.00229167938232,0,0
1596160325.1415699,253.80048751831055,0,0
1596160325.1515698,255.6007432937622,0,0
1596160325.1615698,257.4010419845581,0,0
1596160325.1715698,259.2020273208618,0,0
1596160325.1815698,261.0012102127075,0,0
1596160325.1915698,262.80133724212646,0,0
1596160325.2015698,264.5997905731201,0,0
1596160325.2115698,266.40236377716064,0,0
1596160325.2215698,268.202748298645,0,0
1596160325.2315698,270.0028324127197,0,0
1596160325.2415698,271.800856590271,0,0
1596160325.2515697,273.60033988952637,0,0
1596160325.2615697,275.40119647979736,0,0
1596160325.2715697,277.2014093399048,0,0
1596160325.2815697,279.00054931640625,0,0
1596160325.2915697,280.80162048339844,0,0
1596160325.3015697,282.6028633117676,0,0
1596160325.3115697,284.4011449813843,0,0
1596160325.3215697,286.2015724182129,0,0
1596160325.3315697,288.0023002624512,0,0
1596160325.3415697,289.8004102706909,0,0
1596160325.3515697,291.6016960144043,0,0
1596160325.3615696,293.4009647369385,0,0
1596160325.3715696,295.2022933959961,0,0
1596160325.3815696,297.0000171661377,0,0
1596160325.3915696,298.80048751831055,0,0
1596160325.4015696,300.6002712249756,0,0
1596160325.4115696,302.40220069885254,0,0
1596160325.4215696,304.2025423049927,0,0
1596160325.4315696,306.0012102127075,0,0
1596160325.4415696,307.8003931045532,0,0
1596160325.4515696,309.6026659011841,0,0
1596160325.4615695,311.4003896713257,0,0
1596160325.4715695,313.2021474838257,0,0
1596160325.4815695,315.0021028518677,0,0
1596160325.4915695,316.7997407913208,0,0
1596160325.5015695,318.6022710800171,0,0
1596160325.5115695,320.4021406173706,0,0
1596160325.5215695,322.20025062561035,0,0
1596160325.5315695,324.0017080307007,0,0
1596160325.5415695,325.8005475997925,0,0
1596160325.5515695,327.6011896133423,0,0
1596160325.5615695,329.4024324417114,0,0
1596160325.5715694,331.2008857727051,0,0
1596160325.5815694,333.000283241272,0,0
1596160325.5915694,334.80122566223145,0,0
1596160325.6015694,336.60276889801025,0,0
1596160325.6115694,338.4005355834961,0,0
1596160325.6215694,340.2001476287842,0,0
1596160325.6315694,342.0025062561035,0,0
1596160325.6415694,343.8012170791626,0,0
1596160325.6515694,345.6009578704834,0,0
1596160325.6615694,347.4003553390503,0,0
1596160325.6715693,349.2003107070923,0,0
1596160325.6815693,351.00258350372314,0,0
1596160325.6915693,352.8009510040283,0,0
1596160325.7015693,354.60026264190674,0,0
1596160325.7115693,356.4012050628662,0,0
1596160325.7215693,358.1999158859253,0,0
1596160325.7315717,360,0,1
1596160325.7315717,0,0,0
1596160325.7415717,220.17582337921496,1.2131918757527866,0
1596160325.7515717,221.9753925091588,1.2131918757527866,0
1596160325.7615716,223.7745754010045,1.2131918757527866,0
1596160325.7715716,225.57650487488146,1.2131918757527866,0
1596160325.7815716,227.3762885815465,1.2131918757527866,0
1596160325.7915716,229.17594354217883,1.2131918757527866,0
1596160325.8015716,230.97538392608996,1.2131918757527866,0
1596160325.8115716,232.77632634704943,1.2131918757527866,0
1596160325.8215716,234.5749084240758,1.2131918757527866,0
1596160325.8315716,236.37786786621447,1.2131918757527866,0
1596160325.8415716,238.17687909668322,1.2131918757527866,0
1596160325.8515716,239.97683446472521,1.2131918757527866,0
1596160325.8615716,241.77606027191516,1.2131918757527866,0
1596160325.8715715,243.57481401031848,1.2131918757527866,0
1596160325.8815715,245.37695806091662,1.2131918757527866,0
1596160325.8915715,247.17506806915637,1.2131918757527866,0
1596160325.9015715,248.9748517758214,1.2131918757527866,0
1596160325.9115715,250.77781121796008,1.2131918757527866,0
1596160325.9215715,252.5751058346593,1.2131918757527866,0
1596160325.9315715,254.3755332714879,1.2131918757527866,0
1596160325.9415715,256.1746732479894,1.2131918757527866,0
1596160325.9515715,257.9777614361608,1.2131918757527866,0
1596160325.9615715,259.7748414761388,1.2131918757527866,0
1596160325.9715714,261.5772430188024,1.2131918757527866,0
1596160325.9815714,263.3754388577306,1.2131918757527866,0
1596160325.9915714,265.1745788342321,1.2131918757527866,0
1596160326.0015714,266.97595040863393,1.2131918757527866,0
1596160326.0115714,268.7761203533971,1.2131918757527866,0
1596160326.0215714,270.5752603298986,1.2131918757527866,0
1596160326.0315714,272.37538735931753,1.2131918757527866,0
1596160326.0415714,274.1749994046056,1.2131918757527866,0
1596160326.0515714,275.97491185730337,1.2131918757527866,0
1596160326.0615714,277.77778546875356,1.2131918757527866,0
1596160326.0715714,279.57572381561636,1.2131918757527866,0
1596160326.0815713,281.37782495087026,1.2131918757527866,0
1596160326.0915713,283.17653577392934,1.2131918757527866,0
1596160326.1015713,284.97593324249624,1.2131918757527866,0
1596160326.1115713,286.77769105499624,1.2131918757527866,0
1596160326.1215713,288.575801063236,1.2131918757527866,0
1596160326.1315713,290.3749839550817,1.2131918757527866,0
1596160326.1415713,292.17614095276235,1.2131918757527866,0
1596160326.1515713,293.9770404583776,1.2131918757527866,0
1596160326.1615713,295.7744638211095,1.2131918757527866,0
1596160326.1715713,297.57579248016714,1.2131918757527866,0
1596160326.1815712,299.3772928006017,1.2131918757527866,0
1596160326.1915712,301.1765615231359,1.2131918757527866,0
1596160326.2015712,302.9763452298009,1.2131918757527866,0
1596160326.2115712,304.7766010052526,1.2131918757527866,0
1596160326.2215712,306.5753547436559,1.2131918757527866,0
1596160326.2315712,308.3777562863195,1.2131918757527866,0
1596160326.2415712,310.1764241940343,1.2131918757527866,0
1596160326.2515712,311.97565000122427,1.2131918757527866,0
1596160326.2615712,313.774661231693,1.2131918757527866,0
1596160326.2715712,315.5757323986852,1.2131918757527866,0
1596160326.2815711,317.3746577984655,1.2131918757527866,0
1596160326.2915711,319.1746560818517,1.2131918757527866,0
1596160326.3015711,320.9768430477941,1.2131918757527866,0
1596160326.3115711,322.77619760101675,1.2131918757527866,0
1596160326.321571,324.5745221859777,1.2131918757527866,0
1596160326.331571,326.3752071148717,1.2131918757527866,0
1596160326.341571,328.1766216046178,1.2131918757527866,0
1596160326.351571,329.97468869751333,1.2131918757527866,0
1596160326.361571,331.7755452877843,1.2131918757527866,0
1596160326.371571,333.5749427563512,1.2131918757527866,0
1596160326.381571,335.37682931488393,1.2131918757527866,0
1596160326.391571,337.1750680691564,1.2131918757527866,0
1596160326.401571,338.97686879700063,1.2131918757527866,0
1596160326.411571,340.7769958264196,1.2131918757527866,0
1596160326.421571,342.57480542724966,1.2131918757527866,0
1596160326.431571,344.37609117096304,1.2131918757527866,0
1596160326.441571,346.17694776123403,1.2131918757527866,0
1596160326.451571,347.9750577694738,1.2131918757527866,0
1596160326.461571,349.7760860211217,1.2131918757527866,0
1596160326.471571,351.5745822674596,1.2131918757527866,0
1596160326.481571,353.3769838101232,1.2131918757527866,0
1596160326.491571,355.1772825009191,1.2131918757527866,0
1596160326.501571,356.9747916943395,1.2131918757527866,0
1596160326.511571,358.7770215756261,1.2131918757527866,0
1596160326.518384,360,1.2131918757527866,1
1596160326.518384,0,0,0
1596160326.528384,1.801156997680664,0,0
1596160326.538384,3.6029577255249023,0,0
1596160326.548384,5.402011871337891,0,0
1596160326.558384,7.202825546264648,0,0
1596160326.568384,9.00153636932373,0,0
1596160326.578384,10.801706314086914,0,0
1596160326.588384,12.601618766784668,0,0
1596160326.598384,14.401445388793945,0,0
1596160326.608384,16.200199127197266,0,0
1596160326.618384,18.003287315368652,0,0
1596160326.6283839,19.801783561706543,0,0
1596160326.6383839,21.6031551361084,0,0
1596160326.6465826,23.07575225830078,0,0
1596160326.6465826,23.07575225830078,0,0
1596160326.6483839,23.40311050415039,0,0
1596160326.6583838,25.202336311340332,0,0
1596160326.6683838,27.002248764038086,0,0
1596160326.6783838,28.80293369293213,0,0
1596160326.6883838,30.601043701171875,0,0
1596160326.6983838,32.40293025970459,0,0
1596160326.7083838,34.201812744140625,0,0
1596160326.7183838,36.00000858306885,0,0
1596160326.7283838,37.80077934265137,0,0
1596160326.7383838,39.6027946472168,0,0
1596160326.7483838,41.40244960784912,0,0
1596160326.7583838,43.20300579071045,0,0
1596160326.7683837,45.000600814819336,0,0
1596160326.7783837,46.80205821990967,0,0
1596160326.7883837,48.60184192657471,0,0
1596160326.7983837,50.40321350097656,0,0
1596160326.8083837,52.203383445739746,0,0
1596160326.8183837,54.00187969207764,0,0
1596160326.8283837,55.80076217651367,0,0
1596160326.8383837,57.602949142456055,0,0
1596160326.8483837,59.40024375915527,0,0
1596160326.8583837,61.20114326477051,0,0
1596160326.8683836,63.00084114074707,0,0
1596160326.8783836,64.80328559875488,0,0
1596160326.8883836,66.60221099853516,0,0
1596160326.8983836,68.40075016021729,0,0
1596160326.9083836,70.20074844360352,0,0
1596160326.9183836,72.00280666351318,0,0
1596160326.9283836,73.80053043365479,0,0
1596160326.9383836,75.6029748916626,0,0
1596160326.9483836,77.40258693695068,0,0
1596160326.9583836,79.20104026794434,0,0
1596160326.9683836,81.00168228149414,0,0
1596160326.9783835,82.80309677124023,0,0
1596160326.9883835,84.60318088531494,0,0
1596160326.9983835,86.40279293060303,0,0
