Type = Reachback Firefly,Function = Reachback Firefly (ln/e^),Refract = 0,Epsilon = 0.3,Start_phase = 214
Timestamp,Phase,Offset,Ping?
1596160337,214,0,0
1596160337.01,215.79600715637207,1.1888888888888889,0
1596160337.02,217.5937738418579,1.1888888888888889,0
1596160337.03,219.39604663848877,1.1888888888888889,0
1596160337.04,221.1938991546631,1.1888888888888889,0
1596160337.05,222.9965581893921,1.1888888888888889,0
1596160337.06,224.7949686050415,1.1888888888888889,0
1596160337.07,226.59397983551025,1.1888888888888889,0
1596160337.08,228.39419269561768,1.1888888888888889,0
1596160337.09,230.195650100708,1.1888888888888889,0
1596160337.1,231.9939317703247,1.1888888888888889,0
1596160337.11,233.79573249816895,1.1888888888888889,0
1596160337.12,235.59714698791504,1.1888888888888889,0
1596160337.1299999,237.3968448638916,1.1888888888888889,0
1596160337.1399999,239.19628524780273,1.1888888888888889,0
1596160337.1499999,240.9937515258789,1.1888888888888889,0
1596160337.1599998,242.7944793701172,1.1888888888888889,0
1596160337.1699998,244.5954647064209,1.1888888888888889,0
1596160337.1799998,246.39606380462646,1.1888888888888889,0
1596160337.1899998,248.1966199874878,1.1888888888888889,0
1596160337.1999998,249.9963607788086,1.1888888888888889,0
1596160337.2099998,251.79395580291748,1.1888888888888889,0
1596160337.2199998,253.59614276885986,1.1888888888888889,0
1596160337.2299998,255.39691352844238,1.1888888888888889,0
1596160337.2399998,257.19403648376465,1.1888888888888889,0
1596160337.2499998,258.9968671798706,1.1888888888888889,0
1596160337.2599998,260.7966079711914,1.1888888888888889,0
1596160337.2699997,262.59626293182373,1.1888888888888889,0
1596160337.2799997,264.3963041305542,1.1888888888888889,0
1596160337.2899997,266.19372749328613,1.1888888888888889,0
1596160337.2999997,267.994197845459,1.1888888888888889,0
1596160337.3099997,269.79638481140137,1.1888888888888889,0
1596160337.3199997,271.59488105773926,1.1888888888888889,0
1596160337.3299997,273.39530849456787,1.1888888888888889,0
1596160337.3399997,275.1939334869385,1.1888888888888889,0
1596160337.3499997,276.9968500137329,1.1888888888888889,0
1596160337.3599997,278.79650497436523,1.1888888888888889,0
1596160337.3699996,280.59594535827637,1.1888888888888889,0
1596160337.3799996,282.39645862579346,1.1888888888888889,0
1596160337.3899996,284.1969289779663,1.1888888888888889,0
1596160337.3999996,285.9946098327637,1.1888888888888889,0
1596160337.4099996,287.79576683044434,1.1888888888888889,0
1596160337.4199996,289.59563636779785,1.1888888888888889,0
1596160337.4299996,291.3938751220703,1.1888888888888889,0
1596160337.4399996,293.1949462890625,1.1888888888888889,0
1596160337.4499996,294.99382877349854,1.1888888888888889,0
1596160337.4599996,296.79571533203125,1.1888888888888889,0
1596160337.4699996,298.59498405456543,1.1888888888888889,0
1596160337.4799995,300.39674186706543,1.1888888888888889,0
1596160337.4899995,302.1951951980591,1.1888888888888889,0
1596160337.4999995,303.99579429626465,1.1888888888888889,0
1596160337.5099995,305.7936897277832,1.1888888888888889,0
1596160337.5199995,307.59694957733154,1.1888888888888889,0
1596160337.5299995,309.39488792419434,1.1888888888888889,0
1596160337.5399995,311.19643115997314,1.1888888888888889,0
1596160337.5499995,312.99462699890137,1.1888888888888889,0
1596160337.5599995,314.7950973510742,1.1888888888888889,0
1596160337.5699995,316.595739364624,1.1888888888888889,0
1596160337.5799994,318.39552307128906,1.1888888888888889,0
1596160337.5899994,320.1968517303467,1.1888888888888889,0
1596160337.5999994,321.99702167510986,1.1888888888888889,0
1596160337.6099994,323.79560375213623,1.1888888888888889,0
1596160337.6199994,325.5954303741455,1.1888888888888889,0
1596160337.6299994,327.39654445648193,1.1888888888888889,0
1596160337.6399994,329.1949119567871,1.1888888888888889,0
1596160337.6499994,330.99469566345215,1.1888888888888889,0
1596160337.6599994,332.7956380844116,1.1888888888888889,0
1596160337.6699994,334.59430599212646,1.1888888888888889,0
1596160337.6799994,336.39434719085693,1.1888888888888889,0
1596160337.6899993,338.1937446594238,1.1888888888888889,0
1596160337.6999993,339.9960174560547,1.1888888888888889,0
1596160337.7099993,341.79670238494873,1.1888888888888889,0
1596160337.7199993,343.5948123931885,1.1888888888888889,0
1596160337.7299993,345.39699935913086,1.1888888888888889,0
1596160337.7399993,347.1937789916992,1.1888888888888889,0
1596160337.7499993,348.9938201904297,1.1888888888888889,0
1596160337.7599993,350.79596424102783,1.1888888888888889,0
1596160337.76434,351.5749635696411,1.1888888888888889,0
1596160337.76434,351.5749635696411,1.1888888888888889,0
1596160337.7699993,352.5944604873657,1.1888888888888889,0
1596160337.7799993,354.394287109375,1.1888888888888889,0
1596160337.7899992,356.1950578689575,1.1888888888888889,0
1596160337.7999992,357.9938974380493,1.1888888888888889,0
1596160337.8099992,359.7959985733032,1.1888888888888889,0
1596160337.8111506,360,1.1888888888888889,1
1596160337.8111506,0,0,0
1596160337.8211505,124.8028403564205,0.6833422084891743,0
1596160337.8311505,126.60399735410117,0.6833422084891743,0
1596160337.8411505,128.4025365157833,0.6833422084891743,0
1596160337.8511505,130.2022773071041,0.6833422084891743,0
1596160337.8611505,132.00455010373497,0.6833422084891743,0
1596160337.8711505,133.80296051938438,0.6833422084891743,0
1596160337.8811505,135.6046325011959,0.6833422084891743,0
1596160337.8911505,137.4031287475338,0.6833422084891743,0
1596160337.9011505,139.20329869229698,0.6833422084891743,0
1596160337.9111505,141.00419819791222,0.6833422084891743,0
1596160337.9211504,142.80252278287315,0.6833422084891743,0
1596160337.9311504,144.604795579504,0.6833422084891743,0
1596160337.9411504,146.40324891049767,0.6833422084891743,0
1596160337.9511504,148.2017880721798,0.6833422084891743,0
1596160337.9611504,150.0033313079586,0.6833422084891743,0
1596160337.9711504,151.8044024749508,0.6833422084891743,0
1596160337.9811504,153.6033707900753,0.6833422084891743,0
1596160337.9911504,155.401652459692,0.6833422084891743,0
1596160338.0011504,157.20220864255333,0.6833422084891743,0
1596160338.0111504,159.0031510635128,0.6833422084891743,0
1596160338.0211504,160.8019906326046,0.6833422084891743,0
1596160338.0311503,162.6046496673336,0.6833422084891743,0
1596160338.0411503,164.40185845334435,0.6833422084891743,0
1596160338.0511503,166.20220005948448,0.6833422084891743,0
1596160338.0611503,168.00344288785362,0.6833422084891743,0
1596160338.0711503,169.8025828643551,0.6833422084891743,0
1596160338.0811503,171.60258114774132,0.6833422084891743,0
1596160338.0911503,173.40446770627403,0.6833422084891743,0
1596160338.1011503,175.20197689969444,0.6833422084891743,0
1596160338.1111503,177.0033484740963,0.6833422084891743,0
1596160338.1211503,178.80266011197472,0.6833422084891743,0
1596160338.1311502,180.6037312789669,0.6833422084891743,0
1596160338.1411502,182.40484536130333,0.6833422084891743,0
1596160338.1511502,184.20244038541222,0.6833422084891743,0
1596160338.1611502,186.0044127746334,0.6833422084891743,0
1596160338.1711502,187.80192196805382,0.6833422084891743,0
1596160338.1811502,189.60295021970177,0.6833422084891743,0
1596160338.1911502,191.4021760268917,0.6833422084891743,0
1596160338.2011502,193.20401967008019,0.6833422084891743,0
1596160338.2111502,195.00406086881065,0.6833422084891743,0
1596160338.2211502,196.80465996701622,0.6833422084891743,0
1596160338.2311502,198.60161126096153,0.6833422084891743,0
1596160338.2411501,200.404356126379,0.6833422084891743,0
1596160338.2511501,202.2030669494381,0.6833422084891743,0
1596160338.2611501,204.00435269315147,0.6833422084891743,0
1596160338.27115,205.8028918548336,0.6833422084891743,0
1596160338.28115,207.60314763028526,0.6833422084891743,0
1596160338.29115,209.40477669675255,0.6833422084891743,0
1596160338.30115,211.20181382138634,0.6833422084891743,0
1596160338.31115,213.00357163388634,0.6833422084891743,0
1596160338.32115,214.80253994901085,0.6833422084891743,0
1596160338.33115,216.60296738583946,0.6833422084891743,0
1596160338.34115,218.40189278561974,0.6833422084891743,0
1596160338.35115,220.20167649228478,0.6833422084891743,0
1596160338.36115,222.0024472518673,0.6833422084891743,0
1596160338.37115,223.80360424954796,0.6833422084891743,0
1596160338.38115,225.60403168637657,0.6833422084891743,0
1596160338.39115,227.40149796445274,0.6833422084891743,0
1596160338.40115,229.204199914526,0.6833422084891743,0
1596160338.41115,231.0026103301754,0.6833422084891743,0
1596160338.42115,232.80252278287315,0.6833422084891743,0
1596160338.43115,234.60483849484825,0.6833422084891743,0
1596160338.44115,236.40453637082481,0.6833422084891743,0
1596160338.45115,238.20187390286827,0.6833422084891743,0
1596160338.46115,240.00466168363,0.6833422084891743,0
1596160338.47115,241.80337250668907,0.6833422084891743,0
1596160338.48115,243.6019116683712,0.6833422084891743,0
1596160338.49115,245.401652459692,0.6833422084891743,0
1596160338.50115,247.20379651029015,0.6833422084891743,0
1596160338.51115,249.00263607938194,0.6833422084891743,0
1596160338.5211499,250.8037930770626,0.6833422084891743,0
1596160338.5311499,252.6046496673336,0.6833422084891743,0
1596160338.5411499,254.40331757504845,0.6833422084891743,0
1596160338.5511498,256.2031441970577,0.6833422084891743,0
1596160338.5611498,258.0028420730343,0.6833422084891743,0
1596160338.5711498,259.80288327176476,0.6833422084891743,0
1596160338.5811498,261.6032248779049,0.6833422084891743,0
1596160338.5911498,263.4021931930294,0.6833422084891743,0
1596160338.6011498,265.2025777145138,0.6833422084891743,0
1596160338.6111498,267.0031338973751,0.6833422084891743,0
1596160338.6211498,268.80313218076134,0.6833422084891743,0
1596160338.6311498,270.6029588027706,0.6833422084891743,0
1596160338.6411498,272.4017983718624,0.6833422084891743,0
1596160338.6511497,274.2027837081661,0.6833422084891743,0
1596160338.6611497,276.00355446774864,0.6833422084891743,0
1596160338.6711497,277.8023511214962,0.6833422084891743,0
1596160338.6811497,279.603894357275,0.6833422084891743,0
1596160338.6911497,281.40415013272667,0.6833422084891743,0
1596160338.6982052,282.6714402480831,0.6833422084891743,0
1596160338.6982052,282.6714402480831,0.6833422084891743,0
1596160338.7011497,283.20161641080284,0.6833422084891743,0
1596160338.7111497,285.00238717038536,0.6833422084891743,0
1596160338.7211497,286.8029433532467,0.6833422084891743,0
1596160338.7311497,288.6039286895504,0.6833422084891743,0
1596160338.7411497,290.40328324277306,0.6833422084891743,0
1596160338.7511497,292.20302403409386,0.6833422084891743,0
1596160338.7611496,294.0046960159054,0.6833422084891743,0
1596160338.7711496,295.8014327331295,0.6833422084891743,0
1596160338.7811496,297.6036196990719,0.6833422084891743,0
1596160338.7911496,299.4024592681637,0.6833422084891743,0
1596160338.8011496,301.20348751981163,0.6833422084891743,0
1596160338.8111496,303.00202668149376,0.6833422084891743,0
1596160338.8211496,304.8042994781246,0.6833422084891743,0
1596160338.8311496,306.604683999609,0.6833422084891743,0
1596160338.8411496,308.40459645230675,0.6833422084891743,0
1596160338.8511496,310.2041655822506,0.6833422084891743,0
1596160338.8611495,312.0038205428829,0.6833422084891743,0
1596160338.8711495,313.8026171966305,0.6833422084891743,0
1596160338.8811495,315.6020146651974,0.6833422084891743,0
1596160338.8911495,317.40205586392784,0.6833422084891743,0
1596160338.9011495,319.2042428298702,0.6833422084891743,0
1596160338.9111495,321.0046273513546,0.6833422084891743,0
1596160338.9211495,322.803938989233,0.6833422084891743,0
1596160338.9311495,324.60380852658653,0.6833422084891743,0
1596160338.9411495,326.4033776565304,0.6833422084891743,0
1596160338.9511495,328.2037192626705,0.6833422084891743,0
1596160338.9611495,330.00461876828575,0.6833422084891743,0
1596160338.9711494,331.8034154220333,0.6833422084891743,0
1596160338.9811494,333.60332787473106,0.6833422084891743,0
1596160338.9911494,335.4046994491329,0.6833422084891743,0
1596160339.0011494,337.2030669494381,0.6833422084891743,0
1596160339.0111494,339.0040522857418,0.6833422084891743,0
1596160339.0211494,340.80224812467003,0.6833422084891743,0
1596160339.0311494,342.6036626144161,0.6833422084891743,0
1596160339.0411494,344.40151513059044,0.6833422084891743,0
1596160339.0511494,346.20395958859825,0.6833422084891743,0
1596160339.0611494,348.0018550201168,0.6833422084891743,0
1596160339.0711493,349.8040849014034,0.6833422084891743,0
1596160339.0811493,351.60249531705284,0.6833422084891743,0
1596160339.0911493,353.40382397611046,0.6833422084891743,0
1596160339.1011493,355.2023631377926,0.6833422084891743,0
1596160339.1111493,357.0040351196041,0.6833422084891743,0
1596160339.1211493,358.8041192336788,0.6833422084891743,0
1596160339.1278098,360,0.6833422084891743,1
1596160339.1278098,0,0,0
1596160339.1378098,100.69582086522404,0.5494171834499209,0
1596160339.1478097,102.49757867772404,0.5494171834499209,0
1596160339.1578097,104.29676156956974,0.5494171834499209,0
1596160339.1678097,106.09615903813663,0.5494171834499209,0
1596160339.1778097,107.89581399876896,0.5494171834499209,0
1596160339.1878097,109.697400149892,0.5494171834499209,0
1596160339.1978097,111.4971409412128,0.5494171834499209,0
1596160339.2078097,113.29795461613956,0.5494171834499209,0
1596160339.2178097,115.09585004765812,0.5494171834499209,0
1596160339.2278097,116.89559083897892,0.5494171834499209,0
1596160339.2378097,118.69756322820011,0.5494171834499209,0
1596160339.2478096,120.49743276555363,0.5494171834499209,0
1596160339.2578096,122.2954569431049,0.5494171834499209,0
1596160339.2678096,124.09704309422794,0.5494171834499209,0
1596160339.2778096,125.89523893315616,0.5494171834499209,0
1596160339.2878096,127.69519430119816,0.5494171834499209,0
1596160339.2978096,129.4962225528461,0.5494171834499209,0
1596160339.3078096,131.2979803653461,0.5494171834499209,0
1596160339.3178096,133.09609037358584,0.5494171834499209,0
1596160339.3278096,134.89771944005312,0.5494171834499209,0
1596160339.3378096,136.69595819432558,0.5494171834499209,0
1596160339.3478096,138.497072276662,0.5494171834499209,0
1596160339.3578095,140.29629808385195,0.5494171834499209,0
1596160339.3678095,142.09741216618838,0.5494171834499209,0
1596160339.3778095,143.89749628026308,0.5494171834499209,0
1596160339.3878095,145.69526296574892,0.5494171834499209,0
1596160339.3978095,147.49667745549502,0.5494171834499209,0
1596160339.4078095,149.2974052997333,0.5494171834499209,0
1596160339.4178095,151.09641653020205,0.5494171834499209,0
1596160339.4278095,152.89534192998232,0.5494171834499209,0
1596160339.4378095,154.69748598058047,0.5494171834499209,0
1596160339.4478095,156.49684053380312,0.5494171834499209,0
1596160339.4578094,158.29774003941836,0.5494171834499209,0
1596160339.4678094,160.09722333867373,0.5494171834499209,0
1596160339.4778094,161.8980370136005,0.5494171834499209,0
1596160339.4878094,163.6951170535785,0.5494171834499209,0
1596160339.4978094,165.49644571263613,0.5494171834499209,0
1596160339.5078094,167.29661565739931,0.5494171834499209,0
1596160339.5178094,169.0976868243915,0.5494171834499209,0
1596160339.5278094,170.89536767918887,0.5494171834499209,0
1596160339.5378094,172.69721132237734,0.5494171834499209,0
1596160339.5478094,174.49785333592715,0.5494171834499209,0
1596160339.5578094,176.2981091113788,0.5494171834499209,0
1596160339.5678093,178.09776407201113,0.5494171834499209,0
1596160339.5778093,179.89660364110293,0.5494171834499209,0
1596160339.5878093,181.69617277104678,0.5494171834499209,0
1596160339.5978093,183.49685769994082,0.5494171834499209,0
1596160339.6078093,185.29797178227724,0.5494171834499209,0
1596160339.6178093,187.0982275577289,0.5494171834499209,0
1596160339.6278093,188.89547925908388,0.5494171834499209,0
1596160339.6378093,190.69775205571474,0.5494171834499209,0
1596160339.6478093,192.49517541844668,0.5494171834499209,0
1596160339.6578093,194.2962895007831,0.5494171834499209,0
1596160339.6678092,196.09753232915224,0.5494171834499209,0
1596160339.6778092,197.8955565067035,0.5494171834499209,0
1596160339.6878092,199.69589811284365,0.5494171834499209,0
1596160339.6978092,201.4956818195087,0.5494171834499209,0
1596160339.7078092,203.2954226108295,0.5494171834499209,0
1596160339.7178092,205.09782415349306,0.5494171834499209,0
1596160339.7278092,206.8976078601581,0.5494171834499209,0
1596160339.7378092,208.69546037633242,0.5494171834499209,0
1596160339.7478092,210.4952869983417,0.5494171834499209,0
1596160339.7578092,212.2972593875629,0.5494171834499209,0
1596160339.764555,213.5092316241962,0.5494171834499209,0
1596160339.764555,213.5092316241962,0.5494171834499209,0
1596160339.7678092,214.0965710254413,0.5494171834499209,0
1596160339.7778091,215.89807134587588,0.5494171834499209,0
1596160339.7878091,217.69588094670596,0.5494171834499209,0
1596160339.7978091,219.4973383517963,0.5494171834499209,0
1596160339.807809,221.29746538121523,0.5494171834499209,0
1596160339.817809,223.0969486804706,0.5494171834499209,0
1596160339.827809,224.8971186252338,0.5494171834499209,0
1596160339.837809,226.69767480809512,0.5494171834499209,0
1596160339.847809,228.4967289539081,0.5494171834499209,0
1596160339.857809,230.2950106235248,0.5494171834499209,0
1596160339.867809,232.09651094395937,0.5494171834499209,0
1596160339.877809,233.89826875645937,0.5494171834499209,0
1596160339.887809,235.69749456364931,0.5494171834499209,0
1596160339.897809,237.49762159306826,0.5494171834499209,0
1596160339.907809,239.29658990819277,0.5494171834499209,0
1596160339.917809,241.09538656194033,0.5494171834499209,0
1596160339.927809,242.89675813634219,0.5494171834499209,0
1596160339.9296935,243.23415857274355,0.5494171834499209,0
1596160339.9296935,243.23415857274355,0.5494171834499209,0
1596160339.937809,244.6977434726459,0.5494171834499209,0
1596160339.947809,246.49688344914736,0.5494171834499209,0
1596160339.957809,248.29696756322207,0.5494171834499209,0
1596160339.967809,250.09782415349306,0.5494171834499209,0
1596160339.977809,251.89713579137148,0.5494171834499209,0
1596160339.987809,253.6957607837421,0.5494171834499209,0
1596160339.997809,255.49580198247256,0.5494171834499209,0
1596160340.007809,257.29743104893987,0.5494171834499209,0
1596160340.017809,259.0957556339008,0.5494171834499209,0
1596160340.027809,260.89644056279485,0.5494171834499209,0
1596160340.037809,262.69493680913274,0.5494171834499209,0
1596160340.047809,264.4959650607807,0.5494171834499209,0
1596160340.0578089,266.2955771060688,0.5494171834499209,0
1596160340.0678089,268.0973349185688,0.5494171834499209,0
1596160340.0778089,269.8953161807758,0.5494171834499209,0
1596160340.0878088,271.6967306705219,0.5494171834499209,0
1596160340.0978088,273.4952269168598,0.5494171834499209,0
1596160340.1078088,275.2974138828022,0.5494171834499209,0
1596160340.1178088,277.0977554889423,0.5494171834499209,0
1596160340.1278088,278.8975821109516,0.5494171834499209,0
1596160340.1378088,280.69689374883,0.5494171834499209,0
1596160340.1478088,282.4960766406757,0.5494171834499209,0
1596160340.1578088,284.2954741092426,0.5494171834499209,0
1596160340.1678088,286.09727483708684,0.5494171834499209,0
1596160340.1778088,287.8979597659809,0.5494171834499209,0
1596160340.1878088,289.6978293033344,0.5494171834499209,0
1596160340.1978087,291.4965401263935,0.5494171834499209,0
1596160340.2078087,293.2956371875507,0.5494171834499209,0
1596160340.2178087,295.0949059100849,0.5494171834499209,0
1596160340.2278087,296.8969212146503,0.5494171834499209,0
1596160340.2378087,298.6958466144306,0.5494171834499209,0
1596160340.2478087,300.4965744586689,0.5494171834499209,0
1596160340.2578087,302.2961006732685,0.5494171834499209,0
1596160340.2678087,304.0966568561298,0.5494171834499209,0
1596160340.2778087,305.89656930882757,0.5494171834499209,0
1596160340.2878087,307.69549470860784,0.5494171834499209,0
1596160340.2978086,309.4981108279926,0.5494171834499209,0
1596160340.3078086,311.29823785741155,0.5494171834499209,0
1596160340.3178086,313.0961332889301,0.5494171834499209,0
1596160340.3278086,314.89604574162786,0.5494171834499209,0
1596160340.3378086,316.69690233189885,0.5494171834499209,0
1596160340.3478086,318.4955702396137,0.5494171834499209,0
1596160340.3578086,320.2957401843769,0.5494171834499209,0
1596160340.3678086,322.0963821979267,0.5494171834499209,0
1596160340.3778086,323.8965950580341,0.5494171834499209,0
1596160340.3878086,325.69749456364934,0.5494171834499209,0
1596160340.3978086,327.4978361697895,0.5494171834499209,0
1596160340.4078085,329.2960320087177,0.5494171834499209,0
1596160340.4178085,331.0973606677753,0.5494171834499209,0
1596160340.4278085,332.89804559666936,0.5494171834499209,0
1596160340.4378085,334.6970139117939,0.5494171834499209,0
1596160340.4478085,336.4979134174091,0.5494171834499209,0
1596160340.4578085,338.29692464787786,0.5494171834499209,0
1596160340.4678085,340.0962792011005,0.5494171834499209,0
1596160340.4778085,341.8973503680927,0.5494171834499209,0
1596160340.4878085,343.69713407475774,0.5494171834499209,0
1596160340.4978085,345.4967461200458,0.5494171834499209,0
1596160340.5078084,347.29507070500676,0.5494171834499209,0
1596160340.5178084,349.0970860095722,0.5494171834499209,0
1596160340.5278084,350.8956251712543,0.5494171834499209,0
1596160340.5378084,352.69686799962346,0.5494171834499209,0
1596160340.5478084,354.49716669041936,0.5494171834499209,0
1596160340.5578084,356.2948475452167,0.5494171834499209,0
1596160340.5678084,358.0974636646015,0.5494171834499209,0
1596160340.5778084,359.89548784215276,0.5494171834499209,0
1596160340.5783978,360,0.5494171834499209,1
1596160340.5783978,0,0,0
1596160340.5883977,161.59676902951463,0.8877538770140136,0
1596160340.5983977,163.3974968737529,0.8877538770140136,0
1596160340.6083977,165.19783847989305,0.8877538770140136,0
1596160340.6183977,166.99680679501756,0.8877538770140136,0
1596160340.6283977,168.7963759249614,0.8877538770140136,0
1596160340.6383977,170.59594505490526,0.8877538770140136,0
1596160340.6483977,172.3960720843242,0.8877538770140136,0
1596160340.6583977,174.1963707751201,0.8877538770140136,0
1596160340.6683977,175.99709861935838,0.8877538770140136,0
1596160340.6783977,177.7986418551372,0.8877538770140136,0
1596160340.6883976,179.5969235247539,0.8877538770140136,0
1596160340.6983976,181.39743679227098,0.8877538770140136,0
1596160340.7083976,183.19589012326463,0.8877538770140136,0
1596160340.7183976,184.99743335904344,0.8877538770140136,0
1596160340.7283976,186.79854744137987,0.8877538770140136,0
1596160340.7383976,188.59712951840623,0.8877538770140136,0
1596160340.7483976,190.39635532559618,0.8877538770140136,0
1596160340.7583976,192.1978127306865,0.8877538770140136,0
1596160340.7683976,193.99781101407274,0.8877538770140136,0
1596160340.7783976,195.79665058316453,0.8877538770140136,0
1596160340.7883976,197.59879463376268,0.8877538770140136,0
1596160340.7983975,199.39862125577196,0.8877538770140136,0
1596160340.8083975,201.19630211056932,0.8877538770140136,0
1596160340.8183975,202.99677246274217,0.8877538770140136,0
1596160340.8283975,204.7982298678325,0.8877538770140136,0
1596160340.8383975,206.5976273363994,0.8877538770140136,0
1596160340.8483975,208.39775436581834,0.8877538770140136,0
1596160340.8583975,210.19612186612352,0.8877538770140136,0
1596160340.8610444,210.6720959490703,0.8877538770140136,0
1596160340.8610444,210.6720959490703,0.8877538770140136,0
1596160340.8683975,211.99882381619676,0.8877538770140136,0
1596160340.8783975,213.79740589322313,0.8877538770140136,0
1596160340.8883975,215.59706085385545,0.8877538770140136,0
1596160340.8983974,217.3983036822246,0.8877538770140136,0
1596160340.9083974,219.1965853518413,0.8877538770140136,0
1596160340.9183974,220.99872940243944,0.8877538770140136,0
1596160340.9283974,222.79859893979295,0.8877538770140136,0
1596160340.9324284,223.52120750607713,0.8877538770140136,0
1596160340.9324284,223.52120750607713,0.8877538770140136,0
1596160340.9383974,224.59632270993455,0.8877538770140136,0
1596160340.9483974,226.39636390866502,0.8877538770140136,0
1596160340.9583974,228.19666259946092,0.8877538770140136,0
1596160340.9683974,229.99812000455125,0.8877538770140136,0
1596160340.9783974,231.7979037112163,0.8877538770140136,0
1596160340.9883974,233.5976445025371,0.8877538770140136,0
1596160340.9983974,235.39618366421922,0.8877538770140136,0
1596160341.0083973,237.19686859311327,0.8877538770140136,0
1596160341.0183973,238.99824016751512,0.8877538770140136,0
1596160341.0283973,240.79643600644334,0.8877538770140136,0
1596160341.0383973,242.5983654803203,0.8877538770140136,0
1596160341.0483973,244.39836376370653,0.8877538770140136,0
1596160341.0583973,246.19754665555223,0.8877538770140136,0
1596160341.0683973,247.9963433092998,0.8877538770140136,0
1596160341.0783973,249.79604118527635,0.8877538770140136,0
1596160341.0883973,251.59857147397264,0.8877538770140136,0
1596160341.0983973,253.39693897427782,0.8877538770140136,0
1596160341.1083972,255.19612186612352,0.8877538770140136,0
1596160341.1183972,256.9964205569194,0.8877538770140136,0
1596160341.1283972,258.79663341702684,0.8877538770140136,0
1596160341.1383972,260.59658878506883,0.8877538770140136,0
1596160341.1483972,262.39701622189745,0.8877538770140136,0
1596160341.1583972,264.1960274523662,0.8877538770140136,0
1596160341.1683972,265.9956394976543,0.8877538770140136,0
1596160341.1783972,267.79610984982713,0.8877538770140136,0
1596160341.1883972,269.59585064114793,0.8877538770140136,0
1596160341.1983972,271.39619224728807,0.8877538770140136,0
1596160341.2083972,273.19816463650926,0.8877538770140136,0
1596160341.2183971,274.99709003628953,0.8877538770140136,0
1596160341.2283971,276.7975603884624,0.8877538770140136,0
1596160341.2383971,278.5986744707988,0.8877538770140136,0
1596160341.248397,280.3975140398906,0.8877538770140136,0
1596160341.258397,282.19626777829393,0.8877538770140136,0
1596160341.268397,283.9977680987285,0.8877538770140136,0
1596160341.278397,285.7981955355571,0.8877538770140136,0
1596160341.288397,287.59707801999315,0.8877538770140136,0
1596160341.298397,289.3965613192485,0.8877538770140136,0
1596160341.308397,291.198404962437,0.8877538770140136,0
1596160341.318397,292.99831741513475,0.8877538770140136,0
1596160341.3225467,293.7425123995708,0.8877538770140136,0
1596160341.3225467,293.7425123995708,0.8877538770140136,0
1596160341.328397,294.7964274233745,0.8877538770140136,0
1596160341.338397,296.5972840136455,0.8877538770140136,0
1596160341.348397,298.3977114504741,0.8877538770140136,0
1596160341.358397,300.19693725766405,0.8877538770140136,0
1596160341.368397,301.99702137173875,0.8877538770140136,0
1596160341.378397,303.7956892794536,0.8877538770140136,0
1596160341.388397,305.59671753110155,0.8877538770140136,0
1596160341.398397,307.3971878832744,0.8877538770140136,0
1596160341.408397,309.19821613492235,0.8877538770140136,0
1596160341.418397,310.9976994341777,0.8877538770140136,0
1596160341.428397,312.79701107205614,0.8877538770140136,0
1596160341.438397,314.595678979771,0.8877538770140136,0
1596160341.448397,316.39593475522264,0.8877538770140136,0
1596160341.458397,318.197220498936,0.8877538770140136,0
1596160341.468397,319.9957167452739,0.8877538770140136,0
1596160341.478397,321.79597252072557,0.8877538770140136,0
1596160341.488397,323.5958420580791,0.8877538770140136,0
1596160341.4983969,325.39721363248094,0.8877538770140136,0
1596160341.5083969,327.19631069363817,0.8877538770140136,0
1596160341.5183969,328.99836891354784,0.8877538770140136,0
1596160341.5283968,330.7955776995586,0.8877538770140136,0
1596160341.5383968,332.59583347501024,0.8877538770140136,0
1596160341.5483968,334.3985354250835,0.8877538770140136,0
1596160341.5583968,336.19754665555223,0.8877538770140136,0
1596160341.5683968,337.9984032458232,0.8877538770140136,0
1596160341.5783968,339.7969853228496,0.8877538770140136,0
1596160341.5883968,341.5962540453838,0.8877538770140136,0
1596160341.5983968,343.39852684201463,0.8877538770140136,0
1596160341.6083968,345.19796722592577,0.8877538770140136,0
1596160341.6183968,346.9958197421001,0.8877538770140136,0
1596160341.6283967,348.7976204699443,0.8877538770140136,0
1596160341.6383967,350.59796207608446,0.8877538770140136,0
1596160341.6483967,352.3957287615703,0.8877538770140136,0
1596160341.6583967,354.1987311190532,0.8877538770140136,0
1596160341.6683967,355.9986864870952,0.8877538770140136,0
1596160341.6783967,357.79872768582567,0.8877538770140136,0
1596160341.6883967,359.5962797945903,0.8877538770140136,0
1596160341.6906502,360,0.8877538770140136,1
1596160341.6906502,0,0,0
1596160341.7006502,256.4752268789695,1.4148597584822038,0
1596160341.7106502,258.27677011474833,1.4148597584822038,0
1596160341.7206502,260.0764679907249,1.4148597584822038,0
1596160341.7306502,261.87715291961894,1.4148597584822038,0
1596160341.7406502,263.67522001251444,1.4148597584822038,0
1596160341.7506502,265.4763770101951,1.4148597584822038,0
1596160341.7606502,267.27693319305644,1.4148597584822038,0
1596160341.7706501,269.07645940765605,1.4148597584822038,0
1596160341.7806501,270.8771872518943,1.4148597584822038,0
1596160341.7906501,272.67495393738017,1.4148597584822038,0
1596160341.8006501,274.4757676123069,1.4148597584822038,0
1596160341.81065,276.27507925018534,1.4148597584822038,0
1596160341.82065,278.07516336426005,1.4148597584822038,0
1596160341.83065,279.8759770391868,1.4148597584822038,0
1596160341.84065,281.67623281463847,1.4148597584822038,0
1596160341.85065,283.4778189657615,1.4148597584822038,0
1596160341.86065,285.276057720034,1.4148597584822038,0
1596160341.87065,287.07687139496073,1.4148597584822038,0
1596160341.88065,288.87596845611796,1.4148597584822038,0
1596160341.89065,290.6747221945213,1.4148597584822038,0
1596160341.90065,292.47545003875956,1.4148597584822038,0
1596160341.91065,294.277465343325,1.4148597584822038,0
1596160341.92065,296.07660531982646,1.4148597584822038,0
1596160341.93065,297.87643194183573,1.4148597584822038,0
1596160341.94065,299.675357341616,1.4148597584822038,0
1596160341.95065,301.4748406408714,1.4148597584822038,0
1596160341.96065,303.2756972311424,1.4148597584822038,0
1596160341.97065,305.07629632934794,1.4148597584822038,0
1596160341.98065,306.8752217291282,1.4148597584822038,0
1596160341.99065,308.6758208273338,1.4148597584822038,0
1596160342.00065,310.47732114776835,1.4148597584822038,0
1596160342.01065,312.2780060766624,1.4148597584822038,0
1596160342.02065,314.0747427938865,1.4148597584822038,0
1596160342.03065,315.8770585058616,1.4148597584822038,0
1596160342.04065,317.67594099029765,1.4148597584822038,0
1596160342.05065,319.4752955435203,1.4148597584822038,0
1596160342.0606499,321.2751650808738,1.4148597584822038,0
1596160342.0706499,323.0779099462913,1.4148597584822038,0
1596160342.0806499,324.8760628698753,1.4148597584822038,0
1596160342.0906498,326.6759324072288,1.4148597584822038,0
1596160342.1006498,328.4747719763206,1.4148597584822038,0
1596160342.1106498,330.2772164343284,1.4148597584822038,0
1596160342.1206498,332.07485437378153,1.4148597584822038,0
1596160342.1306498,333.8751101492332,1.4148597584822038,0
1596160342.1406498,335.6749796865867,1.4148597584822038,0
1596160342.1506498,337.47720956787333,1.4148597584822038,0
1596160342.1606498,339.2752337454246,1.4148597584822038,0
1596160342.1706498,341.07613325103983,1.4148597584822038,0
1596160342.1806498,342.87501573547587,1.4148597584822038,0
1596160342.1906497,344.67776060089335,1.4148597584822038,0
1596160342.2006497,346.4765572546409,1.4148597584822038,0
1596160342.2106497,348.2777571676658,1.4148597584822038,0
1596160342.2206497,350.07655382141337,1.4148597584822038,0
1596160342.2306497,351.87479257568583,1.4148597584822038,0
1596160342.2406497,353.6754775045799,1.4148597584822038,0
1596160342.2506497,355.47684907898173,1.4148597584822038,0
1596160342.2564092,356.51136636718974,1.4148597584822038,0
1596160342.2564092,356.51136636718974,1.4148597584822038,0
1596160342.2606497,357.2772336004661,1.4148597584822038,0
1596160342.2706497,359.0774035452293,1.4148597584822038,0
1596160342.275792,360,1.4148597584822038,1
1596160342.275792,0,0,0
1596160342.2857919,126.53009892960694,0.6929368973584256,0
1596160342.2957919,128.32983972092774,0.6929368973584256,0
1596160342.3057919,130.1298809196582,0.6929368973584256,0
1596160342.3157918,131.9312954094043,0.6929368973584256,0
1596160342.3257918,133.73009206315186,0.6929368973584256,0
1596160342.3357918,135.5316782142749,0.6929368973584256,0
1596160342.3457918,137.32892991562989,0.6929368973584256,0
1596160342.3557918,139.1304731514087,0.6929368973584256,0
1596160342.3657918,140.93150140305664,0.6929368973584256,0
1596160342.3757918,142.73132802506592,0.6929368973584256,0
1596160342.3857918,144.53175546189453,0.6929368973584256,0
1596160342.3957918,146.33188249131348,0.6929368973584256,0
1596160342.4057918,148.12977792283203,0.6929368973584256,0
1596160342.4157917,149.9296045448413,0.6929368973584256,0
1596160342.4257917,151.72964574357178,0.6929368973584256,0
1596160342.4357917,153.52977277299073,0.6929368973584256,0
1596160342.4457917,155.331401839458,0.6929368973584256,0
1596160342.4557917,157.12925435563233,0.6929368973584256,0
1596160342.4657917,158.92903806229737,0.6929368973584256,0
1596160342.4757917,160.7319545890918,0.6929368973584256,0
1596160342.4857917,162.53075124283936,0.6929368973584256,0
1596160342.4957917,164.33100701829102,0.6929368973584256,0
1596160342.5057917,166.13160611649658,0.6929368973584256,0
1596160342.5157917,167.93083192368653,0.6929368973584256,0
1596160342.5257916,169.72889901658203,0.6929368973584256,0
1596160342.5357916,171.53009892960694,0.6929368973584256,0
1596160342.5457916,173.32872392197754,0.6929368973584256,0
1596160342.5557916,175.12872220536377,0.6929368973584256,0
1596160342.5657916,176.92970754166748,0.6929368973584256,0
1596160342.5757916,178.72944833298828,0.6929368973584256,0
1596160342.5857916,180.53159238358643,0.6929368973584256,0
1596160342.5957916,182.32918740769531,0.6929368973584256,0
1596160342.6057916,184.1294860984912,0.6929368973584256,0
1596160342.6157916,185.93038560410645,0.6929368973584256,0
1596160342.6257915,187.72926808854248,0.6929368973584256,0
1596160342.6357915,189.5311546470752,0.6929368973584256,0
1596160342.6457915,191.32982255479004,0.6929368973584256,0
1596160342.6557915,193.1293058540454,0.6929368973584256,0
1596160342.6657915,194.9290466453662,0.6929368973584256,0
1596160342.6757915,196.73028947373535,0.6929368973584256,0
1596160342.6857915,198.52934361954834,0.6929368973584256,0
1596160342.6957915,200.3303718711963,0.6929368973584256,0
1596160342.7057915,202.130455985271,0.6929368973584256,0
1596160342.7157915,203.92903806229737,0.6929368973584256,0
1596160342.7257915,205.73006631394531,0.6929368973584256,0
1596160342.7357914,207.53087998887207,0.6929368973584256,0
1596160342.7457914,209.32967664261963,0.6929368973584256,0
1596160342.7557914,211.1308336403003,0.6929368973584256,0
1596160342.7657914,212.9296732093921,0.6929368973584256,0
1596160342.7757914,214.73134519120362,0.6929368973584256,0
1596160342.7857914,216.53014184495117,0.6929368973584256,0
1596160342.7957914,218.3315992500415,0.6929368973584256,0
1596160342.8057914,220.12936593552735,0.6929368973584256,0
1596160342.8157914,221.93086625596192,0.6929368973584256,0
1596160342.8257914,223.729577079021,0.6929368973584256,0
1596160342.8357913,225.52867414017823,0.6929368973584256,0
1596160342.8457913,227.32987405320313,0.6929368973584256,0
1596160342.8557913,229.1299152519336,0.6929368973584256,0
1596160342.8657913,230.93085767289307,0.6929368973584256,0
1596160342.8757913,232.7286243583789,0.6929368973584256,0
1596160342.8857913,234.53175546189453,0.6929368973584256,0
1596160342.8957913,236.33063794633057,0.6929368973584256,0
1596160342.9057913,238.13037873765137,0.6929368973584256,0
1596160342.9157913,239.93080617447998,0.6929368973584256,0
1596160342.9257913,241.73093320389893,0.6929368973584256,0
1596160342.9357913,243.52994443436768,0.6929368973584256,0
1596160342.9457912,245.32934190293457,0.6929368973584256,0
1596160342.9557912,247.13105680009033,0.6929368973584256,0
1596160342.9657912,248.9296388771167,0.6929368973584256,0
1596160342.9757912,250.73182584305908,0.6929368973584256,0
1596160342.9857912,252.52924920579102,0.6929368973584256,0
1596160342.9957912,254.32911874314453,0.6929368973584256,0
1596160343.0057912,256.12967492600586,0.6929368973584256,0
1596160343.0157912,257.93018819352295,0.6929368973584256,0
1596160343.0257912,259.7304439689746,0.6929368973584256,0
1596160343.0357912,261.5299701835742,0.6929368973584256,0
1596160343.0457911,263.33099843522217,0.6929368973584256,0
1596160343.0557911,265.12902261277344,0.6929368973584256,0
1596160343.0657911,266.9293642189136,0.6929368973584256,0
1596160343.0757911,268.73120786210205,0.6929368973584256,0
1596160343.085791,270.5292320396533,0.6929368973584256,0
1596160343.095791,272.3291444923511,0.6929368973584256,0
1596160343.105791,274.1289281990161,0.6929368973584256,0
1596160343.115791,275.93171597977783,0.6929368973584256,0
1596160343.125791,277.73137094041016,0.6929368973584256,0
1596160343.1340203,279.2097616340747,0.6929368973584256,0
1596160343.1340203,279.2097616340747,0.6929368973584256,0
1596160343.135791,279.5286655571094,0.6929368973584256,0
1596160343.145791,281.3299083854785,0.6929368973584256,0
1596160343.155791,283.1316661979785,0.6929368973584256,0
1596160343.165791,284.93033410569336,0.6929368973584256,0
1596160343.175791,286.730761542522,0.6929368973584256,0
1596160343.185791,288.53003026505615,0.6929368973584256,0
1596160343.195791,290.3314876701465,0.6929368973584256,0
1596160343.205791,292.1308851387134,0.6929368973584256,0
1596160343.215791,293.9301109459033,0.6929368973584256,0
1596160343.225791,295.72865010758545,0.6929368973584256,0
1596160343.235791,297.5291204597583,0.6929368973584256,0
1596160343.245791,299.3288612510791,0.6929368973584256,0
1596160343.255791,301.1304044868579,0.6929368973584256,0
1596160343.265791,302.9310035850635,0.6929368973584256,0
1596160343.275791,304.73070146104004,0.6929368973584256,0
1596160343.285791,306.5307426597705,0.6929368973584256,0
1596160343.295791,308.3309126045337,0.6929368973584256,0
1596160343.305791,310.1301813270679,0.6929368973584256,0
1596160343.315791,311.9299221183887,0.6929368973584256,0
1596160343.321651,312.9832792427173,0.6929368973584256,0
1596160343.321651,312.9832792427173,0.6929368973584256,0
1596160343.325791,313.7293625022998,0.6929368973584256,0
1596160343.3357909,315.52957536240723,0.6929368973584256,0
1596160343.3457909,317.3307323600879,0.6929368973584256,0
1596160343.3557909,319.13030149003174,0.6929368973584256,0
1596160343.3657908,320.92982770463135,0.6929368973584256,0
1596160343.3757908,322.73137094041016,0.6929368973584256,0
1596160343.3857908,324.5293951179614,0.6929368973584256,0
1596160343.3957908,326.3289642479053,0.6929368973584256,0
1596160343.4057908,328.129949584209,0.6929368973584256,0
1596160343.4157908,329.92853166123535,0.6929368973584256,0
1596160343.4257908,331.7296457435718,0.6929368973584256,0
1596160343.4357908,333.531446471416,0.6929368973584256,0
1596160343.4457908,335.3308439399829,0.6929368973584256,0
1596160343.4557908,337.1310997154346,0.6929368973584256,0
1596160343.4657907,338.9298534538379,0.6929368973584256,0
1596160343.4757907,340.7292509224048,0.6929368973584256,0
1596160343.4857907,342.52963544388916,0.6929368973584256,0
1596160343.4957907,344.33001996537354,0.6929368973584256,0
1596160343.5057907,346.13066197892334,0.6929368973584256,0
1596160343.5157907,347.9311323310962,0.6929368973584256,0
1596160343.5257907,349.7287702705493,0.6929368973584256,0
1596160343.5357907,351.52898313065674,0.6929368973584256,0
1596160343.5457907,353.33039762040283,0.6929368973584256,0
1596160343.5557907,355.130567565166,0.6929368973584256,0
1596160343.5657907,356.9299221183887,0.6929368973584256,0
1596160343.5757906,358.7291479255786,0.6929368973584256,0
1596160343.582862,360,0.6929368973584256,1
1596160343.582862,0,0,0
1596160343.592862,208.98455023416722,1.1510219507553425,0
1596160343.602862,210.78467726358616,1.1510219507553425,0
1596160343.6128619,212.58540510782444,1.1510219507553425,0
1596160343.6228619,214.38634752878392,1.1510219507553425,0
1596160343.6328619,216.18724703439915,1.1510219507553425,0
1596160343.6428618,217.98634409555638,1.1510219507553425,0
1596160343.6528618,219.78535532602513,1.1510219507553425,0
1596160343.6628618,221.58616900095188,1.1510219507553425,0
1596160343.6728618,223.38689684519017,1.1510219507553425,0
1596160343.6828618,225.18504976877415,1.1510219507553425,0
1596160343.6928618,226.984618898718,1.1510219507553425,0
1596160343.7028618,228.78440260538304,1.1510219507553425,0
1596160343.7128618,230.58543085703099,1.1510219507553425,0
1596160343.7228618,232.3841845954343,1.1510219507553425,0
1596160343.7328618,234.18551325449192,1.1510219507553425,0
1596160343.7428617,235.98727106699192,1.1510219507553425,0
1596160343.7528617,237.7867543662473,1.1510219507553425,0
1596160343.7628617,239.58417772897923,1.1510219507553425,0
1596160343.7728617,241.38705134042942,1.1510219507553425,0
1596160343.7828617,243.18468927988255,1.1510219507553425,0
1596160343.7928617,244.98443007120335,1.1510219507553425,0
1596160343.8028617,246.78631662973606,1.1510219507553425,0
1596160343.8128617,248.58459829935276,1.1510219507553425,0
1596160343.8228617,250.3866136039182,1.1510219507553425,0
1596160343.8328617,252.1861398185178,1.1510219507553425,0
1596160343.8428617,253.98480772623265,1.1510219507553425,0
1596160343.8528616,255.78678011545384,1.1510219507553425,0
1596160343.8628616,257.5871646369382,1.1510219507553425,0
1596160343.8728616,259.38493132242405,1.1510219507553425,0
1596160343.8828616,261.1858737433835,1.1510219507553425,0
1596160343.8830082,261.2102925742551,1.1510219507553425,0
1596160343.8830082,261.2102925742551,1.1510219507553425,0
1596160343.8928616,262.98475622781956,1.1510219507553425,0
1596160343.9028616,264.7856557334348,1.1510219507553425,0
1596160343.9128616,266.58535360941136,1.1510219507553425,0
1596160343.9228616,268.38633894571507,1.1510219507553425,0
1596160343.9328616,270.18552183756077,1.1510219507553425,0
1596160343.9428616,271.98582052835667,1.1510219507553425,0
1596160343.9528615,273.78599047311985,1.1510219507553425,0
1596160343.9628615,275.58405756601536,1.1510219507553425,0
1596160343.9728615,277.3868882621213,1.1510219507553425,0
1596160343.9828615,279.18611406931126,1.1510219507553425,0
1596160343.9928615,280.9863698447629,1.1510219507553425,0
1596160344.0028615,282.78546690592015,1.1510219507553425,0
1596160344.0128615,284.5858085120603,1.1510219507553425,0
1596160344.0228615,286.3849055732175,1.1510219507553425,0
1596160344.0328615,288.1843888724729,1.1510219507553425,0
1596160344.0428615,289.98485922464573,1.1510219507553425,0
1596160344.0528615,291.7870461905881,1.1510219507553425,0
1596160344.0628614,293.58404039987767,1.1510219507553425,0
1596160344.0728614,295.3857552970334,1.1510219507553425,0
1596160344.0828614,297.1860110724851,1.1510219507553425,0
1596160344.0928614,298.98515104898655,1.1510219507553425,0
1596160344.1028614,300.78643679269993,1.1510219507553425,0
1596160344.1128614,302.58643507608616,1.1510219507553425,0
1596160344.1228614,304.38437342294895,1.1510219507553425,0
1596160344.1328614,306.18591665872776,1.1510219507553425,0
1596160344.1428614,307.9856145347043,1.1510219507553425,0
1596160344.1528614,309.78436827310765,1.1510219507553425,0
1596160344.1628613,311.584924455969,1.1510219507553425,0
1596160344.1728613,313.38384985574925,1.1510219507553425,0
1596160344.1828613,315.1856505835935,1.1510219507553425,0
1596160344.1928613,316.9860780204221,1.1510219507553425,0
1596160344.2028613,318.78410219797337,1.1510219507553425,0
1596160344.2128613,320.58586001047337,1.1510219507553425,0
1596160344.2228613,322.38512873300755,1.1510219507553425,0
1596160344.2328613,324.18474077829563,1.1510219507553425,0
1596160344.2428613,325.98392367014134,1.1510219507553425,0
1596160344.2528613,327.784179445593,1.1510219507553425,0
1596160344.2628613,329.5870530570432,1.1510219507553425,0
1596160344.2728612,331.3847768271848,1.1510219507553425,0
1596160344.2828612,333.18662047037327,1.1510219507553425,0
1596160344.2928612,334.984730478613,1.1510219507553425,0
1596160344.3028612,336.78417086252415,1.1510219507553425,0
1596160344.3128612,338.5854136908933,1.1510219507553425,0
1596160344.3228612,340.3870427573606,1.1510219507553425,0
1596160344.3328612,342.1864831412717,1.1510219507553425,0
1596160344.3428612,343.9863526786252,1.1510219507553425,0
1596160344.3528612,345.78678011545384,1.1510219507553425,0
1596160344.3628612,347.58574843057835,1.1510219507553425,0
1596160344.3728611,349.3861329520627,1.1510219507553425,0
1596160344.3828611,351.18668913492405,1.1510219507553425,0
1596160344.3928611,352.9857861960813,1.1510219507553425,0
1596160344.402861,354.78526949533665,1.1510219507553425,0
1596160344.412861,356.5841948951169,1.1510219507553425,0
1596160344.422861,358.38552355417454,1.1510219507553425,0
1596160344.4318473,360,1.1510219507553425,1
1596160344.4318473,0,0,0
1596160344.4418473,93.18847929910778,0.5077040082589321,0
1596160344.4518473,94.98937880472302,0.5077040082589321,0
1596160344.4618473,96.78869044260144,0.5077040082589321,0
1596160344.4718473,98.5887316413319,0.5077040082589321,0
1596160344.4818473,100.3899315543568,0.5077040082589321,0
1596160344.4918473,102.18701159433483,0.5077040082589321,0
1596160344.5018473,103.98731028513073,0.5077040082589321,0
1596160344.5118473,105.78876769022106,0.5077040082589321,0
1596160344.5218472,107.5882080741322,0.5077040082589321,0
1596160344.5318472,109.38764845804333,0.5077040082589321,0
1596160344.5418472,111.18820464090466,0.5077040082589321,0
1596160344.5518472,112.9879883475697,0.5077040082589321,0
1596160344.5618472,114.78845869974255,0.5077040082589321,0
1596160344.5718472,116.5892723746693,0.5077040082589321,0
1596160344.5818472,118.38879858926892,0.5077040082589321,0
1596160344.5918472,120.18720900491833,0.5077040082589321,0
1596160344.6018472,121.99008261636853,0.5077040082589321,0
1596160344.6118472,123.78870760873913,0.5077040082589321,0
1596160344.6218472,125.58862006143688,0.5077040082589321,0
1596160344.6318471,127.38733088449597,0.5077040082589321,0
1596160344.6418471,129.18745791391493,0.5077040082589321,0
1596160344.6518471,130.98719870523573,0.5077040082589321,0
1596160344.661847,132.78728281931043,0.5077040082589321,0
1596160344.671847,134.5898989386952,0.5077040082589321,0
1596160344.681847,136.38788020090223,0.5077040082589321,0
1596160344.691847,138.18933760599256,0.5077040082589321,0
1596160344.701847,139.98937880472303,0.5077040082589321,0
1596160344.711847,141.78869044260145,0.5077040082589321,0
1596160344.721847,143.58757292703748,0.5077040082589321,0
1596160344.7306223,145.16621386484266,0.5077040082589321,0
1596160344.7306223,145.16621386484266,0.5077040082589321,0
1596160344.731847,145.3877857871449,0.5077040082589321,0
1596160344.741847,147.18825613931776,0.5077040082589321,0
1596160344.751847,148.98731028513075,0.5077040082589321,0
1596160344.761847,150.78713690714002,0.5077040082589321,0
1596160344.771847,152.58795058206678,0.5077040082589321,0
1596160344.781847,154.3874767966664,0.5077040082589321,0
1596160344.791847,156.18953501657606,0.5077040082589321,0
1596160344.801847,157.98837458566786,0.5077040082589321,0
1596160344.811847,159.78910242990614,0.5077040082589321,0
1596160344.821847,161.5875557608998,0.5077040082589321,0
1596160344.831847,163.38699614481092,0.5077040082589321,0
1596160344.841847,165.18677985147596,0.5077040082589321,0
1596160344.851847,166.98909556345106,0.5077040082589321,0
1596160344.861847,168.78939425424696,0.5077040082589321,0
1596160344.871847,170.58741843179823,0.5077040082589321,0
1596160344.881847,172.3890474982655,0.5077040082589321,0
1596160344.891847,174.18874537424207,0.5077040082589321,0
1596160344.901847,175.98767077402235,0.5077040082589321,0
1596160344.9118469,177.78822695688368,0.5077040082589321,0
1596160344.9218469,179.58693777994276,0.5077040082589321,0
1596160344.9318469,181.38903891519666,0.5077040082589321,0
1596160344.9418468,183.18796431497694,0.5077040082589321,0
1596160344.9518468,184.98736178354383,0.5077040082589321,0
1596160344.9618468,186.7894200034535,0.5077040082589321,0
1596160344.9718468,188.58976160959364,0.5077040082589321,0
1596160344.9818468,190.38860117868543,0.5077040082589321,0
1596160344.9918468,192.18932902292372,0.5077040082589321,0
1596160345.0018468,193.9872673697865,0.5077040082589321,0
1596160345.0118468,195.78885352090956,0.5077040082589321,0
1596160345.0218468,197.58915221170545,0.5077040082589321,0
1596160345.0318468,199.3867043204701,0.5077040082589321,0
1596160345.0418468,201.18859087900282,0.5077040082589321,0
1596160345.0518467,202.9879883475697,0.5077040082589321,0
1596160345.0618467,204.787814969579,0.5077040082589321,0
1596160345.0718467,206.58849989847303,0.5077040082589321,0
1596160345.0818467,208.38858401254774,0.5077040082589321,0
1596160345.0918467,210.18780981973768,0.5077040082589321,0
1596160345.1018467,211.98755061105848,0.5077040082589321,0
1596160345.1118467,213.78960883096815,0.5077040082589321,0
1596160345.1218467,215.58690344766737,0.5077040082589321,0
1596160345.1318467,217.3898199744618,0.5077040082589321,0
1596160345.1418467,219.18767249063612,0.5077040082589321,0
1596160345.1518466,220.98990237192274,0.5077040082589321,0
1596160345.1618466,222.7898148246205,0.5077040082589321,0
1596160345.1718466,224.58981310800672,0.5077040082589321,0
1596160345.1818466,226.38689314798475,0.5077040082589321,0
1596160345.1918466,228.18744933084608,0.5077040082589321,0
1596160345.2018466,229.98736178354383,0.5077040082589321,0
1596160345.2118466,231.7881754584706,0.5077040082589321,0
1596160345.2119915,231.81268012003065,0.5077040082589321,0
1596160345.2119915,231.81268012003065,0.5077040082589321,0
1596160345.2218466,233.58898913339735,0.5077040082589321,0
1596160345.2318466,235.38808619455457,0.5077040082589321,0
1596160345.2418466,237.18932902292372,0.5077040082589321,0
1596160345.2518466,238.98761069254041,0.5077040082589321,0
1596160345.2618465,240.78898226694227,0.5077040082589321,0
1596160345.2718465,242.58799349741102,0.5077040082589321,0
1596160345.2818465,244.38666140512586,0.5077040082589321,0
1596160345.2833672,244.66028963998914,0.5077040082589321,0
1596160345.2833672,244.66028963998914,0.5077040082589321,0
1596160345.2918465,246.18674551920057,0.5077040082589321,0
1596160345.3018465,247.98773085550428,0.5077040082589321,0
1596160345.3118465,249.7882870383656,0.5077040082589321,0
1596160345.3218465,251.58892905191541,0.5077040082589321,0
1596160345.3318465,253.3896568961537,0.5077040082589321,0
1596160345.3418465,255.1879385657704,0.5077040082589321,0
1596160345.3518465,256.98746478037,0.5077040082589321,0
1596160345.3618464,258.78742014841197,0.5077040082589321,0
1596160345.3718464,260.5898646064198,0.5077040082589321,0
1596160345.3818464,262.3879316993153,0.5077040082589321,0
1596160345.3918464,264.18762957529185,0.5077040082589321,0
1596160345.4018464,265.98904406503794,0.5077040082589321,0
1596160345.4118464,267.78822695688365,0.5077040082589321,0
1596160345.4218464,269.589684361974,0.5077040082589321,0
1596160345.4318464,271.38959681467173,0.5077040082589321,0
1596160345.4418464,273.188522214452,0.5077040082589321,0
1596160345.4518464,274.9898508735096,0.5077040082589321,0
1596160345.4618464,276.79049288705943,0.5077040082589321,0
1596160345.4718463,278.58855997995494,0.5077040082589321,0
1596160345.4818463,280.3888157554066,0.5077040082589321,0
1596160345.4918463,282.1886423774159,0.5077040082589321,0
1596160345.5018463,283.98979937509654,0.5077040082589321,0
1596160345.5118463,285.7870510764515,0.5077040082589321,0
1596160345.5218463,287.58850848154185,0.5077040082589321,0
1596160345.5318463,289.387948865453,0.5077040082589321,0
1596160345.5418463,291.1888483710682,0.5077040082589321,0
1596160345.5518463,292.98670088724253,0.5077040082589321,0
1596160345.5618463,294.78837286905406,0.5077040082589321,0
1596160345.5718462,296.58764159158824,0.5077040082589321,0
1596160345.5818462,298.3883694358265,0.5077040082589321,0
1596160345.5918462,300.1883248038685,0.5077040082589321,0
1596160345.6018462,301.987293118993,0.5077040082589321,0
1596160345.6118462,303.7877634711659,0.5077040082589321,0
1596160345.6218462,305.58737551645396,0.5077040082589321,0
1596160345.6318462,307.3868159003651,0.5077040082589321,0
1596160345.6418462,309.1893891044056,0.5077040082589321,0
1596160345.6518462,310.9874561973011,0.5077040082589321,0
1596160345.6618462,312.78663908914683,0.5077040082589321,0
1596160345.6718462,314.58672320322154,0.5077040082589321,0
1596160345.6818461,316.3897684760487,0.5077040082589321,0
1596160345.6918461,318.18710600809214,0.5077040082589321,0
1596160345.692252,318.25954710916636,0.5077040082589321,0
1596160345.692252,318.25954710916636,0.5077040082589321,0
1596160345.7018461,319.9871472068226,0.5077040082589321,0
1596160345.711846,321.7873171515858,0.5077040082589321,0
1596160345.721846,323.5887316413319,0.5077040082589321,0
1596160345.731846,325.3898457236683,0.5077040082589321,0
1596160345.741846,327.1893290229237,0.5077040082589321,0
1596160345.751846,328.98748194650767,0.5077040082589321,0
1596160345.761846,330.78966891245005,0.5077040082589321,0
1596160345.771846,332.58726393655894,0.5077040082589321,0
1596160345.781846,334.3882063575184,0.5077040082589321,0
1596160345.791846,336.1894062705433,0.5077040082589321,0
1596160345.801846,337.98940455392955,0.5077040082589321,0
1596160345.811846,339.78734290079234,0.5077040082589321,0
1596160345.821846,341.5870407767689,0.5077040082589321,0
1596160345.831846,343.3897856421864,0.5077040082589321,0
1596160345.841846,345.1890114493763,0.5077040082589321,0
1596160345.851846,346.98652064279673,0.5077040082589321,0
1596160345.861846,348.7892655082142,0.5077040082589321,0
1596160345.871846,350.5868605323231,0.5077040082589321,0
1596160345.881846,352.3878029532826,0.5077040082589321,0
1596160345.891846,354.18659960703013,0.5077040082589321,0
1596160345.901846,355.98904406503794,0.5077040082589321,0
1596160345.911846,357.78711115793345,0.5077040082589321,0
1596160345.921846,359.58942686990855,0.5077040082589321,0
1596160345.9241614,360,0.5077040082589321,1
1596160345.9241614,0,0,0
1596160345.9341614,330.63416488878124,1.826843606537812,0
1596160345.9441614,332.4336481880366,1.826843606537812,0
1596160345.9541614,334.2337323021113,1.826843606537812,0
1596160345.9641614,336.0331297706782,1.826843606537812,0
1596160345.9741614,337.833771784228,1.826843606537812,0
1596160345.9841614,339.6326971840083,1.826843606537812,0
1596160345.9941614,341.43509872667187,1.826843606537812,0
1596160346.0041614,343.2350111793696,1.826843606537812,0
1596160346.0141613,345.03367908708447,1.826843606537812,0
1596160346.0241613,346.8318749260127,1.826843606537812,0
1596160346.0341613,348.6323023628413,1.826843606537812,0
1596160346.0441613,350.4320431541621,1.826843606537812,0
1596160346.0541613,352.23307140581005,1.826843606537812,0
1596160346.0641613,354.0325117897212,1.826843606537812,0
1596160346.0741613,355.83401211015575,1.826843606537812,0
1596160346.0841613,357.632036287707,1.826843606537812,0
1596160346.0941613,359.4329787086665,1.826843606537812,0
1596160346.0973244,360,1.826843606537812,1
1596160346.0973244,0,0,0
1596160346.1073244,1.8019294738769531,0,0
1596160346.1173244,3.601670265197754,0,0
1596160346.1273243,5.403170585632324,0,0
1596160346.1373243,7.201237678527832,0,0
1596160346.1473243,9.002180099487305,0,0
1596160346.1573243,10.802135467529297,0,0
1596160346.1673243,12.603378295898438,0,0
1596160346.1773243,14.40131664276123,0,0
1596160346.1873243,16.201186180114746,0,0
1596160346.1973243,18.000755310058594,0,0
1596160346.2073243,19.800925254821777,0,0
1596160346.2173243,21.60040855407715,0,0
1596160346.2273242,23.402423858642578,0,0
1596160346.2373242,25.200490951538086,0,0
1596160346.2473242,27.001218795776367,0,0
1596160346.2573242,28.80070209503174,0,0
1596160346.2673242,30.600228309631348,0,0
1596160346.2773242,32.40168571472168,0,0
1596160346.2873242,34.20314311981201,0,0
1596160346.2973242,36.00048065185547,0,0
1596160346.3073242,37.79996395111084,0,0
1596160346.3173242,39.602622985839844,0,0
1596160346.3273242,41.400818824768066,0,0
1596160346.3373241,43.20244789123535,0,0
1596160346.3473241,45.00223159790039,0,0
1596160346.3573241,46.80068492889404,0,0
1596160346.367324,48.60171318054199,0,0
1596160346.377324,50.400381088256836,0,0
1596160346.387324,52.20222473144531,0,0
1596160346.397324,54.00260925292969,0,0
1596160346.407324,55.79998970031738,0,0
1596160346.417324,57.60054588317871,0,0
1596160346.427324,59.40234661102295,0,0
1596160346.437324,61.20067119598389,0,0
1596160346.447324,63.00238609313965,0,0
1596160346.457324,64.80092525482178,0,0
1596160346.467324,66.60019397735596,0,0
1596160346.477324,68.40203762054443,0,0
1596160346.487324,70.2000617980957,0,0
1596160346.497324,72.00083255767822,0,0
1596160346.507324,73.80280494689941,0,0
1596160346.517324,75.6029748916626,0,0
1596160346.527324,77.40052700042725,0,0
1596160346.537324,79.2030143737793,0,0
1596160346.547324,81.00013732910156,0,0
1596160346.557324,82.80331134796143,0,0
1596160346.567324,84.60034847259521,0,0
1596160346.577324,86.40004634857178,0,0
1596160346.587324,88.20296287536621,0,0
1596160346.597324,90.0023603439331,0,0
1596160346.607324,91.80261611938477,0,0
1596160346.6173239,93.60325813293457,0,0
1596160346.6273239,95.40093898773193,0,0
1596160346.6373239,97.20059394836426,0,0
1596160346.6473238,99.00252342224121,0,0
1596160346.6573238,100.80016136169434,0,0
1596160346.6673238,102.60260581970215,0,0
1596160346.6773238,104.40277576446533,0,0
1596160346.6873238,106.20165824890137,0,0
1596160346.6973238,108.00092697143555,0,0
1596160346.7073238,109.80015277862549,0,0
1596160346.7173238,111.60178184509277,0,0
1596160346.7273238,113.40096473693848,0,0
1596160346.7373238,115.20087718963623,0,0
1596160346.7473238,117.00267791748047,0,0
1596160346.7573237,118.80040168762207,0,0
1596160346.7673237,120.60237407684326,0,0
1596160346.7773237,122.40112781524658,0,0
1596160346.7873237,124.20314311981201,0,0
1596160346.7973237,126.00112438201904,0,0
1596160346.8073237,127.8019380569458,0,0
1596160346.8173237,129.60288047790527,0,0
1596160346.8273237,131.40223503112793,0,0
1596160346.8373237,133.20030212402344,0,0
1596160346.8473237,135.00017166137695,0,0
1596160346.8573236,136.80192947387695,0,0
1596160346.8673236,138.60154151916504,0,0
1596160346.8773236,140.40278434753418,0,0
1596160346.8873236,142.20226764678955,0,0
1596160346.8973236,144.00248050689697,0,0
1596160346.9073236,145.8030366897583,0,0
1596160346.9173236,147.60058879852295,0,0
1596160346.9273236,149.4018316268921,0,0
1596160346.9373236,151.20182991027832,0,0
1596160346.9473236,153.00066947937012,0,0
1596160346.9573236,154.80019569396973,0,0
1596160346.9673235,156.60311222076416,0,0
1596160346.9773235,158.4006643295288,0,0
1596160346.9873235,160.20036220550537,0,0
1596160346.9973235,162.00280666351318,0,0
1596160347.0073235,163.80138874053955,0,0
1596160347.0173235,165.6002712249756,0,0
1596160347.0273235,167.40211486816406,0,0
1596160347.0373235,169.20164108276367,0,0
1596160347.0473235,171.00116729736328,0,0
1596160347.0573235,172.80210971832275,0,0
1596160347.0673234,174.60163593292236,0,0
1596160347.0773234,176.40038967132568,0,0
1596160347.0873234,178.20291996002197,0,0
1596160347.0973234,180.00231742858887,0,0
1596160347.1073234,181.80317401885986,0,0
1596160347.1173234,183.60321521759033,0,0
1596160347.1273234,185.40226936340332,0,0
1596160347.1373234,187.20110893249512,0,0
1596160347.1473234,189.00063514709473,0,0
1596160347.1573234,190.80106258392334,0,0
1596160347.1673234,192.60118961334229,0,0
1596160347.1773233,194.40178871154785,0,0
1596160347.1873233,196.20221614837646,0,0
1596160347.1973233,198.00045490264893,0,0
1596160347.2073233,199.80238437652588,0,0
1596160347.2123668,200.70764064788818,0,0
1596160347.2123668,200.70764064788818,0,0
1596160347.2173233,201.60130977630615,0,0
1596160347.2273233,203.40006351470947,0,0
1596160347.2373233,205.2011775970459,0,0
1596160347.2473233,207.00164794921875,0,0
1596160347.2573233,208.8003158569336,0,0
1596160347.2673233,210.60284614562988,0,0
1596160347.2773232,212.40241527557373,0,0
1596160347.2873232,214.19992446899414,0,0
1596160347.2973232,216.00060939788818,0,0
1596160347.3073232,217.8006076812744,0,0
1596160347.3173232,219.6022367477417,0,0
1596160347.3273232,221.40172004699707,0,0
1596160347.3373232,223.20141792297363,0,0
1596160347.3473232,225.0,0,0
1596160347.3573232,226.80145740509033,0,0
1596160347.3673232,228.60291481018066,0,0
1596160347.3773232,230.4017972946167,0,0
1596160347.3873231,232.2007656097412,0,0
1596160347.3973231,234.00175094604492,0,0
1596160347.4073231,235.80149173736572,0,0
1596160347.417323,237.60290622711182,0,0
1596160347.427323,239.40170288085938,0,0
1596160347.437323,241.20105743408203,0,0
1596160347.447323,243.00268650054932,0,0
1596160347.457323,244.80032444000244,0,0
1596160347.467323,246.60015106201172,0,0
1596160347.477323,248.40105056762695,0,0
1596160347.487323,250.20156383514404,0,0
1596160347.497323,252.00164794921875,0,0
1596160347.507323,253.80083084106445,0,0
1596160347.517323,255.60301780700684,0,0
1596160347.527323,257.4030590057373,0,0
1596160347.537323,259.2016839981079,0,0
1596160347.547323,261.00069522857666,0,0
1596160347.557323,262.8015947341919,0,0
1596160347.567323,264.6023225784302,0,0
1596160347.577323,266.40090465545654,0,0
1596160347.587323,268.2011604309082,0,0
1596160347.597323,270.0009870529175,0,0
1596160347.607323,271.80012702941895,0,0
1596160347.617323,273.6016273498535,0,0
1596160347.627323,275.40299892425537,0,0
1596160347.637323,277.20282554626465,0,0
1596160347.647323,279.0027379989624,0,0
1596160347.657323,280.80041885375977,0,0
1596160347.6673229,282.6011037826538,0,0
1596160347.6773229,284.4028615951538,0,0
1596160347.6873229,286.20195865631104,0,0
1596160347.691222,286.9015645980835,0,0
1596160347.691222,286.9015645980835,0,0
1596160347.6973228,288.0009698867798,0,0
1596160347.7073228,289.8000240325928,0,0
1596160347.7173228,291.6012668609619,0,0
1596160347.7273228,293.4013509750366,0,0
1596160347.7373228,295.2012634277344,0,0
1596160347.7473228,297.002592086792,0,0
1596160347.7573228,298.80293369293213,0,0
1596160347.7673228,300.60181617736816,0,0
1596160347.7773228,302.40031242370605,0,0
1596160347.7873228,304.19983863830566,0,0
1596160347.7973228,305.9997510910034,0,0
1596160347.8073227,307.80009269714355,0,0
1596160347.8173227,309.6028804779053,0,0
1596160347.8273227,311.4004325866699,0,0
1596160347.8373227,313.20064544677734,0,0
1596160347.8473227,315.0011157989502,0,0
1596160347.8573227,316.80089950561523,0,0
1596160347.8673227,318.60235691070557,0,0
1596160347.8773227,320.4017972946167,0,0
1596160347.8873227,322.202525138855,0,0
1596160347.8973227,324.00200843811035,0,0
1596160347.9073226,325.80016136169434,0,0
1596160347.9173226,327.60294914245605,0,0
1596160347.9273226,329.4028615951538,0,0
1596160347.9373226,331.2007141113281,0,0
1596160347.9473226,333.00294399261475,0,0
1596160347.9573226,334.80135440826416,0,0
1596160347.9673226,336.60040855407715,0,0
1596160347.9773226,338.40002059936523,0,0
1596160347.9873226,340.2009630203247,0,0
1596160347.9973226,342.0018196105957,0,0
1596160348.0073225,343.8002300262451,0,0
1596160348.0173225,345.6016445159912,0,0
1596160348.0273225,347.401385307312,0,0
1596160348.0373225,349.20194149017334,0,0
1596160348.0473225,351.00035190582275,0,0
1596160348.0573225,352.80219554901123,0,0
1596160348.0673225,354.60017681121826,0,0
1596160348.0773225,356.4010763168335,0,0
1596160348.0873225,358.2003450393677,0,0
1596160348.0973349,360,0,1
1596160348.0973349,0,0,0
1596160348.1073349,172.39690539913454,0.9477465283913236,0
1596160348.1173348,174.19595954494753,0.9477465283913236,0
1596160348.1273348,175.99630115108766,0.9477465283913236,0
1596160348.1373348,177.79526946621218,0.9477465283913236,0
1596160348.1473348,179.59552524166384,0.9477465283913236,0
1596160348.1573348,181.39629600124636,0.9477465283913236,0
1596160348.1673348,183.19728133755007,0.9477465283913236,0
1596160348.1773348,184.99624965267458,0.9477465283913236,0
1596160348.1873348,186.79538962917604,0.9477465283913236,0
1596160348.1973348,188.59478709774294,0.9477465283913236,0
1596160348.2073348,190.39611575680055,0.9477465283913236,0
1596160348.2173347,192.19508407192507,0.9477465283913236,0
1596160348.2273347,193.99533984737673,0.9477465283913236,0
1596160348.2373347,195.79435107784548,0.9477465283913236,0
1596160348.2473347,197.59443519192018,0.9477465283913236,0
1596160348.2573347,199.3966650732068,0.9477465283913236,0
1596160348.2673347,201.1958479650525,0.9477465283913236,0
1596160348.2773347,202.99554584102907,0.9477465283913236,0
1596160348.2873347,204.79545829372682,0.9477465283913236,0
1596160348.2973347,206.5971731908826,0.9477465283913236,0
1596160348.3073347,208.39699981289186,0.9477465283913236,0
1596160348.3173347,210.1966547735242,0.9477465283913236,0
1596160348.3273346,211.99721095638552,0.9477465283913236,0
1596160348.3373346,213.7968230016736,0.9477465283913236,0
1596160348.3473346,215.59725043850221,0.9477465283913236,0
1596160348.3573346,217.39669082241335,0.9477465283913236,0
1596160348.3673346,219.19724700527468,0.9477465283913236,0
1596160348.3773346,220.99703071193971,0.9477465283913236,0
1596160348.3873346,222.79522655086794,0.9477465283913236,0
1596160348.3973346,224.59642646389284,0.9477465283913236,0
1596160348.4073346,226.39539477901735,0.9477465283913236,0
1596160348.4173346,228.19745299892702,0.9477465283913236,0
1596160348.4273345,229.9944901235608,0.9477465283913236,0
1596160348.4373345,231.796462512782,0.9477465283913236,0
1596160348.446336,233.4145855672864,0.9477465283913236,0
1596160348.446336,233.4145855672864,0.9477465283913236,0
1596160348.4473345,233.5975336797742,0.9477465283913236,0
1596160348.4573345,235.3968453176526,0.9477465283913236,0
1596160348.4673345,237.1965861089734,0.9477465283913236,0
1596160348.4773345,238.99435279445925,0.9477465283913236,0
1596160348.4873345,240.79435107784548,0.9477465283913236,0
1596160348.4973345,242.59632346706667,0.9477465283913236,0
1596160348.5073345,244.39726588802614,0.9477465283913236,0
1596160348.5173345,246.19520423488893,0.9477465283913236,0
1596160348.5273345,247.99550292568483,0.9477465283913236,0
1596160348.5373344,249.79730365352907,0.9477465283913236,0
1596160348.5473344,251.5945982702283,0.9477465283913236,0
1596160348.5573344,253.39631316738405,0.9477465283913236,0
1596160348.5673344,255.19545314388552,0.9477465283913236,0
1596160348.5773344,256.99532268123903,0.9477465283913236,0
1596160348.5873344,258.796350932887,0.9477465283913236,0
1596160348.5973344,260.5965637929944,0.9477465283913236,0
1596160348.6073344,262.3954033620862,0.9477465283913236,0
1596160348.6173344,264.1949295766858,0.9477465283913236,0
1596160348.6273344,265.9946703680066,0.9477465283913236,0
1596160348.6373343,267.79758689480104,0.9477465283913236,0
1596160348.6473343,269.5953964956311,0.9477465283913236,0
1596160348.6573343,271.3961243398694,0.9477465283913236,0
1596160348.6673343,273.19479224758425,0.9477465283913236,0
1596160348.6773343,274.9945759542493,0.9477465283913236,0
1596160348.6873343,276.79594752865114,0.9477465283913236,0
1596160348.6973343,278.5950875051526,0.9477465283913236,0
1596160348.7073343,280.39564368801393,0.9477465283913236,0
1596160348.7173343,282.197229839137,0.9477465283913236,0
1596160348.7273343,283.99705646114626,0.9477465283913236,0
1596160348.7373343,285.79589603023805,0.9477465283913236,0
1596160348.7473342,287.59619472103395,0.9477465283913236,0
1596160348.7573342,289.39469096737184,0.9477465283913236,0
1596160348.7673342,291.19683501797,0.9477465283913236,0
1596160348.7773342,292.9952454336194,0.9477465283913236,0
1596160348.7873342,294.7958874471692,0.9477465283913236,0
1596160348.7973342,296.5949415929822,0.9477465283913236,0
1596160348.8073342,298.39699981289186,0.9477465283913236,0
1596160348.8173342,300.1975559957532,0.9477465283913236,0
1596160348.8273342,301.995494342616,0.9477465283913236,0
1596160348.8373342,303.7953638799695,0.9477465283913236,0
1596160348.8473341,305.59514758663454,0.9477465283913236,0
1596160348.8573341,307.3963045843152,0.9477465283913236,0
1596160348.8673341,309.19553039150514,0.9477465283913236,0
1596160348.877334,310.9946703680066,0.9477465283913236,0
1596160348.887334,312.7949690588025,0.9477465283913236,0
1596160348.897334,314.5962548025159,0.9477465283913236,0
1596160348.907334,316.39470813350954,0.9477465283913236,0
1596160348.917334,318.1966376073865,0.9477465283913236,0
1596160348.9239552,319.38603637295046,0.9477465283913236,0
1596160348.9239552,319.38603637295046,0.9477465283913236,0
1596160348.927334,319.9944901235608,0.9477465283913236,0
1596160348.937334,321.7959904439954,0.9477465283913236,0
1596160348.947334,323.5950875051526,0.9477465283913236,0
1596160348.957334,325.39530036526,0.9477465283913236,0
1596160348.967334,327.1951269872693,0.9477465283913236,0
1596160348.977334,328.99594066219606,0.9477465283913236,0
1596160348.987334,330.7959389455823,0.9477465283913236,0
1596160348.997334,332.59752509670534,0.9477465283913236,0
1596160349.007334,334.39615008907595,0.9477465283913236,0
1596160349.017334,336.1951613195447,0.9477465283913236,0
1596160349.027334,337.9943442113904,0.9477465283913236,0
1596160349.037334,339.7949862249402,0.9477465283913236,0
1596160349.047334,341.5951990850476,0.9477465283913236,0
1596160349.057334,343.39554069118776,0.9477465283913236,0
1596160349.067334,345.19480941372194,0.9477465283913236,0
1596160349.077334,346.9969963796643,0.9477465283913236,0
1596160349.087334,348.7966084249524,0.9477465283913236,0
1596160349.097334,350.5971216924695,0.9477465283913236,0
1596160349.107334,352.3950600393323,0.9477465283913236,0
1596160349.117334,354.19630286770143,0.9477465283913236,0
1596160349.1273339,355.99741695003786,0.9477465283913236,0
1596160349.1373339,357.7947544820813,0.9477465283913236,0
1596160349.1473339,359.5968556173352,0.9477465283913236,0
1596160349.1495934,360,0.9477465283913236,1
1596160349.1495934,0,0,0
1596160349.1595933,195.20298009421086,1.074456480107134,0
1596160349.1695933,197.00525289084172,1.074456480107134,0
1596160349.1795933,198.80276208426213,1.074456480107134,0
1596160349.1895933,200.60520654226994,1.074456480107134,0
1596160349.1995933,202.40387444998478,1.074456480107134,0
1596160349.2095933,204.2034006645844,1.074456480107134,0
1596160349.2195933,206.00498681570744,1.074456480107134,0
1596160349.2295933,207.80219560171818,1.074456480107134,0
1596160349.2395933,209.60511212851262,1.074456480107134,0
1596160349.2495933,211.404595427768,1.074456480107134,0
1596160349.2595932,213.20296292807316,1.074456480107134,0
1596160349.2695932,215.00424867178654,1.074456480107134,0
1596160349.2795932,216.80261617209172,1.074456480107134,0
1596160349.2895932,218.60330110098576,1.074456480107134,0
1596160349.2995932,220.4045439293549,1.074456480107134,0
1596160349.3095932,222.2054005196259,1.074456480107134,0
1596160349.3195932,224.00544171835637,1.074456480107134,0
1596160349.3295932,225.80222135092473,1.074456480107134,0
1596160349.3395932,227.60402207876896,1.074456480107134,0
1596160349.3495932,229.40363412405705,1.074456480107134,0
1596160349.3595932,231.20337491537785,1.074456480107134,0
1596160349.3695931,233.00500398184514,1.074456480107134,0
1596160349.3795931,234.80465894247746,1.074456480107134,0
1596160349.3895931,236.6038847496674,1.074456480107134,0
1596160349.399593,238.40461259390568,1.074456480107134,0
1596160349.409593,240.20272260214543,1.074456480107134,0
1596160349.419593,242.00418000723576,1.074456480107134,0
1596160349.4253173,243.03247457052922,1.074456480107134,0
1596160349.4253173,243.03247457052922,1.074456480107134,0
1596160349.429593,243.8052940895722,1.074456480107134,0
1596160349.439593,245.60284619833683,1.074456480107134,0
1596160349.449593,247.402114920871,1.074456480107134,0
1596160349.459593,249.20357232596135,1.074456480107134,0
1596160349.469593,251.002926879184,1.074456480107134,0
1596160349.479593,252.80537133719181,1.074456480107134,0
1596160349.489593,254.6040821602509,1.074456480107134,0
1596160349.499593,256.4041233589814,1.074456480107134,0
1596160349.509593,258.2042074730561,1.074456480107134,0
1596160349.519593,260.0045919945405,1.074456480107134,0
1596160349.529593,261.80308824087837,1.074456480107134,0
1596160349.539593,263.60437398459175,1.074456480107134,0
1596160349.549593,265.4023552467988,1.074456480107134,0
1596160349.559593,267.2026968529389,1.074456480107134,0
1596160349.569593,269.00462632681587,1.074456480107134,0
1596160349.579593,270.8039379646943,1.074456480107134,0
1596160349.589593,272.6041508248017,1.074456480107134,0
1596160349.599593,274.4046640923188,1.074456480107134,0
1596160349.609593,276.2035036614106,1.074456480107134,0
1596160349.619593,278.0044031670258,1.074456480107134,0
1596160349.629593,279.8042297890351,1.074456480107134,0
1596160349.639593,281.6031981041596,1.074456480107134,0
1596160349.6495929,283.4041405251191,1.074456480107134,0
1596160349.6595929,285.20328050162055,1.074456480107134,0
1596160349.6695929,287.0053387215302,1.074456480107134,0
1596160349.6795928,288.804349951999,1.074456480107134,0
1596160349.6895928,290.60486321951606,1.074456480107134,0
1596160349.6995928,292.40503316427925,1.074456480107134,0
1596160349.7095928,294.20331483389594,1.074456480107134,0
1596160349.7195928,296.0033131172822,1.074456480107134,0
1596160349.7295928,297.8026247551606,1.074456480107134,0
1596160349.7395928,299.6026230385468,1.074456480107134,0
1596160349.7495928,301.4048958351777,1.074456480107134,0
1596160349.7595928,303.2048941185639,1.074456480107134,0
1596160349.7695928,305.0038624336884,1.074456480107134,0
1596160349.7795928,306.8038178017304,1.074456480107134,0
1596160349.7895927,308.6028719475434,1.074456480107134,0
1596160349.7995927,310.404372267978,1.074456480107134,0
1596160349.8095927,312.2046709587739,1.074456480107134,0
1596160349.8195927,314.00248055960395,1.074456480107134,0
1596160349.8295927,315.80458169485786,1.074456480107134,0
1596160349.8395927,317.6029921105073,1.074456480107134,0
1596160349.8495927,319.40238957907417,1.074456480107134,0
1596160349.8595927,321.2047482063935,1.074456480107134,0
1596160349.8695927,323.0029440453217,1.074456480107134,0
1596160349.8795927,324.8047018578217,1.074456480107134,0
1596160349.8895926,326.604528479831,1.074456480107134,0
1596160349.8995926,328.4023809960053,1.074456480107134,0
1596160349.9095926,330.2032375862763,1.074456480107134,0
1596160349.9195926,332.00233464743354,1.074456480107134,0
1596160349.9295926,333.8029337456391,1.074456480107134,0
1596160349.9395926,335.6026745369599,1.074456480107134,0
1596160349.9495926,337.40288739706733,1.074456480107134,0
1596160349.9595926,339.20490270163276,1.074456480107134,0
1596160349.9695926,341.0047722389863,1.074456480107134,0
1596160349.974196,341.83063512350776,1.074456480107134,0
1596160349.974196,341.83063512350776,1.074456480107134,0
1596160349.9795926,342.80438428427436,1.074456480107134,0
1596160349.9895926,344.6048546364472,1.074456480107134,0
1596160349.9995925,346.4048100044892,1.074456480107134,0
1596160350.0095925,348.2035208275483,1.074456480107134,0
1596160350.0195925,350.0037336876557,1.074456480107134,0
1596160350.0295925,351.8032599022553,1.074456480107134,0
1596160350.0395925,353.6039877464936,1.074456480107134,0
1596160350.0495925,355.403299384372,1.074456480107134,0
1596160350.0595925,357.2052717735932,1.074456480107134,0
1596160350.0695925,359.0032959511445,1.074456480107134,0
1596160350.0751445,360,1.074456480107134,1
1596160350.0751445,0,0,0
1596160350.0851445,206.4214396266258,1.1367750564041603,0
1596160350.0951445,208.21976421158675,1.1367750564041603,0
1596160350.1051445,210.0205778865135,1.1367750564041603,0
1596160350.1151445,211.82250736039046,1.1367750564041603,0
1596160350.1251445,213.62177608292464,1.1367750564041603,0
1596160350.1351445,215.42276141922835,1.1367750564041603,0
1596160350.1451445,217.22044227402571,1.1367750564041603,0
1596160350.1551445,219.02245757859114,1.1367750564041603,0
1596160350.1651444,220.8210396556175,1.1367750564041603,0
1596160350.1751444,222.62253997605208,1.1367750564041603,0
1596160350.1851444,224.42210910599593,1.1367750564041603,0
1596160350.1951444,226.22240779679183,1.1367750564041603,0
1596160350.2051444,228.02163360398177,1.1367750564041603,0
1596160350.2151444,229.82064483445052,1.1367750564041603,0
1596160350.2251444,231.62266013901595,1.1367750564041603,0
1596160350.2351444,233.4218859462059,1.1367750564041603,0
1596160350.2451444,235.22094009201888,1.1367750564041603,0
1596160350.2551444,237.02274081986312,1.1367750564041603,0
1596160350.2651443,238.8225674418724,1.1367750564041603,0
1596160350.2751443,240.62037704270247,1.1367750564041603,0
1596160350.2851443,242.41977451126937,1.1367750564041603,0
1596160350.2893076,243.16886184494857,1.1367750564041603,0
1596160350.2893076,243.16886184494857,1.1367750564041603,0
1596160350.2951443,244.22153232376937,1.1367750564041603,0
1596160350.3051443,246.01981399338607,1.1367750564041603,0
1596160350.3151443,247.8198122767723,1.1367750564041603,0
1596160350.3251443,249.62002513687972,1.1367750564041603,0
1596160350.3351443,251.4195084361351,1.1367750564041603,0
1596160350.3451443,253.22259662430648,1.1367750564041603,0
1596160350.3551443,255.02139327805403,1.1367750564041603,0
1596160350.3651443,256.8198895243919,1.1367750564041603,0
1596160350.3751442,258.62104652207256,1.1367750564041603,0
1596160350.3851442,260.4199290065086,1.1367750564041603,0
1596160350.3951442,262.2203564433372,1.1367750564041603,0
1596160350.4051442,264.0203976420677,1.1367750564041603,0
1596160350.4151442,265.82176921646953,1.1367750564041603,0
1596160350.4251442,267.6202225474632,1.1367750564041603,0
1596160350.4351442,269.4205641536033,1.1367750564041603,0
1596160350.4451442,271.2216353205955,1.1367750564041603,0
1596160350.4551442,273.0201315669334,1.1367750564041603,0
1596160350.4651442,274.8205160884178,1.1367750564041603,0
1596160350.4751441,276.62012813370586,1.1367750564041603,0
1596160350.4851441,278.42132804673076,1.1367750564041603,0
1596160350.4951441,280.22003886978985,1.1367750564041603,0
1596160350.5051441,282.0213246135032,1.1367750564041603,0
1596160350.515144,283.82243869583965,1.1367750564041603,0
1596160350.525144,285.6202053813255,1.1367750564041603,0
1596160350.535144,287.42192027848125,1.1367750564041603,0
1596160350.545144,289.21942947190166,1.1367750564041603,0
1596160350.555144,291.02238891404033,1.1367750564041603,0
1596160350.565144,292.8205418376243,1.1367750564041603,0
1596160350.575144,294.6195959834373,1.1367750564041603,0
1596160350.585144,296.42071006577373,1.1367750564041603,0
1596160350.595144,298.2222962168968,1.1367750564041603,0
1596160350.605144,300.02190826218487,1.1367750564041603,0
1596160350.615144,301.82074783127666,1.1367750564041603,0
1596160350.625144,303.6224198130882,1.1367750564041603,0
1596160350.635144,305.42233226578594,1.1367750564041603,0
1596160350.645144,307.22241637986065,1.1367750564041603,0
1596160350.655144,309.0198826579368,1.1367750564041603,0
1596160350.665144,310.82267043869854,1.1367750564041603,0
1596160350.675144,312.6209950236595,1.1367750564041603,0
1596160350.685144,314.4219803599632,1.1367750564041603,0
1596160350.695144,316.22270820420147,1.1367750564041603,0
1596160350.705144,318.02253482621074,1.1367750564041603,0
1596160350.715144,319.82171771805645,1.1367750564041603,0
1596160350.725144,321.6201710490501,1.1367750564041603,0
1596160350.735144,323.4200405864036,1.1367750564041603,0
1596160350.745144,325.22205589096905,1.1367750564041603,0
1596160350.755144,327.0217537669456,1.1367750564041603,0
1596160350.7651439,328.82097957413555,1.1367750564041603,0
1596160350.7751439,330.6213211802757,1.1367750564041603,0
1596160350.7851439,332.42179153244854,1.1367750564041603,0
1596160350.7951438,334.2208456782615,1.1367750564041603,0
1596160350.8051438,336.02097270768047,1.1367750564041603,0
1596160350.8151438,337.8204130915916,1.1367750564041603,0
1596160350.8251438,339.6210551051414,1.1367750564041603,0
1596160350.8351438,341.4216971186912,1.1367750564041603,0
1596160350.8451438,343.22148082535625,1.1367750564041603,0
1596160350.8551438,345.02190826218487,1.1367750564041603,0
1596160350.8651438,346.8223786143577,1.1367750564041603,0
1596160350.8751438,348.61958740036846,1.1367750564041603,0
1596160350.8851438,350.4199290065086,1.1367750564041603,0
1596160350.8951437,352.2220301417625,1.1367750564041603,0
1596160350.9051437,354.0198826579368,1.1367750564041603,0
1596160350.9151437,355.8203959254539,1.1367750564041603,0
1596160350.9251437,357.62095210831524,1.1367750564041603,0
1596160350.9351437,359.42185161393047,1.1367750564041603,0
1596160350.938379,360,1.1367750564041603,1
1596160350.938379,0,0,0
1596160350.948379,86.87699792597417,0.4726376002482642,0
1596160350.958379,88.67742536280278,0.4726376002482642,0
1596160350.968379,90.47789571497563,0.4726376002482642,0
1596160350.978379,92.27789399836186,0.4726376002482642,0
1596160350.988379,94.07742021296147,0.4726376002482642,0
1596160350.998379,95.87711808893803,0.4726376002482642,0
1596160351.008379,97.6762580654395,0.4726376002482642,0
1596160351.018379,99.47805879328374,0.4726376002482642,0
1596160351.028379,101.27505300257329,0.4726376002482642,0
1596160351.038379,103.0763816616309,0.4726376002482642,0
1596160351.048177,104.83839986536626,0.4726376002482642,0
1596160351.048177,104.83839986536626,0.4726376002482642,0
1596160351.048379,104.88341806147221,0.4726376002482642,0
1596160351.058379,106.67624948237065,0.4726376002482642,0
1596160351.0683122,108.46272943232182,0.4726376002482642,0
1596160351.0683122,108.46272943232182,0.4726376002482642,0
1596160351.068379,108.47624776575688,0.4726376002482642,0
1596160351.078379,110.27809140894536,0.4726376002482642,0
1596160351.088379,112.07740304682378,0.4726376002482642,0
1596160351.098379,113.87710092280034,0.4726376002482642,0
1596160351.108379,115.67525384638432,0.4726376002482642,0
1596160351.1183789,117.47520921442631,0.4726376002482642,0
1596160351.1283789,119.27670953486088,0.4726376002482642,0
1596160351.1383789,121.07576368067387,0.4726376002482642,0
1596160351.1483788,122.87752149317387,0.4726376002482642,0
1596160351.1583788,124.67541692469243,0.4726376002482642,0
1596160351.1683788,126.47640226099614,0.4726376002482642,0
1596160351.1783788,128.27652929041508,0.4726376002482642,0
1596160351.1883788,130.07532594416264,0.4726376002482642,0
1596160351.1983788,131.87528131220463,0.4726376002482642,0
1596160351.2083788,133.67660997126225,0.4726376002482642,0
1596160351.2183788,135.4776382229102,0.4726376002482642,0
1596160351.2283788,137.27484700892094,0.4726376002482642,0
1596160351.2383788,139.077334382273,0.4726376002482642,0
1596160351.2483788,140.87733266565922,0.4726376002482642,0
1596160351.2583787,142.6757001659644,0.4726376002482642,0
1596160351.2683787,144.4767713329566,0.4726376002482642,0
1596160351.2783787,146.27565381739262,0.4726376002482642,0
1596160351.2883787,148.07629583094243,0.4726376002482642,0
1596160351.2983787,149.87719533655766,0.4726376002482642,0
1596160351.3083787,151.6766357204688,0.4726376002482642,0
1596160351.3183787,153.47680566523198,0.4726376002482642,0
1596160351.3283787,155.27658937189702,0.4726376002482642,0
1596160351.3383787,157.07594392511967,0.4726376002482642,0
1596160351.3483787,158.87731549952153,0.4726376002482642,0
1596160351.3583786,160.6765842220557,0.4726376002482642,0
1596160351.3683786,162.4776553890479,0.4726376002482642,0
1596160351.3783786,164.2753791591895,0.4726376002482642,0
1596160351.3883786,166.07619283411626,0.4726376002482642,0
1596160351.3983786,167.87503240320805,0.4726376002482642,0
1596160351.4083786,169.67799184534672,0.4726376002482642,0
1596160351.4183786,171.47618768427495,0.4726376002482642,0
1596160351.4283786,173.2757568142188,0.4726376002482642,0
1596160351.4383786,175.07614133570317,0.4726376002482642,0
1596160351.4483786,176.8778133175147,0.4726376002482642,0
1596160351.4583786,178.67545125696782,0.4726376002482642,0
1596160351.4683785,180.47514913294438,0.4726376002482642,0
1596160351.4783785,182.27733609888676,0.4726376002482642,0
1596160351.4883785,184.07742021296147,0.4726376002482642,0
1596160351.4983785,185.87681768152837,0.4726376002482642,0
1596160351.5083785,187.67630098078374,0.4726376002482642,0
1596160351.5183785,189.47642801020268,0.4726376002482642,0
1596160351.5283785,191.27702710840825,0.4726376002482642,0
1596160351.5383785,193.07475087854985,0.4726376002482642,0
1596160351.5483785,194.87526414606694,0.4726376002482642,0
1596160351.5583785,196.67796609614018,0.4726376002482642,0
1596160351.5683784,198.47611901972417,0.4726376002482642,0
1596160351.5783784,200.27594564173344,0.4726376002482642,0
1596160351.5796735,200.50777433130864,0.4726376002482642,0
1596160351.5796735,200.50777433130864,0.4726376002482642,0
1596160351.5883784,202.07602975580815,0.4726376002482642,0
1596160351.5983784,203.87645719263676,0.4726376002482642,0
1596160351.6083784,205.67671296808842,0.4726376002482642,0
1596160351.6183784,207.47581002924565,0.4726376002482642,0
1596160351.6283784,209.2771816036475,0.4726376002482642,0
1596160351.6383784,211.07705114100102,0.4726376002482642,0
1596160351.6483784,212.8776502392066,0.4726376002482642,0
1596160351.6583784,214.67769143793706,0.4726376002482642,0
1596160351.6683784,216.4752435467017,0.4726376002482642,0
1596160351.6783783,218.2755422374976,0.4726376002482642,0
1596160351.6883783,220.07614133570317,0.4726376002482642,0
1596160351.6983783,221.87596795771245,0.4726376002482642,0
1596160351.7083783,223.67776868555669,0.4726376002482642,0
1596160351.7147985,224.83026025507573,0.4726376002482642,0
1596160351.7147985,224.83026025507573,0.4726376002482642,0
1596160351.7183783,225.4778527996314,0.4726376002482642,0
1596160351.7283783,227.27609155390385,0.4726376002482642,0
1596160351.7383783,229.07604692194585,0.4726376002482642,0
1596160351.7483783,230.87531564448003,0.4726376002482642,0
1596160351.7583783,232.67763135645512,0.4726376002482642,0
1596160351.7683783,234.47625634882573,0.4726376002482642,0
1596160351.7783782,236.27646920893315,0.4726376002482642,0
1596160351.7883782,238.07483670923833,0.4726376002482642,0
1596160351.7983782,239.87672326777104,0.4726376002482642,0
1596160351.8083782,241.67667863581303,0.4726376002482642,0
1596160351.8183782,243.4765052578223,0.4726376002482642,0
1596160351.8283782,245.2750015041602,0.4726376002482642,0
1596160351.8383782,247.07701680872563,0.4726376002482642,0
1596160351.8483782,248.87512681696538,0.4726376002482642,0
1596160351.8583782,250.67765710566167,0.4726376002482642,0
1596160351.8683782,252.4747371456397,0.4726376002482642,0
1596160351.8783782,254.27700994227055,0.4726376002482642,0
1596160351.8883781,256.07649324152595,0.4726376002482642,0
1596160351.8983781,257.8773927471412,0.4726376002482642,0
1596160351.9083781,259.6747731945289,0.4726376002482642,0
1596160351.918378,261.4753293773902,0.4726376002482642,0
1596160351.928378,263.2758426449073,0.4726376002482642,0
1596160351.938378,265.0775146267188,0.4726376002482642,0
1596160351.948378,266.87472341272957,0.4726376002482642,0
1596160351.958378,268.6772107860816,0.4726376002482642,0
1596160351.968378,270.4760074398292,0.4726376002482642,0
1596160351.978378,272.27686403010017,0.4726376002482642,0
1596160351.988378,274.07746312830574,0.4726376002482642,0
1596160351.998378,275.8775901577247,0.4726376002482642,0
