Type = Reachback Firefly,Function = Reachback Firefly (ln/e^),Refract = 0,Epsilon = 0.3,Start_phase = 62
Timestamp,Phase,Offset,Ping?
1596160362,62,0,0
1596160362.01,63.79677963256836,0.34444444444444444,0
1596160362.02,65.59870910644531,0.34444444444444444,0
1596160362.03,67.3988790512085,0.34444444444444444,0
1596160362.04,69.19900608062744,0.34444444444444444,0
1596160362.05,70.9992618560791,0.34444444444444444,0
1596160362.06,72.79938888549805,0.34444444444444444,0
1596160362.07,74.5984001159668,0.34444444444444444,0
1596160362.08,76.39796924591064,0.34444444444444444,0
1596160362.09,78.19672298431396,0.34444444444444444,0
1596160362.1,79.99890995025635,0.34444444444444444,0
1596160362.11,81.79667663574219,0.34444444444444444,0
1596160362.12,83.59761905670166,0.34444444444444444,0
1596160362.1299999,85.39783191680908,0.34444444444444444,0
1596160362.1399999,87.19684314727783,0.34444444444444444,0
1596160362.1499999,88.99825763702393,0.34444444444444444,0
1596160362.1599998,90.79881381988525,0.34444444444444444,0
1596160362.1699998,92.59769630432129,0.34444444444444444,0
1596160362.1799998,94.39662170410156,0.34444444444444444,0
1596160362.1899998,96.1978645324707,0.34444444444444444,0
1596160362.1999998,97.99884986877441,0.34444444444444444,0
1596160362.2099998,99.79661655426025,0.34444444444444444,0
1596160362.2199998,101.5973014831543,0.34444444444444444,0
1596160362.2299998,103.39820098876953,0.34444444444444444,0
1596160362.2399998,105.19686889648438,0.34444444444444444,0
1596160362.2499998,106.99639511108398,0.34444444444444444,0
1596160362.2599998,108.7977237701416,0.34444444444444444,0
1596160362.2699997,110.5976791381836,0.34444444444444444,0
1596160362.2799997,112.39797782897949,0.34444444444444444,0
1596160362.2899997,114.19909191131592,0.34444444444444444,0
1596160362.2999997,115.99896144866943,0.34444444444444444,0
1596160362.3099997,117.7966423034668,0.34444444444444444,0
1596160362.3199997,119.59917259216309,0.34444444444444444,0
1596160362.3299997,121.39796924591064,0.34444444444444444,0
1596160362.3399997,123.19886875152588,0.34444444444444444,0
1596160362.3499997,124.9972791671753,0.34444444444444444,0
1596160362.3599997,126.79749202728271,0.34444444444444444,0
1596160362.3699996,128.59718990325928,0.34444444444444444,0
1596160362.3799996,130.39620113372803,0.34444444444444444,0
1596160362.3899996,132.19727230072021,0.34444444444444444,0
1596160362.3999996,133.99705600738525,0.34444444444444444,0
1596160362.4099996,135.7985134124756,0.34444444444444444,0
1596160362.4199996,137.5962371826172,0.34444444444444444,0
1596160362.4299996,139.3966646194458,0.34444444444444444,0
1596160362.4399996,141.19859409332275,0.34444444444444444,0
1596160362.4499996,142.99606037139893,0.34444444444444444,0
1596160362.4599996,144.7964448928833,0.34444444444444444,0
1596160362.4699996,146.59781646728516,0.34444444444444444,0
1596160362.4799995,148.39674186706543,0.34444444444444444,0
1596160362.4899995,150.1967830657959,0.34444444444444444,0
1596160362.4999995,151.99836921691895,0.34444444444444444,0
1596160362.5099995,153.79901123046875,0.34444444444444444,0
1596160362.5199995,155.5960054397583,0.34444444444444444,0
1596160362.5299995,157.39806365966797,0.34444444444444444,0
1596160362.5399995,159.1973752975464,0.34444444444444444,0
1596160362.5499995,160.9975881576538,0.34444444444444444,0
1596160362.5599995,162.79818725585938,0.34444444444444444,0
1596160362.5699995,164.59779930114746,0.34444444444444444,0
1596160362.5799994,166.39693927764893,0.34444444444444444,0
1596160362.5899994,168.19625091552734,0.34444444444444444,0
1596160362.5999994,169.99689292907715,0.34444444444444444,0
1596160362.6099994,171.79873657226562,0.34444444444444444,0
1596160362.6199994,173.5967607498169,0.34444444444444444,0
1596160362.6299994,175.3968448638916,0.34444444444444444,0
1596160362.6399994,177.1992893218994,0.34444444444444444,0
1596160362.6499994,178.99748516082764,0.34444444444444444,0
1596160362.6599994,180.7960243225098,0.34444444444444444,0
1596160362.6699994,182.59799671173099,0.34444444444444444,0
1596160362.6799994,184.3991107940674,0.34444444444444444,0
1596160362.6899993,186.19743537902835,0.34444444444444444,0
1596160362.6999993,187.99636077880862,0.34444444444444444,0
1596160362.7099993,189.79884815216067,0.34444444444444444,0
1596160362.7199993,191.59876060485843,0.34444444444444444,0
1596160362.7299993,193.39871597290042,0.34444444444444444,0
1596160362.7399993,195.19613933563235,0.34444444444444444,0
1596160362.7499993,196.9991846084595,0.34444444444444444,0
1596160362.7599993,198.79686546325686,0.34444444444444444,0
1596160362.7699993,200.5985374450684,0.34444444444444444,0
1596160362.7799993,202.39733409881595,0.34444444444444444,0
1596160362.7899992,204.19866275787356,0.34444444444444444,0
1596160362.7999992,205.9987897872925,0.34444444444444444,0
1596160362.8099992,207.79741477966311,0.34444444444444444,0
1596160362.8199992,209.59681224823,0.34444444444444444,0
1596160362.8299992,211.39715385437015,0.34444444444444444,0
1596160362.8399992,213.19882583618167,0.34444444444444444,0
1596160362.8499992,214.9968070983887,0.34444444444444444,0
1596160362.8599992,216.79671955108645,0.34444444444444444,0
1596160362.8699992,218.59727573394778,0.34444444444444444,0
1596160362.8799992,220.39620113372806,0.34444444444444444,0
1596160362.8899992,222.19907474517825,0.34444444444444444,0
1596160362.8999991,223.99757099151614,0.34444444444444444,0
1596160362.9099991,225.79825592041018,0.34444444444444444,0
1596160362.9199991,227.59894084930423,0.34444444444444444,0
1596160362.929999,229.3985528945923,0.34444444444444444,0
1596160362.939999,231.1967058181763,0.34444444444444444,0
1596160362.949999,232.99631786346438,0.34444444444444444,0
1596160362.959999,234.79648780822757,0.34444444444444444,0
1596160362.969999,236.598503112793,0.34444444444444444,0
1596160362.979999,238.3988018035889,0.34444444444444444,0
1596160362.989999,240.19871425628665,0.34444444444444444,0
1596160362.999999,241.9984979629517,0.34444444444444444,0
1596160363.009999,243.79742336273196,0.34444444444444444,0
1596160363.019999,245.5988807678223,0.34444444444444444,0
1596160363.029999,247.39669036865237,0.34444444444444444,0
1596160363.039999,249.1963453292847,0.34444444444444444,0
1596160363.049999,250.99891853332522,0.34444444444444444,0
1596160363.059999,252.79668521881106,0.34444444444444444,0
1596160363.069999,254.59681224823,0.34444444444444444,0
1596160363.079999,256.39899921417236,0.34444444444444444,0
1596160363.089999,258.1989974975586,0.34444444444444444,0
1596160363.099999,259.996506690979,0.34444444444444444,0
1596160363.109999,261.7972774505615,0.34444444444444444,0
1596160363.119999,263.59615993499756,0.34444444444444444,0
1596160363.129999,265.3988618850708,0.34444444444444444,0
1596160363.139999,267.197057723999,0.34444444444444444,0
1596160363.149999,268.99761390686035,0.34444444444444444,0
1596160363.159999,270.7992000579834,0.34444444444444444,0
1596160363.169999,272.59778213500977,0.34444444444444444,0
1596160363.1799989,274.3992395401001,0.34444444444444444,0
1596160363.1899989,276.1982078552246,0.34444444444444444,0
1596160363.1999989,277.9965753555298,0.34444444444444444,0
1596160363.2099988,279.79897689819336,0.34444444444444444,0
1596160363.2199988,281.59824562072754,0.34444444444444444,0
1596160363.2299988,283.3960123062134,0.34444444444444444,0
1596160363.2399988,285.1972122192383,0.34444444444444444,0
1596160363.2499988,286.99712467193604,0.34444444444444444,0
1596160363.2599988,288.79776668548584,0.34444444444444444,0
1596160363.2699988,290.5976791381836,0.34444444444444444,0
1596160363.2799988,292.39647579193115,0.34444444444444444,0
1596160363.2899988,294.1974182128906,0.34444444444444444,0
1596160363.2999988,295.9972448348999,0.34444444444444444,0
1596160363.3099988,297.7962989807129,0.34444444444444444,0
1596160363.3199987,299.59634017944336,0.34444444444444444,0
1596160363.3200433,299.6038074493408,0.34444444444444444,0
1596160363.3200433,299.6038074493408,0.34444444444444444,0
1596160363.3299987,301.39685344696045,0.34444444444444444,0
1596160363.3399987,303.196551322937,0.34444444444444444,0
1596160363.3499987,304.9971504211426,0.34444444444444444,0
1596160363.3599987,306.7965908050537,0.34444444444444444,0
1596160363.3699987,308.59770488739014,0.34444444444444444,0
1596160363.3799987,310.3989906311035,0.34444444444444444,0
1596160363.3899987,312.19684314727783,0.34444444444444444,0
1596160363.3999987,313.9981288909912,0.34444444444444444,0
1596160363.4099987,315.7989854812622,0.34444444444444444,0
1596160363.4199986,317.5959367752075,0.34444444444444444,0
1596160363.4299986,319.396879196167,0.34444444444444444,0
1596160363.4399986,321.1990661621094,0.34444444444444444,0
1596160363.4499986,322.99786281585693,0.34444444444444444,0
1596160363.4599986,324.7970027923584,0.34444444444444444,0
1596160363.4699986,326.59588527679443,0.34444444444444444,0
1596160363.4799986,328.3966989517212,0.34444444444444444,0
1596160363.4899986,330.19764137268066,0.34444444444444444,0
1596160363.4999986,331.99703884124756,0.34444444444444444,0
1596160363.5099986,333.7982816696167,0.34444444444444444,0
1596160363.5199986,335.597207069397,0.34444444444444444,0
1596160363.5299985,337.39806365966797,0.34444444444444444,0
1596160363.5399985,339.1971607208252,0.34444444444444444,0
1596160363.5499985,340.99750232696533,0.34444444444444444,0
1596160363.5599985,342.796856880188,0.34444444444444444,0
1596160363.5699985,344.5987434387207,0.34444444444444444,0
1596160363.5799985,346.3990421295166,0.34444444444444444,0
1596160363.5899985,348.1986541748047,0.34444444444444444,0
1596160363.5999985,349.99882411956787,0.34444444444444444,0
1596160363.6099985,351.79676246643066,0.34444444444444444,0
1596160363.6199985,353.598219871521,0.34444444444444444,0
1596160363.6299984,355.39714527130127,0.34444444444444444,0
1596160363.6399984,357.19864559173584,0.34444444444444444,0
1596160363.6499984,358.996111869812,0.34444444444444444,0
1596160363.655593,360,0.34444444444444444,1
1596160363.655593,0,0,0
1596160363.665593,106.61928659490844,0.5823279489969821,0
1596160363.675593,108.42125898412964,0.5823279489969821,0
1596160363.685593,110.21992689184448,0.5823279489969821,0
1596160363.6955929,112.0201397519519,0.5823279489969821,0
1596160363.7055929,113.82146841100952,0.5823279489969821,0
1596160363.7155929,115.62211042455932,0.5823279489969821,0
1596160363.7255929,117.41974836401245,0.5823279489969821,0
1596160363.7355928,119.2222357373645,0.5823279489969821,0
1596160363.7455928,121.02176195196411,0.5823279489969821,0
1596160363.7555928,122.81978612951538,0.5823279489969821,0
1596160363.7655928,124.62214475683471,0.5823279489969821,0
1596160363.7714183,125.66760545782348,0.5823279489969821,0
1596160363.7714183,125.66760545782348,0.5823279489969821,0
1596160363.7755928,126.42115598730346,0.5823279489969821,0
1596160363.7855928,128.2208109479358,0.5823279489969821,0
1596160363.7955928,130.02149587682985,0.5823279489969821,0
1596160363.8055928,131.81956296972535,0.5823279489969821,0
1596160363.8155928,133.61938959173463,0.5823279489969821,0
1596160363.8255928,135.4194307904651,0.5823279489969821,0
1596160363.8355927,137.221531925719,0.5823279489969821,0
1596160363.8455927,139.01998525671266,0.5823279489969821,0
1596160363.8555927,140.82139974645875,0.5823279489969821,0
1596160363.8655927,142.61942392401002,0.5823279489969821,0
1596160363.8755927,144.42045217565797,0.5823279489969821,0
1596160363.8855927,146.22057920507692,0.5823279489969821,0
1596160363.8955927,148.021092472594,0.5823279489969821,0
1596160363.9055927,149.820146618407,0.5823279489969821,0
1596160363.9155927,151.62237649969362,0.5823279489969821,0
1596160363.9255927,153.42173105291627,0.5823279489969821,0
1596160363.9355927,155.21954065374635,0.5823279489969821,0
1596160363.9455926,157.0212555509021,0.5823279489969821,0
1596160363.9555926,158.82091051153444,0.5823279489969821,0
1596160363.9655926,160.62232500128053,0.5823279489969821,0
1596160363.9755926,162.4215937238147,0.5823279489969821,0
1596160363.9855926,164.22202116064332,0.5823279489969821,0
1596160363.9955926,166.0200453381946,0.5823279489969821,0
1596160364.0055926,167.81897073797487,0.5823279489969821,0
1596160364.0155926,169.62115770391725,0.5823279489969821,0
1596160364.0255926,171.41909605078004,0.5823279489969821,0
1596160364.0355926,173.2211542706897,0.5823279489969821,0
1596160364.0455925,175.0205517392566,0.5823279489969821,0
1596160364.0555925,176.82188039831422,0.5823279489969821,0
1596160364.0655925,178.62076288275026,0.5823279489969821,0
1596160364.0755925,180.42140489630006,0.5823279489969821,0
1596160364.0855925,182.2218752484729,0.5823279489969821,0
1596160364.0955925,184.02011400274537,0.5823279489969821,0
1596160364.1055925,185.81994062475465,0.5823279489969821,0
1596160364.1155925,187.62225633672975,0.5823279489969821,0
1596160364.1255925,189.42199712805055,0.5823279489969821,0
1596160364.1355925,191.21963506750367,0.5823279489969821,0
1596160364.1455925,193.0205345731189,0.5823279489969821,0
1596160364.1555924,194.8218203168323,0.5823279489969821,0
1596160364.1655924,196.61971574835084,0.5823279489969821,0
1596160364.1755924,198.41971403173707,0.5823279489969821,0
1596160364.1855924,200.2209568601062,0.5823279489969821,0
1596160364.1955924,202.02074056677125,0.5823279489969821,0
1596160364.2055924,203.82078176550172,0.5823279489969821,0
1596160364.2155924,205.62176710180543,0.5823279489969821,0
1596160364.2255924,207.42039209417604,0.5823279489969821,0
1596160364.2355924,209.2209911923816,0.5823279489969821,0
1596160364.2455924,211.01970201544069,0.5823279489969821,0
1596160364.2555923,212.81914239935182,0.5823279489969821,0
1596160364.2655923,214.61995607427858,0.5823279489969821,0
1596160364.2755923,216.41973978094362,0.5823279489969821,0
1596160364.2855923,218.2211542706897,0.5823279489969821,0
1596160364.2955923,220.02205377630494,0.5823279489969821,0
1596160364.3055923,221.8205071072986,0.5823279489969821,0
1596160364.3155923,223.62041955999635,0.5823279489969821,0
1596160364.3255923,225.41895872167848,0.5823279489969821,0
1596160364.3355923,227.22217565588258,0.5823279489969821,0
1596160364.3455923,229.020586071532,0.5823279489969821,0
1596160364.3555923,230.81968313268922,0.5823279489969821,0
1596160364.3655922,232.62045389227174,0.5823279489969821,0
1596160364.3755922,234.42088132910035,0.5823279489969821,0
1596160364.3855922,236.2195492368152,0.5823279489969821,0
1596160364.3955922,238.02225118688844,0.5823279489969821,0
1596160364.4055922,239.82091909460328,0.5823279489969821,0
1596160364.4155922,241.62143236212037,0.5823279489969821,0
1596160364.4255922,243.42095857671998,0.5823279489969821,0
1596160364.4355922,245.2200556378772,0.5823279489969821,0
1596160364.4455922,247.01906686834596,0.5823279489969821,0
1596160364.4555922,248.8199663739612,0.5823279489969821,0
1596160364.4655921,250.61979299597047,0.5823279489969821,0
1596160364.4755921,252.42228036932252,0.5823279489969821,0
1596160364.4855921,254.21906000189088,0.5823279489969821,0
1596160364.495592,256.02030283026,0.5823279489969821,0
1596160364.505592,257.8212023358752,0.5823279489969821,0
1596160364.515592,259.62051397375365,0.5823279489969821,0
1596160364.525592,261.4202118497302,0.5823279489969821,0
1596160364.535592,263.2222700696399,0.5823279489969821,0
1596160364.545592,265.01986509374876,0.5823279489969821,0
1596160364.555592,266.81934839300413,0.5823279489969821,0
1596160364.562788,268.1141472440173,0.5823279489969821,0
1596160364.562788,268.1141472440173,0.5823279489969821,0
1596160364.565592,268.6191320996692,0.5823279489969821,0
1596160364.575592,270.41964536718626,0.5823279489969821,0
1596160364.585592,272.22183233312865,0.5823279489969821,0
1596160364.595592,274.02204519323607,0.5823279489969821,0
1596160364.605592,275.8219576459338,0.5823279489969821,0
1596160364.615592,277.61890893987913,0.5823279489969821,0
1596160364.625592,279.4207096677234,0.5823279489969821,0
1596160364.635592,281.22100835851927,0.5823279489969821,0
1596160364.645592,283.0194616895129,0.5823279489969821,0
1596160364.655592,284.8200607877185,0.5823279489969821,0
1596160364.665592,286.6216040234973,0.5823279489969821,0
1596160364.675592,288.4213448148181,0.5823279489969821,0
1596160364.685592,290.2220726590564,0.5823279489969821,0
1596160364.695592,292.01966768316527,0.5823279489969821,0
1596160364.705592,293.81983762792845,0.5823279489969821,0
1596160364.715592,295.620436726134,0.5823279489969821,0
1596160364.725592,297.4195767026355,0.5823279489969821,0
1596160364.735592,299.221248684447,0.5823279489969821,0
1596160364.7455919,301.0196591000964,0.5823279489969821,0
1596160364.7555919,302.8188419919421,0.5823279489969821,0
1596160364.7655919,304.62107187322874,0.5823279489969821,0
1596160364.7755919,306.419997273009,0.5823279489969821,0
1596160364.7855918,308.21909433416624,0.5823279489969821,0
1596160364.7955918,310.02222543768187,0.5823279489969821,0
1596160364.8055918,311.82192331365843,0.5823279489969821,0
1596160364.8155918,313.6200333218982,0.5823279489969821,0
1596160364.8255918,315.4189158063342,0.5823279489969821,0
1596160364.8355918,317.22118860296507,0.5823279489969821,0
1596160364.8455918,319.0190411191394,0.5823279489969821,0
1596160364.8555918,320.8198977094104,0.5823279489969821,0
1596160364.8655918,322.61882310919066,0.5823279489969821,0
1596160364.8755918,324.422082958739,0.5823279489969821,0
1596160364.8855917,326.22040754369993,0.5823279489969821,0
1596160364.8955917,328.0189896207263,0.5823279489969821,0
1596160364.9055917,329.821949062865,0.5823279489969821,0
1596160364.9155917,331.6209173779895,0.5823279489969821,0
1596160364.9255917,333.4191990476062,0.5823279489969821,0
1596160364.9355917,335.2199698071887,0.5823279489969821,0
1596160364.9455917,337.0215130429675,0.5823279489969821,0
1596160364.9555917,338.81880765966673,0.5823279489969821,0
1596160364.9655917,340.6198359113147,0.5823279489969821,0
1596160364.9755917,342.421293316405,0.5823279489969821,0
1596160364.9855917,344.2202187161853,0.5823279489969821,0
1596160364.9955916,346.02103239111204,0.5823279489969821,0
1596160365.0055916,347.8197432141711,0.5823279489969821,0
1596160365.0155916,349.6208143811633,0.5823279489969821,0
1596160365.0255916,351.41892438940306,0.5823279489969821,0
1596160365.0355916,353.2213688474109,0.5823279489969821,0
1596160365.0455916,355.0211096387317,0.5823279489969821,0
1596160365.0555916,356.81934839300413,0.5823279489969821,0
1596160365.0655916,358.6213207822253,0.5823279489969821,0
1596160365.073281,360,0.5823279489969821,1
1596160365.073281,0,0,0
1596160365.083281,139.5703730727739,0.7653778580303031,0
1596160365.093281,141.3704571868486,0.7653778580303031,0
1596160365.103281,143.16826678767868,0.7653778580303031,0
1596160365.113281,144.97041083827682,0.7653778580303031,0
1596160365.123281,146.769679560811,0.7653778580303031,0
1596160365.133281,148.56911994472213,0.7653778580303031,0
1596160365.143281,150.36928988948532,0.7653778580303031,0
1596160365.153281,152.16993190303512,0.7653778580303031,0
1596160365.163281,153.9695439483232,0.7653778580303031,0
1596160365.173281,155.76945640102096,0.7653778580303031,0
1596160365.183281,157.5712571288652,0.7653778580303031,0
1596160365.193281,159.3684229995317,0.7653778580303031,0
1596160365.203281,161.1690650130815,0.7653778580303031,0
1596160365.213281,162.9701361800737,0.7653778580303031,0
1596160365.223281,164.7687611724443,0.7653778580303031,0
1596160365.233281,166.57069064632125,0.7653778580303031,0
1596160365.243281,168.37051726833053,0.7653778580303031,0
1596160365.2532809,170.1692280913896,0.7653778580303031,0
1596160365.2632809,171.96858264461227,0.7653778580303031,0
1596160365.2732809,173.7708125258989,0.7653778580303031,0
1596160365.2832808,175.57106830135055,0.7653778580303031,0
1596160365.2932808,177.36947871699996,0.7653778580303031,0
1596160365.3032808,179.17097903743453,0.7653778580303031,0
1596160365.3132808,180.97016192928027,0.7653778580303031,0
1596160365.3203998,182.24938251033495,0.7653778580303031,0
1596160365.3203998,182.24938251033495,0.7653778580303031,0
1596160365.3232808,182.76827193752,0.7653778580303031,0
1596160365.3332808,184.56930018916796,0.7653778580303031,0
1596160365.3432808,186.36959887996386,0.7653778580303031,0
1596160365.3532808,188.1701550628252,0.7653778580303031,0
1596160365.3632808,189.96813632503222,0.7653778580303031,0
1596160365.3732808,191.76980830684374,0.7653778580303031,0
1596160365.3832808,193.57036448970507,0.7653778580303031,0
1596160365.3932807,195.36877490535448,0.7653778580303031,0
1596160365.4032807,197.16958858028124,0.7653778580303031,0
1596160365.4132807,198.96920062556933,0.7653778580303031,0
1596160365.4232807,200.77010013118456,0.7653778580303031,0
1596160365.4332807,202.57052756801318,0.7653778580303031,0
1596160365.4432807,204.3699679519243,0.7653778580303031,0
1596160365.4532807,206.16889335170458,0.7653778580303031,0
1596160365.4632807,207.96829082027148,0.7653778580303031,0
1596160365.4732807,209.77125026241015,0.7653778580303031,0
1596160365.4832807,211.56815864101122,0.7653778580303031,0
1596160365.4932806,213.36892940059374,0.7653778580303031,0
1596160365.5032806,215.17021514430712,0.7653778580303031,0
1596160365.5132806,216.9692692901201,0.7653778580303031,0
1596160365.5232806,218.76793719783495,0.7653778580303031,0
1596160365.5332806,220.56823588863085,0.7653778580303031,0
1596160365.5432806,222.36922122493456,0.7653778580303031,0
1596160365.5532806,224.1683182860918,0.7653778580303031,0
1596160365.5632806,225.97071982875536,0.7653778580303031,0
1596160365.5732806,227.76797153011034,0.7653778580303031,0
1596160365.5832806,229.56861354366015,0.7653778580303031,0
1596160365.5932806,231.36826850429247,0.7653778580303031,0
1596160365.6032805,233.16985465541552,0.7653778580303031,0
1596160365.6132805,234.96839381709765,0.7653778580303031,0
1596160365.6232805,236.77100993648241,0.7653778580303031,0
1596160365.6332805,238.56813289180468,0.7653778580303031,0
1596160365.6432805,240.37117816463183,0.7653778580303031,0
1596160365.6532805,242.17053271785448,0.7653778580303031,0
1596160365.6632805,243.9698443557329,0.7653778580303031,0
1596160365.6732805,245.77035762325,0.7653778580303031,0
1596160365.6832805,247.57027007594775,0.7653778580303031,0
1596160365.6932805,249.37082625880907,0.7653778580303031,0
1596160365.7032804,251.168249621541,0.7653778580303031,0
1596160365.7132804,252.96807624355029,0.7653778580303031,0
1596160365.7232804,254.76807452693652,0.7653778580303031,0
1596160365.7332804,256.5706906463213,0.7653778580303031,0
1596160365.7432804,258.36974479213427,0.7653778580303031,0
1596160365.7532804,260.17068721309374,0.7653778580303031,0
1596160365.7632804,261.9696984435625,0.7653778580303031,0
1596160365.7732804,263.7707696105547,0.7653778580303031,0
1596160365.7832804,265.5688367034502,0.7653778580303031,0
1596160365.7932804,267.37012244716357,0.7653778580303031,0
1596160365.8032804,269.16917659297656,0.7653778580303031,0
1596160365.8132803,270.9706769134111,0.7653778580303031,0
1596160365.8232803,272.770074381978,0.7653778580303031,0
1596160365.8332803,274.5680127288408,0.7653778580303031,0
1596160365.8432803,276.3685259963579,0.7653778580303031,0
1596160365.8532803,278.1689105178423,0.7653778580303031,0
1596160365.8632803,279.96817924037646,0.7653778580303031,0
1596160365.8732803,281.76937915340136,0.7653778580303031,0
1596160365.8832803,283.56942035213183,0.7653778580303031,0
1596160365.8932803,285.37040568843554,0.7653778580303031,0
1596160365.9032803,287.16890193477343,0.7653778580303031,0
1596160365.9132802,288.9709601546831,0.7653778580303031,0
1596160365.9232802,290.76816894069384,0.7653778580303031,0
1596160365.9332802,292.5678668166704,0.7653778580303031,0
1596160365.9432802,294.3692813064165,0.7653778580303031,0
1596160365.9532802,296.16863585963915,0.7653778580303031,0
1596160365.9632802,297.96996451869677,0.7653778580303031,0
1596160365.9732802,299.77125026241015,0.7653778580303031,0
1596160365.981755,301.29332877650927,0.7653778580303031,0
1596160365.981755,301.29332877650927,0.7653778580303031,0
1596160365.9832802,301.5697035934038,0.7653778580303031,0
1596160365.9932802,303.3706889297075,0.7653778580303031,0
1596160366.0032802,305.17081595912646,0.7653778580303031,0
1596160366.0132802,306.9699130202837,0.7653778580303031,0
1596160366.0232801,308.7681088592119,0.7653778580303031,0
1596160366.0332801,310.57046748653124,0.7653778580303031,0
1596160366.0432801,312.3705086852617,0.7653778580303031,0
1596160366.05328,314.1681037093706,0.7653778580303031,0
1596160366.06328,315.969217791707,0.7653778580303031,0
1596160366.07328,317.7699456359453,0.7653778580303031,0
1596160366.08328,319.570930972249,0.7653778580303031,0
1596160366.09328,321.3703284408159,0.7653778580303031,0
1596160366.10328,323.1682667876787,0.7653778580303031,0
1596160366.11328,324.96998168483447,0.7653778580303031,0
1596160366.12328,326.7680916930742,0.7653778580303031,0
1596160366.13328,328.5704074050493,0.7653778580303031,0
1596160366.14328,330.3705773498125,0.7653778580303031,0
1596160366.15328,332.1692023421831,0.7653778580303031,0
1596160366.16328,333.9693722869463,0.7653778580303031,0
1596160366.17328,335.7684693481035,0.7653778580303031,0
1596160366.18328,337.5698838378496,0.7653778580303031,0
1596160366.19328,339.3696246291704,0.7653778580303031,0
1596160366.20328,341.1698374892778,0.7653778580303031,0
1596160366.21328,342.96846248164843,0.7653778580303031,0
1596160366.22328,344.7700915481157,0.7653778580303031,0
1596160366.23328,346.56931735530566,0.7653778580303031,0
1596160366.24328,348.3678565169878,0.7653778580303031,0
1596160366.25328,350.1696143294878,0.7653778580303031,0
1596160366.26328,351.97111464992236,0.7653778580303031,0
1596160366.27328,353.7698683883257,0.7653778580303031,0
1596160366.28328,355.56969501033495,0.7653778580303031,0
1596160366.29328,357.3689208175249,0.7653778580303031,0
1596160366.3032799,359.170335307271,0.7653778580303031,0
1596160366.3079064,360,0.7653778580303031,1
1596160366.3079064,0,0,0
1596160366.3179064,170.97407792554642,0.9398426465715715,0
1596160366.3279064,172.77330373273637,0.9398426465715715,0
1596160366.3379064,174.57463239179398,0.9398426465715715,0
1596160366.3479064,176.37390111432816,0.9398426465715715,0
1596160366.3579063,178.1738993977144,0.9398426465715715,0
1596160366.3679063,179.9727389668062,0.9398426465715715,0
1596160366.3779063,181.77402471051957,0.9398426465715715,0
1596160366.3879063,183.57475255475785,0.9398426465715715,0
1596160366.3979063,185.37221883283402,0.9398426465715715,0
1596160366.4079063,187.1728179310396,0.9398426465715715,0
1596160366.4179063,188.97225831495072,0.9398426465715715,0
1596160366.4279063,190.77238534436967,0.9398426465715715,0
1596160366.4379063,192.57234071241166,0.9398426465715715,0
1596160366.4479063,194.372896895273,0.9398426465715715,0
1596160366.4579062,196.17375348554398,0.9398426465715715,0
1596160366.4679062,197.97370885358598,0.9398426465715715,0
1596160366.4779062,199.77164720044877,0.9398426465715715,0
1596160366.4879062,201.5738770817354,0.9398426465715715,0
1596160366.4979062,203.3731887196138,0.9398426465715715,0
1596160366.5079062,205.1718137119844,0.9398426465715715,0
1596160366.5179062,206.97236989484574,0.9398426465715715,0
1596160366.5279062,208.77211068616654,0.9398426465715715,0
1596160366.5379062,210.57455514417435,0.9398426465715715,0
1596160366.5479062,212.37459634290482,0.9398426465715715,0
1596160366.5579062,214.17253468976762,0.9398426465715715,0
1596160366.5631216,215.11040662275101,0.9398426465715715,0
1596160366.5631216,215.11040662275101,0.9398426465715715,0
1596160366.5679061,215.97317670331742,0.9398426465715715,0
1596160366.5779061,217.77347539411332,0.9398426465715715,0
1596160366.5879061,219.57407449231889,0.9398426465715715,0
1596160366.597906,221.3733861301973,0.9398426465715715,0
1596160366.607906,223.17342732892777,0.9398426465715715,0
1596160366.617906,224.97471307264115,0.9398426465715715,0
1596160366.627906,226.77419637189652,0.9398426465715715,0
1596160366.637906,228.57372258649613,0.9398426465715715,0
1596160366.647906,230.37329171643998,0.9398426465715715,0
1596160366.657906,232.17410539136674,0.9398426465715715,0
1596160366.667906,233.97285912977006,0.9398426465715715,0
1596160366.677906,235.77225659833695,0.9398426465715715,0
1596160366.687906,237.57221196637894,0.9398426465715715,0
1596160366.697906,239.37169526563432,0.9398426465715715,0
1596160366.707906,241.1738822315767,0.9398426465715715,0
1596160366.717906,242.97220681653764,0.9398426465715715,0
1596160366.727906,244.77396462903764,0.9398426465715715,0
1596160366.737906,246.57409165845658,0.9398426465715715,0
1596160366.747906,248.3731887196138,0.9398426465715715,0
1596160366.757906,250.17477487073685,0.9398426465715715,0
1596160366.767906,251.9737861012056,0.9398426465715715,0
1596160366.777906,253.77365563855912,0.9398426465715715,0
1596160366.787906,255.57210896955277,0.9398426465715715,0
1596160366.797906,257.3733947132662,0.9398426465715715,0
1596160366.807906,259.1716763828829,0.9398426465715715,0
1596160366.817906,260.9725329731539,0.9398426465715715,0
1596160366.827906,262.7742049549654,0.9398426465715715,0
1596160366.837906,264.5721433018282,0.9398426465715715,0
1596160366.8479059,266.3721415852144,0.9398426465715715,0
1596160366.8579059,268.17402814374714,0.9398426465715715,0
1596160366.8679059,269.97209523664264,0.9398426465715715,0
1596160366.8779058,271.773552641733,0.9398426465715715,0
1596160366.8879058,273.57303594098835,0.9398426465715715,0
1596160366.8979058,275.3735062931612,0.9398426465715715,0
1596160366.9079058,277.1733758305147,0.9398426465715715,0
1596160366.9179058,278.97294496045856,0.9398426465715715,0
1596160366.9279058,280.77212785230427,0.9398426465715715,0
1596160366.9379058,282.57444356427936,0.9398426465715715,0
1596160366.9479058,284.3727681492403,0.9398426465715715,0
1596160366.9579058,286.1722943638399,0.9398426465715715,0
1596160366.9679058,287.97276471601276,0.9398426465715715,0
1596160366.9779058,289.7725484226778,0.9398426465715715,0
1596160366.9879057,291.57155965314655,0.9398426465715715,0
1596160366.996996,293.2077929829195,0.9398426465715715,0
1596160366.996996,293.2077929829195,0.9398426465715715,0
1596160366.9979057,293.3730599735811,0.9398426465715715,0
1596160367.0079057,295.17361615644245,0.9398426465715715,0
1596160367.0179057,296.97468732343464,0.9398426465715715,0
1596160367.0279057,298.77262567029743,0.9398426465715715,0
1596160367.0379057,300.5721948002413,0.9398426465715715,0
1596160367.0479057,302.37416718946247,0.9398426465715715,0
1596160367.0579057,304.1721484516695,0.9398426465715715,0
1596160367.0679057,305.9725758884981,0.9398426465715715,0
1596160367.0779057,307.7747628544405,0.9398426465715715,0
1596160367.0879056,309.57480405317096,0.9398426465715715,0
1596160367.0979056,311.37394402967243,0.9398426465715715,0
1596160367.1079056,313.1735560749605,0.9398426465715715,0
1596160367.1179056,314.97432683454304,0.9398426465715715,0
1596160367.1279056,316.7722651814058,0.9398426465715715,0
1596160367.1379056,318.5734221790865,0.9398426465715715,0
1596160367.1479056,320.3729483936861,0.9398426465715715,0
1596160367.1579056,322.1720025394991,0.9398426465715715,0
1596160367.1679056,323.9735457752779,0.9398426465715715,0
1596160367.1779056,325.7735011433199,0.9398426465715715,0
1596160367.1879056,327.57264111982136,0.9398426465715715,0
1596160367.1979055,329.3733260487154,0.9398426465715715,0
1596160367.2079055,331.17435430036335,0.9398426465715715,0
1596160367.2179055,332.97186349378376,0.9398426465715715,0
1596160367.2279055,334.77439378248005,0.9398426465715715,0
1596160367.2379055,336.57168839917927,0.9398426465715715,0
1596160367.2479055,338.3748195026949,0.9398426465715715,0
1596160367.2579055,340.1728007649019,0.9398426465715715,0
1596160367.2679055,341.97176908002643,0.9398426465715715,0
1596160367.2779055,343.7745997761324,0.9398426465715715,0
1596160367.2879055,345.57352517591266,0.9398426465715715,0
1596160367.2979054,347.37438176618366,0.9398426465715715,0
1596160367.3079054,349.1745946262911,0.9398426465715715,0
1596160367.3179054,350.9722325657442,0.9398426465715715,0
1596160367.3279054,352.773775801523,0.9398426465715715,0
1596160367.3379054,354.57287286268024,0.9398426465715715,0
1596160367.3479054,356.37428735242634,0.9398426465715715,0
1596160367.3579054,358.1726119373873,0.9398426465715715,0
1596160367.3679054,359.97230981336384,0.9398426465715715,0
1596160367.3680656,360,0.9398426465715715,1
1596160367.3680656,0,0,0
1596160367.3780656,179.6397691279838,0.9879977732401146,0
1596160367.3880656,181.44075446428752,0.9879977732401146,0
1596160367.3980656,183.2411389857719,0.9879977732401146,0
1596160367.4080656,185.04173808397746,0.9879977732401146,0
1596160367.4180655,186.84135012926555,0.9879977732401146,0
1596160367.4280655,188.6412625819633,0.9879977732401146,0
1596160367.4380655,190.44035964312053,0.9879977732401146,0
1596160367.4480655,192.23997168840862,0.9879977732401146,0
1596160367.4580655,194.04108577074504,0.9879977732401146,0
1596160367.4680655,195.83971076311565,0.9879977732401146,0
1596160367.4780655,197.63970904650188,0.9879977732401146,0
1596160367.4880655,199.44275431932903,0.9879977732401146,0
1596160367.4980655,201.23957686724162,0.9879977732401146,0
1596160367.5080655,203.04056220354533,0.9879977732401146,0
1596160367.5180655,204.84111838640666,0.9879977732401146,0
1596160367.5280654,206.64231829943157,0.9879977732401146,0
1596160367.5380654,208.442531159539,0.9879977732401146,0
1596160367.5480654,210.24222903551555,0.9879977732401146,0
1596160367.5580654,212.04154067339397,0.9879977732401146,0
1596160367.5680654,213.83960776628948,0.9879977732401146,0
1596160367.5780654,215.64269595446086,0.9879977732401146,0
1596160367.5880654,217.44059138597942,0.9879977732401146,0
1596160367.5980654,219.24033217730022,0.9879977732401146,0
1596160367.6080654,221.04058795275188,0.9879977732401146,0
1596160367.6180654,222.84200244249797,0.9879977732401146,0
1596160367.6280653,224.6405416041801,0.9879977732401146,0
1596160367.6380653,226.44041114153362,0.9879977732401146,0
1596160367.6480653,228.24161105455852,0.9879977732401146,0
1596160367.6580653,230.04293971361614,0.9879977732401146,0
1596160367.6680653,231.8402772456596,0.9879977732401146,0
1596160367.6780653,233.63997512163616,0.9879977732401146,0
1596160367.6880653,235.44053130449748,0.9879977732401146,0
1596160367.6980653,237.24250369371867,0.9879977732401146,0
1596160367.7080653,239.04005580248332,0.9879977732401146,0
1596160367.7180653,240.8406549006889,0.9879977732401146,0
1596160367.7280653,242.6396232158134,0.9879977732401146,0
1596160367.7380652,244.44236808123088,0.9879977732401146,0
1596160367.7480652,246.24086432756877,0.9879977732401146,0
1596160367.7580652,248.0396180659721,0.9879977732401146,0
1596160367.7680652,249.83995967211223,0.9879977732401146,0
1596160367.7780652,251.63970046343303,0.9879977732401146,0
1596160367.7880652,253.4399562388847,0.9879977732401146,0
1596160367.7980652,255.24235778154826,0.9879977732401146,0
1596160367.8080652,257.04141192736125,0.9879977732401146,0
1596160367.8180652,258.84274058641887,0.9879977732401146,0
1596160367.8280652,260.63977771105266,0.9879977732401146,0
1596160367.8380651,262.44041972460246,0.9879977732401146,0
1596160367.8480651,264.2413192302177,0.9879977732401146,0
1596160367.8580651,266.0417466670463,0.9879977732401146,0
1596160367.868065,267.8421311885307,0.9879977732401146,0
1596160367.878065,269.6420865565727,0.9879977732401146,0
1596160367.888065,271.4422994166801,0.9879977732401146,0
1596160367.898065,273.2413964778373,0.9879977732401146,0
1596160367.908065,275.04263930620647,0.9879977732401146,0
1596160367.918065,276.8427663356254,0.9879977732401146,0
1596160367.928065,278.6399322062919,0.9879977732401146,0
1596160367.938065,280.44040255846477,0.9879977732401146,0
1596160367.948065,282.24014334978557,0.9879977732401146,0
1596160367.958065,284.0422874003837,0.9879977732401146,0
1596160367.968065,285.84275775255657,0.9879977732401146,0
1596160367.978065,287.6421123057792,0.9879977732401146,0
1596160367.982117,288.3688407451103,0.9879977732401146,0
1596160367.982117,288.3688407451103,0.9879977732401146,0
1596160367.988065,289.44211058916545,0.9879977732401146,0
1596160367.998065,291.24198012651897,0.9879977732401146,0
1596160368.008065,293.0400901347587,0.9879977732401146,0
1596160368.018065,294.840817978997,0.9879977732401146,0
1596160368.028065,296.63982920946574,0.9879977732401146,0
1596160368.038065,298.4411149531791,0.9879977732401146,0
1596160368.048065,300.23986869158244,0.9879977732401146,0
1596160368.058065,302.03952365221477,0.9879977732401146,0
1596160368.068065,303.84171061815715,0.9879977732401146,0
1596160368.078065,305.6402497798393,0.9879977732401146,0
1596160368.088065,307.442136338372,0.9879977732401146,0
1596160368.098065,309.2408471614311,0.9879977732401146,0
1596160368.108065,311.0425191432426,0.9879977732401146,0
1596160368.1180649,312.8424745112846,0.9879977732401146,0
1596160368.1280649,314.63968329729533,0.9879977732401146,0
1596160368.1380649,316.44135527910686,0.9879977732401146,0
1596160368.1480649,318.2407098323295,0.9879977732401146,0
1596160368.1580648,320.039849808831,0.9879977732401146,0
1596160368.1680648,321.84177928270793,0.9879977732401146,0
1596160368.1780648,323.6399322062919,0.9879977732401146,0
1596160368.1880648,325.44126086534953,0.9879977732401146,0
1596160368.1980648,327.2400575190971,0.9879977732401146,0
1596160368.2080648,329.0422874003837,0.9879977732401146,0
1596160368.2180648,330.8413415461967,0.9879977732401146,0
1596160368.2280648,332.6415544063041,0.9879977732401146,0
1596160368.2380648,334.4405656367729,0.9879977732401146,0
1596160368.2480648,336.24198012651897,0.9879977732401146,0
1596160368.2580647,338.04227881731487,0.9879977732401146,0
1596160368.2680647,339.83965926470256,0.9879977732401146,0
1596160368.2780647,341.64150290789104,0.9879977732401146,0
1596160368.2880647,343.4404283076713,0.9879977732401146,0
1596160368.2980647,345.241585305352,0.9879977732401146,0
1596160368.3080647,347.0417123347709,0.9879977732401146,0
1596160368.3180647,348.8415389567802,0.9879977732401146,0
1596160368.3280647,350.6419234782646,0.9879977732401146,0
1596160368.3380647,352.4423509150932,0.9879977732401146,0
1596160368.3480647,354.24024634661174,0.9879977732401146,0
1596160368.3580647,356.04067378344035,0.9879977732401146,0
1596160368.3680646,357.84277491869426,0.9879977732401146,0
1596160368.3780646,359.64225821794963,0.9879977732401146,0
1596160368.3800683,360,0.9879977732401146,1
1596160368.3800683,0,0,0
1596160368.3900683,102.69116654592034,0.5604909931397701,0
1596160368.4000683,104.48858990865227,0.5604909931397701,0
1596160368.4100683,106.28854527669426,0.5604909931397701,0
1596160368.4200683,108.09038891988274,0.5604909931397701,0
1596160368.4300683,109.88995804982659,0.5604909931397701,0
1596160368.4400682,111.69137253957268,0.5604909931397701,0
1596160368.4500682,113.48853841023919,0.5604909931397701,0
1596160368.4600682,115.2898670692968,0.5604909931397701,0
1596160368.4700682,117.08943619924065,0.5604909931397701,0
1596160368.4800682,118.88964905934807,0.5604909931397701,0
1596160368.4900682,120.69157853322503,0.5604909931397701,0
1596160368.5000682,122.49028935628411,0.5604909931397701,0
1596160368.5100682,124.29131760793206,0.5604909931397701,0
1596160368.5200682,126.09118714528557,0.5604909931397701,0
1596160368.5300682,127.88856759267327,0.5604909931397701,0
1596160368.5400681,129.68882336812493,0.5604909931397701,0
1596160368.5500681,131.4896370430517,0.5604909931397701,0
1596160368.5600681,133.29156651692864,0.5604909931397701,0
1596160368.5700681,135.08989110188958,0.5604909931397701,0
1596160368.580068,136.8915630837011,0.5604909931397701,0
1596160368.590068,138.69083180623528,0.5604909931397701,0
1596160368.600068,140.49134507375237,0.5604909931397701,0
1596160368.610068,142.28984132009026,0.5604909931397701,0
1596160368.620068,144.08971085744378,0.5604909931397701,0
1596160368.630068,145.89129700856682,0.5604909931397701,0
1596160368.640068,147.6898790855932,0.5604909931397701,0
1596160368.650068,149.49060692983147,0.5604909931397701,0
1596160368.660068,151.29064812856194,0.5604909931397701,0
1596160368.670068,153.09081807332512,0.5604909931397701,0
1596160368.680068,154.88961472707268,0.5604909931397701,0
1596160368.690068,156.69029965596673,0.5604909931397701,0
1596160368.700068,158.4893538017797,0.5604909931397701,0
1596160368.710068,160.28905167775628,0.5604909931397701,0
1596160368.720068,162.08999409871575,0.5604909931397701,0
1596160368.730068,163.89089360433098,0.5604909931397701,0
1596160368.740068,165.69093480306145,0.5604909931397701,0
1596160368.750068,167.4893881340551,0.5604909931397701,0
1596160368.760068,169.29153218465325,0.5604909931397701,0
1596160368.770068,171.08899846272942,0.5604909931397701,0
1596160368.780068,172.89079919057366,0.5604909931397701,0
1596160368.790068,174.68903794484612,0.5604909931397701,0
1596160368.800068,176.48869290547844,0.5604909931397701,0
1596160368.8084707,178.00081505971428,0.5604909931397701,0
1596160368.8084707,178.00081505971428,0.5604909931397701,0
1596160368.810068,178.28933491902825,0.5604909931397701,0
1596160368.820068,180.0911356468725,0.5604909931397701,0
1596160368.8300679,181.8898893852758,0.5604909931397701,0
1596160368.8400679,183.69156136708733,0.5604909931397701,0
1596160368.8500679,185.49143090444085,0.5604909931397701,0
1596160368.8600678,187.2905708809423,0.5604909931397701,0
1596160368.8700678,189.08868088918206,0.5604909931397701,0
1596160368.8800678,190.88897957997796,0.5604909931397701,0
1596160368.8900678,192.69108071523186,0.5604909931397701,0
1596160368.9000678,194.49077859120843,0.5604909931397701,0
1596160368.9100678,196.29090562062737,0.5604909931397701,0
1596160368.9200678,198.08897271352288,0.5604909931397701,0
1596160368.9300678,199.88922848897454,0.5604909931397701,0
1596160368.9400678,201.68918385701653,0.5604909931397701,0
1596160368.9500678,203.48952546315667,0.5604909931397701,0
1596160368.9600677,205.29016747670647,0.5604909931397701,0
1596160368.9700677,207.08840623097893,0.5604909931397701,0
1596160368.9800677,208.88870492177483,0.5604909931397701,0
1596160368.9900677,210.68956151204583,0.5604909931397701,0
1596160368.9973428,211.9977928658056,0.5604909931397701,0
1596160368.9973428,211.9977928658056,0.5604909931397701,0
1596160369.0000677,212.48934521871087,0.5604909931397701,0
1596160369.0100677,214.2894722481298,0.5604909931397701,0
1596160369.0200677,216.08891263204094,0.5604909931397701,0
1596160369.0300677,217.89024129109856,0.5604909931397701,0
1596160369.0400677,219.6885658760595,0.5604909931397701,0
1596160369.0500677,221.49002328114983,0.5604909931397701,0
1596160369.0600677,223.29057946401116,0.5604909931397701,0
1596160369.0700676,225.09087815480706,0.5604909931397701,0
1596160369.0800676,226.88980355458733,0.5604909931397701,0
1596160369.0900676,228.68915810781,0.5604909931397701,0
1596160369.1000676,230.48967137532708,0.5604909931397701,0
1596160369.1100676,232.29164376454827,0.5604909931397701,0
1596160369.1200676,234.0903975029516,0.5604909931397701,0
1596160369.1300676,235.89125409322259,0.5604909931397701,0
1596160369.1400676,237.69069447713372,0.5604909931397701,0
1596160369.1500676,239.49137940602776,0.5604909931397701,0
1596160369.1600676,241.29107728200432,0.5604909931397701,0
1596160369.1700675,243.08850064473626,0.5604909931397701,0
1596160369.1800675,244.88931431966301,0.5604909931397701,0
1596160369.1900675,246.69111504750725,0.5604909931397701,0
1596160369.2000675,248.49119916158196,0.5604909931397701,0
1596160369.2100675,250.29141202168938,0.5604909931397701,0
1596160369.2200675,252.09025159078118,0.5604909931397701,0
1596160369.2300675,253.8896919746923,0.5604909931397701,0
1596160369.2400675,255.68917527394768,0.5604909931397701,0
1596160369.2500675,257.48865857320305,0.5604909931397701,0
1596160369.2600675,259.2893435020971,0.5604909931397701,0
1596160369.2700675,261.0888697166967,0.5604909931397701,0
1596160369.2800674,262.8908421059179,0.5604909931397701,0
1596160369.2900674,264.69075455861565,0.5604909931397701,0
1596160369.3000674,266.4911390801,0.5604909931397701,0
1596160369.3100674,268.2893778343725,0.5604909931397701,0
1596160369.3200674,270.0906206627416,0.5604909931397701,0
1596160369.3300674,271.88937440114495,0.5604909931397701,0
1596160369.3400674,273.6915184517431,0.5604909931397701,0
1596160369.3500674,275.4902292748022,0.5604909931397701,0
1596160369.3600674,277.2883392830419,0.5604909931397701,0
1596160369.3700674,279.0915133019018,0.5604909931397701,0
1596160369.3800673,280.8901382942724,0.5604909931397701,0
1596160369.3899672,282.6701809425878,0.5604909931397701,0
1596160369.3899672,282.6701809425878,0.5604909931397701,0
1596160369.3900673,282.73309483724114,0.5604909931397701,0
1596160369.4000673,284.488718654685,0.5604909931397701,0
1596160369.4100673,286.2910343666601,0.5604909931397701,0
1596160369.4200673,288.08927312093255,0.5604909931397701,0
1596160369.4300673,289.8890568275976,0.5604909931397701,0
1596160369.4400673,291.69124379353997,0.5604909931397701,0
1596160369.4500673,293.4887529869604,0.5604909931397701,0
1596160369.4600673,295.2914549370336,0.5604909931397701,0
1596160369.4700673,297.09076657491204,0.5604909931397701,0
1596160369.4800673,298.88939156728264,0.5604909931397701,0
1596160369.4900672,300.68900361257073,0.5604909931397701,0
1596160369.5000672,302.4898602028417,0.5604909931397701,0
1596160369.5100672,304.29118886189934,0.5604909931397701,0
1596160369.5200672,306.0910154839086,0.5604909931397701,0
1596160369.5300672,307.8902842064428,0.5604909931397701,0
1596160369.5400672,309.6914841194677,0.5604909931397701,0
1596160369.5500672,311.4912249107885,0.5604909931397701,0
1596160369.5600672,313.28933491902825,0.5604909931397701,0
1596160369.5700672,315.0898052712011,0.5604909931397701,0
1596160369.5800672,316.89130559163567,0.5604909931397701,0
1596160369.5900671,318.68954434590813,0.5604909931397701,0
1596160369.6000671,320.48898472981926,0.5604909931397701,0
1596160369.6100671,322.29061379628655,0.5604909931397701,0
1596160369.6200671,324.0897108574438,0.5604909931397701,0
1596160369.630067,325.88885083394524,0.5604909931397701,0
1596160369.640067,327.6912523766088,0.5604909931397701,0
1596160369.650067,329.48824658589837,0.5604909931397701,0
1596160369.660067,331.2903477211523,0.5604909931397701,0
1596160369.670067,333.08927312093255,0.5604909931397701,0
1596160369.680067,334.89025845723626,0.5604909931397701,0
1596160369.690067,336.6905142326879,0.5604909931397701,0
1596160369.700067,338.48892464833733,0.5604909931397701,0
1596160369.710067,340.2897812386083,0.5604909931397701,0
1596160369.720067,342.09042325215813,0.5604909931397701,0
1596160369.730067,343.8882328529882,0.5604909931397701,0
1596160369.740067,345.68990483479973,0.5604909931397701,0
1596160369.750067,347.4909330864477,0.5604909931397701,0
1596160369.760067,349.29007306294915,0.5604909931397701,0
1596160369.770067,351.0898567696142,0.5604909931397701,0
1596160369.780067,352.8883959312963,0.5604909931397701,0
1596160369.790067,354.6913982887792,0.5604909931397701,0
1596160369.800067,356.48980870442864,0.5604909931397701,0
1596160369.810067,358.2894207497167,0.5604909931397701,0
1596160369.8195956,360,0.5604909931397701,1
1596160369.8195956,0,0,0
1596160369.8295956,237.13987112657287,1.3074394464832797,0
1596160369.8395956,238.9413285316632,1.3074394464832797,0
1596160369.8495955,240.739266878526,1.3074394464832797,0
1596160369.8595955,242.54235506669738,1.3074394464832797,0
1596160369.8695955,244.34063673631408,1.3074394464832797,0
1596160369.8795955,246.14170790330627,1.3074394464832797,0
1596160369.8895955,247.9419207634137,1.3074394464832797,0
1596160369.8995955,249.74024534837463,1.3074394464832797,0
1596160369.9095955,251.53955698625305,1.3074394464832797,0
1596160369.9195955,253.34105730668762,1.3074394464832797,0
1596160369.9295955,255.14049769059875,1.3074394464832797,0
1596160369.9395955,256.9420838417218,1.3074394464832797,0
1596160369.9495955,258.7408375801251,1.3074394464832797,0
1596160369.9595954,260.5416512550519,1.3074394464832797,0
1596160369.9695954,262.3403191627667,1.3074394464832797,0
1596160369.9795954,264.1400599540875,1.3074394464832797,0
1596160369.9895954,265.94095945970275,1.3074394464832797,0
1596160369.9995954,267.7403140129254,1.3074394464832797,0
1596160370.0095954,269.5395827354596,1.3074394464832797,0
1596160370.0195954,271.34198427812316,1.3074394464832797,0
1596160370.0295954,273.13957930223205,1.3074394464832797,0
1596160370.0395954,274.94077921525695,1.3074394464832797,0
1596160370.0495954,276.7412495674298,1.3074394464832797,0
1596160370.0595953,278.5416340889142,1.3074394464832797,0
1596160370.0695953,280.34188986436584,1.3074394464832797,0
1596160370.0795953,282.13905573503234,1.3074394464832797,0
1596160370.0895953,283.94150019304016,1.3074394464832797,0
1596160370.0995953,285.74076891557434,1.3074394464832797,0
1596160370.1095953,287.54153967515686,1.3074394464832797,0
1596160370.1195953,289.33926344529846,1.3074394464832797,0
1596160370.1295953,291.14200831071594,1.3074394464832797,0
1596160370.1395953,292.9392170967267,1.3074394464832797,0
1596160370.1495953,294.74174738542297,1.3074394464832797,0
1596160370.1595953,296.54135943071105,1.3074394464832797,0
1596160370.1695952,298.3411431373761,1.3074394464832797,0
1596160370.1795952,300.14092684404113,1.3074394464832797,0
1596160370.1895952,301.94045305864074,1.3074394464832797,0
1596160370.1995952,303.74152422563293,1.3074394464832797,0
1596160370.2095952,305.5423379005597,1.3074394464832797,0
1596160370.2195952,307.3423361839459,1.3074394464832797,0
1596160370.2295952,309.14211989061096,1.3074394464832797,0
1596160370.2395952,310.94048739091613,1.3074394464832797,0
1596160370.2495952,312.74082899705627,1.3074394464832797,0
1596160370.2538383,313.50279093400695,1.3074394464832797,0
1596160370.2538383,313.50279093400695,1.3074394464832797,0
1596160370.2595952,314.540741449754,1.3074394464832797,0
1596160370.2695951,316.3414692939923,1.3074394464832797,0
1596160370.2795951,318.13992262498596,1.3074394464832797,0
1596160370.2895951,319.9390626014874,1.3074394464832797,0
1596160370.299595,321.7394471229718,1.3074394464832797,0
1596160370.309595,323.54116202012756,1.3074394464832797,0
1596160370.319595,325.3391432823346,1.3074394464832797,0
1596160370.329595,327.13995695726135,1.3074394464832797,0
1596160370.339595,328.94214392320373,1.3074394464832797,0
1596160370.349595,330.7405114235089,1.3074394464832797,0
1596160370.359595,332.54166842118957,1.3074394464832797,0
1596160370.369595,334.3417525352643,1.3074394464832797,0
1596160370.379595,336.1416220726178,1.3074394464832797,0
1596160370.389595,337.9405045570538,1.3074394464832797,0
1596160370.399595,339.7409749092267,1.3074394464832797,0
1596160370.409595,341.54200316087463,1.3074394464832797,0
1596160370.419595,343.340585237901,1.3074394464832797,0
1596160370.429595,345.1413559974835,1.3074394464832797,0
1596160370.439595,346.941397196214,1.3074394464832797,0
1596160370.449595,348.73929262773254,1.3074394464832797,0
1596160370.459595,350.539333826463,1.3074394464832797,0
1596160370.469595,352.341091638963,1.3074394464832797,0
1596160370.479595,354.14121866838195,1.3074394464832797,0
1596160370.489595,355.93937159196594,1.3074394464832797,0
1596160370.499595,357.7397561134503,1.3074394464832797,0
1596160370.509595,359.5406127037213,1.3074394464832797,0
1596160370.5121717,360,1.3074394464832797,1
1596160370.5121717,0,0,0
1596160370.5221717,111.48424289661696,0.6093428478217815,0
1596160370.5321717,113.28261039692214,0.6093428478217815,0
1596160370.5421717,115.084883193553,0.6093428478217815,0
1596160370.5521717,116.88320777851393,0.6093428478217815,0
1596160370.5621717,118.6832489772444,0.6093428478217815,0
1596160370.5721717,120.48449180561354,0.6093428478217815,0
1596160370.5821717,122.28251598316481,0.6093428478217815,0
1596160370.5921717,124.08341548878005,0.6093428478217815,0
1596160370.6021717,125.88362834888747,0.6093428478217815,0
1596160370.6121716,127.68379829365065,0.6093428478217815,0
1596160370.6221716,129.48298118549636,0.6093428478217815,0
1596160370.6321716,131.28319404560378,0.6093428478217815,0
1596160370.6421716,133.082291106761,0.6093428478217815,0
1596160370.6521716,134.88289020496657,0.6093428478217815,0
1596160370.6621716,136.684905509532,0.6093428478217815,0
1596160370.6721716,138.48400257068923,0.6093428478217815,0
1596160370.6821716,140.28198383289626,0.6093428478217815,0
1596160370.6921716,142.0832266612654,0.6093428478217815,0
1596160370.7021716,143.88202331501296,0.6093428478217815,0
1596160370.7121716,145.6843819423323,0.6093428478217815,0
1596160370.7221715,147.48438022571852,0.6093428478217815,0
1596160370.7321715,149.28321979481032,0.6093428478217815,0
1596160370.7421715,151.0838188930159,0.6093428478217815,0
1596160370.7521715,152.88416049915602,0.6093428478217815,0
1596160370.7621715,154.68317172962477,0.6093428478217815,0
1596160370.7721715,156.4845003886824,0.6093428478217815,0
1596160370.7821715,158.2818808360701,0.6093428478217815,0
1596160370.7921715,160.08458278614333,0.6093428478217815,0
1596160370.8021715,161.88380859333327,0.6093428478217815,0
1596160370.8121715,163.68483684498122,0.6093428478217815,0
1596160370.8221714,165.48311851459792,0.6093428478217815,0
1596160370.8321714,167.2821726604109,0.6093428478217815,0
1596160370.8421714,169.08474586445143,0.6093428478217815,0
1596160370.8521714,170.88307044941237,0.6093428478217815,0
1596160370.8621714,172.68208167988112,0.6093428478217815,0
1596160370.8721714,174.4825949473982,0.6093428478217815,0
1596160370.8821714,176.28203533130934,0.6093428478217815,0
1596160370.8921714,178.08280609089186,0.6093428478217815,0
1596160370.9021714,179.8839201732283,0.6093428478217815,0
1596160370.9121714,181.6823305888777,0.6093428478217815,0
1596160370.9221714,183.4828438563948,0.6093428478217815,0
1596160370.9321713,185.28305671650222,0.6093428478217815,0
1596160370.9421713,187.08262584644606,0.6093428478217815,0
1596160370.9521713,188.8821949763899,0.6093428478217815,0
1596160370.9621713,190.68227909046462,0.6093428478217815,0
1596160370.9721713,192.48360774952224,0.6093428478217815,0
1596160370.9821713,194.28493640857985,0.6093428478217815,0
1596160370.9921713,196.08167312580397,0.6093428478217815,0
1596160371.0021713,197.88407466846755,0.6093428478217815,0
1596160371.0121713,199.6818413539534,0.6093428478217815,0
1596160371.0221713,201.4828266902571,0.6093428478217815,0
1596160371.0321712,203.2845845027571,0.6093428478217815,0
1596160371.038961,204.50376651722243,0.6093428478217815,0
1596160371.038961,204.50376651722243,0.6093428478217815,0
1596160371.0421712,205.08166454273513,0.6093428478217815,0
1596160371.0521712,206.88410900074294,0.6093428478217815,0
1596160371.0621712,208.6836781306868,0.6093428478217815,0
1596160371.0721712,210.4833330913191,0.6093428478217815,0
1596160371.0821712,212.28290222126296,0.6093428478217815,0
1596160371.0921712,214.08264301258376,0.6093428478217815,0
1596160371.1021712,215.88234088856032,0.6093428478217815,0
1596160371.1121712,217.6823820872908,0.6093428478217815,0
1596160371.1221712,219.48306701618483,0.6093428478217815,0
1596160371.1321712,221.28259323078444,0.6093428478217815,0
1596160371.1421711,223.08314941364577,0.6093428478217815,0
1596160371.1521711,224.8820318980818,0.6093428478217815,0
1596160371.1621711,226.68503425556472,0.6093428478217815,0
1596160371.172171,228.48310134846022,0.6093428478217815,0
1596160371.182171,230.2836146159773,0.6093428478217815,0
1596160371.192171,232.0839133067732,0.6093428478217815,0
1596160371.202171,233.88438365894606,0.6093428478217815,0
1596160371.212171,235.68197868305495,0.6093428478217815,0
1596160371.222171,237.48472354847243,0.6093428478217815,0
1596160371.232171,239.28424976307204,0.6093428478217815,0
1596160371.242171,241.0819306178694,0.6093428478217815,0
1596160371.252171,242.88467548328688,0.6093428478217815,0
1596160371.262171,244.6848883433943,0.6093428478217815,0
1596160371.272171,246.48196838337233,0.6093428478217815,0
1596160371.282171,248.2843699260359,0.6093428478217815,0
1596160371.292171,250.08393905597976,0.6093428478217815,0
1596160371.302171,251.8837227626448,0.6093428478217815,0
1596160371.312171,253.68475101429274,0.6093428478217815,0
1596160371.322171,255.48492095905593,0.6093428478217815,0
1596160371.332171,257.28440425831127,0.6093428478217815,0
1596160371.342171,259.08199928242016,0.6093428478217815,0
1596160371.352171,260.88307044941234,0.6093428478217815,0
1596160371.362171,262.68418453174877,0.6093428478217815,0
1596160371.372171,264.4834961696272,0.6093428478217815,0
1596160371.382171,266.28306529957104,0.6093428478217815,0
1596160371.3903294,267.75008342701244,0.6093428478217815,0
1596160371.3903294,267.75008342701244,0.6093428478217815,0
1596160371.392171,268.0824198527937,0.6093428478217815,0
1596160371.402171,269.8824181361799,0.6093428478217815,0
1596160371.412171,271.68228767353344,0.6093428478217815,0
1596160371.4221709,273.4815563960676,0.6093428478217815,0
1596160371.4321709,275.28176925617504,0.6093428478217815,0
1596160371.4421709,277.08322666126537,0.6093428478217815,0
1596160371.4521708,278.88202331501293,0.6093428478217815,0
1596160371.4621708,280.68468234974193,0.6093428478217815,0
1596160371.4721708,282.4827923579817,0.6093428478217815,0
1596160371.4821708,284.2849364085798,0.6093428478217815,0
1596160371.4921708,286.08459136921215,0.6093428478217815,0
1596160371.5021708,287.8846325679426,0.6093428478217815,0
1596160371.5121708,289.6818842692976,0.6093428478217815,0
1596160371.5221708,291.4837708278303,0.6093428478217815,0
1596160371.5321708,293.28424118000316,0.6093428478217815,0
1596160371.5421708,295.08428237873363,0.6093428478217815,0
1596160371.5521708,296.88316486316967,0.6093428478217815,0
1596160371.5621707,298.6829485698347,0.6093428478217815,0
1596160371.5721707,300.48161647754955,0.6093428478217815,0
1596160371.5821707,302.28234432178783,0.6093428478217815,0
1596160371.5921707,304.08388755756664,0.6093428478217815,0
1596160371.6021707,305.8841433330183,0.6093428478217815,0
1596160371.6121707,307.6822104259138,0.6093428478217815,0
1596160371.6221707,309.48186538654613,0.6093428478217815,0
1596160371.6321707,311.28443859058666,0.6093428478217815,0
1596160371.6421707,313.0836643977766,0.6093428478217815,0
1596160371.6521707,314.884048919261,0.6093428478217815,0
1596160371.6621706,316.6837038798933,0.6093428478217815,0
1596160371.6721706,318.4838738246565,0.6093428478217815,0
1596160371.6821706,320.2835287852888,0.6093428478217815,0
1596160371.6921706,322.08318374592113,0.6093428478217815,0
1596160371.7021706,323.8848128123884,0.6093428478217815,0
1596160371.7121706,325.6830515666609,0.6093428478217815,0
1596160371.7221706,327.4831356807356,0.6093428478217815,0
1596160371.7321706,329.28304813343334,0.6093428478217815,0
1596160371.7421706,331.0841193004255,0.6093428478217815,0
1596160371.7521706,332.8821434779768,0.6093428478217815,0
1596160371.7621706,334.68304298359203,0.6093428478217815,0
1596160371.7721705,336.48248336750316,0.6093428478217815,0
1596160371.7821705,338.2817950053816,0.6093428478217815,0
1596160371.7921705,340.0847973628645,0.6093428478217815,0
1596160371.8021705,341.8832936092024,0.6093428478217815,0
1596160371.8121705,343.6817040248518,0.6093428478217815,0
1596160371.8221705,345.4844488902693,0.6093428478217815,0
1596160371.8321705,347.2818722530012,0.6093428478217815,0
1596160371.8421705,349.081613044322,0.6093428478217815,0
1596160371.8521705,350.8828129573469,0.6093428478217815,0
1596160371.8621705,352.68272541004467,0.6093428478217815,0
1596160371.8721704,354.4831957622175,0.6093428478217815,0
1596160371.8821704,356.283236960948,0.6093428478217815,0
1596160371.8921704,358.08237693744945,0.6093428478217815,0
1596160371.9021704,359.8843064113264,0.6093428478217815,0
1596160371.902833,360,0.6093428478217815,1
1596160371.902833,0,0,0
1596160371.912833,167.02491368008415,0.9179009378592593,0
1596160371.922833,168.82298077297966,0.9179009378592593,0
1596160371.932833,170.6254681463317,0.9179009378592593,0
1596160371.942833,172.4241789693908,0.9179009378592593,0
1596160371.952833,174.22383393002312,0.9179009378592593,0
1596160371.9541838,174.46531857205193,0.9179009378592593,0
1596160371.9541838,174.46531857205193,0.9179009378592593,0
1596160371.962833,176.02336014462273,0.9179009378592593,0
1596160371.972833,177.82447422695915,0.9179009378592593,0
1596160371.982833,179.62301338864128,0.9179009378592593,0
1596160371.992833,181.4235695715026,0.9179009378592593,0
1596160372.002833,183.2253273840026,0.9179009378592593,0
1596160372.0128329,185.0251540060119,0.9179009378592593,0
1596160372.0228329,186.8233498449401,0.9179009378592593,0
1596160372.0328329,188.62472141934197,0.9179009378592593,0
1596160372.0428329,190.42433346463005,0.9179009378592593,0
1596160372.0528328,192.22527588558953,0.9179009378592593,0
1596160372.0628328,194.0229567403869,0.9179009378592593,0
1596160372.0728328,195.82514370632927,0.9179009378592593,0
1596160372.0828328,197.6245840902404,0.9179009378592593,0
1596160372.0928328,199.42213619900505,0.9179009378592593,0
1596160372.1028328,201.22535313320915,0.9179009378592593,0
1596160372.1128328,203.02445019436638,0.9179009378592593,0
1596160372.1228328,204.82517803860466,0.9179009378592593,0
1596160372.1328328,206.62444676113884,0.9179009378592593,0
1596160372.1428328,208.4223421926574,0.9179009378592593,0
1596160372.1528327,210.2224263067321,0.9179009378592593,0
1596160372.1628327,212.02431286526482,0.9179009378592593,0
1596160372.1728327,213.82353867245476,0.9179009378592593,0
1596160372.1828327,215.62336529446404,0.9179009378592593,0
1596160372.1928327,217.42246235562126,0.9179009378592593,0
1596160372.2028327,219.22237480831902,0.9179009378592593,0
1596160372.2128327,221.0228880758361,0.9179009378592593,0
1596160372.2228327,222.82477463436882,0.9179009378592593,0
1596160372.2328327,224.62464417172234,0.9179009378592593,0
1596160372.2428327,226.42438496304314,0.9179009378592593,0
1596160372.2528327,228.22236622525017,0.9179009378592593,0
1596160372.2628326,230.0240382070617,0.9179009378592593,0
1596160372.2728326,231.82274903012078,0.9179009378592593,0
1596160372.2828326,233.62210358334343,0.9179009378592593,0
1596160372.2928326,235.4248484487609,0.9179009378592593,0
1596160372.3028326,237.22510422421257,0.9179009378592593,0
1596160372.3128326,239.02424420071404,0.9179009378592593,0
1596160372.3228326,240.82398499203484,0.9179009378592593,0
1596160372.3328326,242.62527073574822,0.9179009378592593,0
1596160372.3428326,244.42496861172478,0.9179009378592593,0
1596160372.3528326,246.2229498739318,0.9179009378592593,0
1596160372.3628325,248.02230442715447,0.9179009378592593,0
1596160372.3728325,249.8235472555236,0.9179009378592593,0
1596160372.3828325,251.62534798336785,0.9179009378592593,0
1596160372.3928325,253.42362965298454,0.9179009378592593,0
1596160372.4028325,255.22251213742058,0.9179009378592593,0
1596160372.4128325,257.0251282568054,0.9179009378592593,0
1596160372.4228325,258.82250870419307,0.9179009378592593,0
1596160372.4328325,260.6240519399719,0.9179009378592593,0
1596160372.4428325,262.4226769323425,0.9179009378592593,0
1596160372.4528325,264.2233618612365,0.9179009378592593,0
1596160372.4628325,266.0224160070495,0.9179009378592593,0
1596160372.4728324,267.82490338040157,0.9179009378592593,0
1596160372.4828324,269.6237000341491,0.9179009378592593,0
1596160372.4928324,271.423998724945,0.9179009378592593,0
1596160372.5028324,273.2233961935119,0.9179009378592593,0
1596160372.5128324,275.024810683258,0.9179009378592593,0
1596160372.518057,275.96251095486446,0.9179009378592593,0
1596160372.518057,275.96251095486446,0.9179009378592593,0
1596160372.5228324,276.82416523648067,0.9179009378592593,0
1596160372.5328324,278.62412060452266,0.9179009378592593,0
1596160372.5428324,280.42283142758174,0.9179009378592593,0
1596160372.5528324,282.2235163564758,0.9179009378592593,0
1596160372.5628324,284.02252758694453,0.9179009378592593,0
1596160372.5728323,285.82282627774043,0.9179009378592593,0
1596160372.5828323,287.6246699209289,0.9179009378592593,0
1596160372.5928323,289.42535484982295,0.9179009378592593,0
1596160372.6028323,291.22522438717647,0.9179009378592593,0
1596160372.6128323,293.02260483456416,0.9179009378592593,0
1596160372.6228323,294.8223885412292,0.9179009378592593,0
1596160372.6328323,296.62466133786006,0.9179009378592593,0
1596160372.6428323,298.42483128262324,0.9179009378592593,0
1596160372.6528323,300.22367085171504,0.9179009378592593,0
1596160372.6628323,302.02388371182246,0.9179009378592593,0
1596160372.6728323,303.8221224660949,0.9179009378592593,0
1596160372.6828322,305.62491024685664,0.9179009378592593,0
1596160372.6928322,307.42396439266963,0.9179009378592593,0
1596160372.7028322,309.2250355596618,0.9179009378592593,0
1596160372.7128322,311.0231026525573,0.9179009378592593,0
1596160372.7228322,312.82207096768184,0.9179009378592593,0
1596160372.7328322,314.6241291875915,0.9179009378592593,0
1596160372.7428322,316.4229687566833,0.9179009378592593,0
1596160372.7528322,318.22240914059444,0.9179009378592593,0
1596160372.7628322,320.0230940694885,0.9179009378592593,0
1596160372.7728322,321.8253239507751,0.9179009378592593,0
1596160372.7828321,323.6226185674743,0.9179009378592593,0
1596160372.7928321,325.42497719479366,0.9179009378592593,0
1596160372.8028321,327.22282971096797,0.9179009378592593,0
1596160372.812832,329.02252758694453,0.9179009378592593,0
1596160372.822832,330.82286919308467,0.9179009378592593,0
1596160372.832832,332.62260998440547,0.9179009378592593,0
1596160372.842832,334.42200745297237,0.9179009378592593,0
1596160372.852832,336.2241515035705,0.9179009378592593,0
1596160372.862832,338.02260483456416,0.9179009378592593,0
1596160372.872832,339.82333267880244,0.9179009378592593,0
1596160372.882832,341.62431801510616,0.9179009378592593,0
1596160372.892832,343.42217053128047,0.9179009378592593,0
1596160372.902832,345.2250870580749,0.9179009378592593,0
1596160372.912832,347.02285374356074,0.9179009378592593,0
1596160372.922832,348.8219937200622,0.9179009378592593,0
1596160372.932832,350.6243094320373,0.9179009378592593,0
1596160372.942832,352.424393546112,0.9179009378592593,0
1596160372.952832,354.2249068136291,0.9179009378592593,0
1596160372.962832,356.023403059967,0.9179009378592593,0
1596160372.972832,357.82254303646846,0.9179009378592593,0
1596160372.982832,359.62485874844356,0.9179009378592593,0
1596160372.98495,360,0.9179009378592593,1
1596160372.98495,0,0,0
1596160372.99495,159.38704284294937,0.8754785740963007,0
1596160373.00495,161.1862686501393,0.8754785740963007,0
1596160373.01495,162.98905643090103,0.8754785740963007,0
1596160373.02495,164.78939803704117,0.8754785740963007,0
1596160373.03495,166.58767970665787,0.8754785740963007,0
1596160373.04495,168.38776382073257,0.8754785740963007,0
1596160373.05495,170.1863029824147,0.8754785740963007,0
1596160373.06495,171.9871595726857,0.8754785740963007,0
1596160373.07495,173.78818782433365,0.8754785740963007,0
1596160373.08495,175.58724197014664,0.8754785740963007,0
1596160373.09495,177.38732608422134,0.8754785740963007,0
1596160373.10495,179.18899806603287,0.8754785740963007,0
1596160373.11495,180.98925384148453,0.8754785740963007,0
1596160373.12495,182.7885225640187,0.8754785740963007,0
1596160373.13495,184.58890708550308,0.8754785740963007,0
1596160373.14495,186.38770373925064,0.8754785740963007,0
1596160373.15495,188.18757327660416,0.8754785740963007,0
1596160373.16495,189.9863699303517,0.8754785740963007,0
1596160373.17495,191.78739818199966,0.8754785740963007,0
1596160373.1849499,193.5894134865651,0.8754785740963007,0
1596160373.1949499,195.38662227257583,0.8754785740963007,0
1596160373.2049499,197.18692096337173,0.8754785740963007,0
1596160373.2149498,198.98790629967544,0.8754785740963007,0
1596160373.2156787,199.11729606255386,0.8754785740963007,0
1596160373.2156787,199.11729606255386,0.8754785740963007,0
1596160373.2249498,200.78880580529068,0.8754785740963007,0
1596160373.2349498,202.5873449669728,0.8754785740963007,0
1596160373.2449498,204.38725741967056,0.8754785740963007,0
1596160373.2549498,206.18639739617203,0.8754785740963007,0
1596160373.2649498,207.9866531716237,0.8754785740963007,0
1596160373.2670534,208.36473735436294,0.8754785740963007,0
1596160373.2670534,208.36473735436294,0.8754785740963007,0
1596160373.2749498,209.78647979363296,0.8754785740963007,0
1596160373.2849498,211.5888384209523,0.8754785740963007,0
1596160373.2949498,213.38952334984634,0.8754785740963007,0
1596160373.3049498,215.18904956444595,0.8754785740963007,0
1596160373.3149498,216.98870452507828,0.8754785740963007,0
1596160373.3249497,218.78943236931656,0.8754785740963007,0
1596160373.3349497,220.58694156273697,0.8754785740963007,0
1596160373.3449497,222.38822730645035,0.8754785740963007,0
1596160373.3549497,224.18710979088638,0.8754785740963007,0
1596160373.3649497,225.988438449944,0.8754785740963007,0
1596160373.3749497,227.7865055428395,0.8754785740963007,0
1596160373.3849497,229.58719047173355,0.8754785740963007,0
1596160373.3949497,231.38804706200455,0.8754785740963007,0
1596160373.4049497,233.18791659935806,0.8754785740963007,0
1596160373.4149497,234.98851569756363,0.8754785740963007,0
1596160373.4249496,236.7868831978688,0.8754785740963007,0
1596160373.4349496,238.58881267174576,0.8754785740963007,0
1596160373.4449496,240.38902553185318,0.8754785740963007,0
1596160373.4549496,242.18919547661636,0.8754785740963007,0
1596160373.4649496,243.98623260125015,0.8754785740963007,0
1596160373.4749496,245.78764709099624,0.8754785740963007,0
1596160373.4849496,247.58910449608658,0.8754785740963007,0
1596160373.4949496,249.38614162072037,0.8754785740963007,0
1596160373.5049496,251.18721278771255,0.8754785740963007,0
1596160373.5149496,252.98815520867203,0.8754785740963007,0
1596160373.5249496,254.78716643914078,0.8754785740963007,0
1596160373.5349495,256.5881946907887,0.8754785740963007,0
1596160373.5384274,257.2120550499806,0.8754785740963007,0
1596160373.5384274,257.2120550499806,0.8754785740963007,0
1596160373.5449495,258.38729175194595,0.8754785740963007,0
1596160373.5549495,260.18904956444595,0.8754785740963007,0
1596160373.5649495,261.98913367852066,0.8754785740963007,0
1596160373.5749495,263.78797324761246,0.8754785740963007,0
1596160373.5849495,265.58805736168716,0.8754785740963007,0
1596160373.5949495,267.38844188317154,0.8754785740963007,0
1596160373.6049495,269.1886118279347,0.8754785740963007,0
1596160373.6149495,270.98667892083023,0.8754785740963007,0
1596160373.6249495,272.7889946328053,0.8754785740963007,0
1596160373.6349494,274.58886417015884,0.8754785740963007,0
1596160373.6449494,276.3875320778737,0.8754785740963007,0
1596160373.6549494,278.188989482964,0.8754785740963007,0
1596160373.6649494,279.98911651238296,0.8754785740963007,0
1596160373.6749494,281.78851398094986,0.8754785740963007,0
1596160373.6849494,283.5873964653859,0.8754785740963007,0
1596160373.6949494,285.3867939339528,0.8754785740963007,0
1596160373.7049494,287.1885517464528,0.8754785740963007,0
1596160373.7149494,288.9864900933156,0.8754785740963007,0
1596160373.7249494,290.78640254601333,0.8754785740963007,0
1596160373.7349494,292.5865295754323,0.8754785740963007,0
1596160373.7449493,294.38914569481705,0.8754785740963007,0
1596160373.7549493,296.1885002480397,0.8754785740963007,0
1596160373.7649493,297.9874685631642,0.8754785740963007,0
1596160373.7749493,299.78746684655044,0.8754785740963007,0
1596160373.7849493,301.58913882836197,0.8754785740963007,0
1596160373.7949493,303.3884933815846,0.8754785740963007,0
1596160373.8049493,305.1886633263478,0.8754785740963007,0
1596160373.8149493,306.9872454033742,0.8754785740963007,0
1596160373.8249493,308.78861697777603,0.8754785740963007,0
1596160373.8349493,310.5888727532277,0.8754785740963007,0
1596160373.8449492,312.38621028527115,0.8754785740963007,0
1596160373.8549492,314.1870239601979,0.8754785740963007,0
1596160373.8649492,315.9874084816823,0.8754785740963007,0
1596160373.8749492,317.7880934105763,0.8754785740963007,0
1596160373.8849492,319.5881346093068,0.8754785740963007,0
1596160373.8949492,321.38770373925064,0.8754785740963007,0
1596160373.9049492,323.1883028374562,0.8754785740963007,0
1596160373.9149492,324.9873569832692,0.8754785740963007,0
1596160373.9249492,326.7886427269826,0.8754785740963007,0
1596160373.9349492,328.58722480400894,0.8754785740963007,0
1596160373.9449492,330.3890255318532,0.8754785740963007,0
1596160373.9549491,332.18893798455093,0.8754785740963007,0
1596160373.9649491,333.98893626793716,0.8754785740963007,0
1596160373.9749491,335.787604175652,0.8754785740963007,0
1596160373.984949,337.58725913628433,0.8754785740963007,0
1596160373.994949,339.3864849434743,0.8754785740963007,0
1596160374.004949,341.18708404167984,0.8754785740963007,0
1596160374.014949,342.9862240181813,0.8754785740963007,0
1596160374.024949,344.78793891533707,0.8754785740963007,0
1596160374.034949,346.58909591301773,0.8754785740963007,0
1596160374.044949,348.38909419640396,0.8754785740963007,0
1596160374.054949,350.1890924797902,0.8754785740963007,0
1596160374.064949,351.98685916527603,0.8754785740963007,0
1596160374.074949,353.78921779259537,0.8754785740963007,0
1596160374.084949,355.5883148537526,0.8754785740963007,0
1596160374.094949,357.38621028527115,0.8754785740963007,0
1596160374.104949,359.1883543358693,0.8754785740963007,0
1596160374.1094725,360,0.8754785740963007,1
1596160374.1094725,0,0,0
1596160374.1194725,234.35152565185484,1.2919393399658168,0
1596160374.1294725,236.15092312042174,1.2919393399658168,0
1596160374.1394725,237.95169388000426,1.2919393399658168,0
1596160374.1494725,239.75130592529234,1.2919393399658168,0
1596160374.1594725,241.55242000762877,1.2919393399658168,0
1596160374.1694725,243.35065876190123,1.2919393399658168,0
1596160374.1794724,245.15052829925474,1.2919393399658168,0
1596160374.1894724,246.9511273974603,1.2919393399658168,0
1596160374.1994724,248.75181232635435,1.2919393399658168,0
1596160374.2094724,250.5506089801019,1.2919393399658168,0
1596160374.2194724,252.35065017883238,1.2919393399658168,0
1596160374.2294724,254.15236507598814,1.2919393399658168,0
1596160374.2394724,255.95219169799742,1.2919393399658168,0
1596160374.2494724,257.7516749972528,1.2919393399658168,0
1596160374.2594724,259.5500854129022,1.2919393399658168,0
1596160374.2694724,261.349826204223,1.2919393399658168,0
1596160374.2794724,263.1511119479364,1.2919393399658168,0
1596160374.2894723,264.9496511096185,1.2919393399658168,0
1596160374.2994723,266.75097976867613,1.2919393399658168,0
1596160374.3094723,268.5496905917352,1.2919393399658168,0
1596160374.3194723,270.3500751132196,1.2919393399658168,0
1596160374.3294723,272.1509746188348,1.2919393399658168,0
1596160374.3394723,273.952045785827,1.2919393399658168,0
1596160374.3494723,275.75204406921324,1.2919393399658168,0
1596160374.3594723,277.55191360656676,1.2919393399658168,0
1596160374.3694723,279.35019527618346,1.2919393399658168,0
1596160374.3794723,281.14924942199644,1.2919393399658168,0
1596160374.3894722,282.95079265777525,1.2919393399658168,0
1596160374.3994722,284.75177799407896,1.2919393399658168,0
1596160374.4094722,286.5510038012689,1.2919393399658168,0
1596160374.4194722,288.35155998413023,1.2919393399658168,0
1596160374.4294722,290.15190159027037,1.2919393399658168,0
1596160374.4394722,291.94902454559264,1.2919393399658168,0
1596160374.4494722,293.7490657443231,1.2919393399658168,0
1596160374.4594722,295.5503514880365,1.2919393399658168,0
1596160374.4694722,297.3515514010614,1.2919393399658168,0
1596160374.4794722,299.1503051394647,1.2919393399658168,0
1596160374.4894722,300.9523633593744,1.2919393399658168,0
1596160374.4994721,302.7507737750238,1.2919393399658168,0
1596160374.5094721,304.549870836181,1.2919393399658168,0
1596160374.5194721,306.34943996612486,1.2919393399658168,0
1596160374.529472,308.1511119479364,1.2919393399658168,0
1596160374.539472,309.95012317840514,1.2919393399658168,0
1596160374.549472,311.75089393798766,1.2919393399658168,0
1596160374.559472,313.54917560760435,1.2919393399658168,0
1596160374.569472,315.35170589630064,1.2919393399658168,0
1596160374.579472,317.1517041796869,1.2919393399658168,0
1596160374.589472,318.9518312091058,1.2919393399658168,0
1596160374.592295,319.45711647216734,1.2919393399658168,0
1596160374.592295,319.45711647216734,1.2919393399658168,0
1596160374.599472,320.75028454009947,1.2919393399658168,0
1596160374.609472,322.5516561145013,1.2919393399658168,0
1596160374.619472,324.34942279998717,1.2919393399658168,0
1596160374.629472,326.1495498294061,1.2919393399658168,0
1596160374.639472,327.9501489276117,1.2919393399658168,0
1596160374.649472,329.751606332702,1.2919393399658168,0
1596160374.659472,331.5520337695306,1.2919393399658168,0
1596160374.669472,333.35203205291685,1.2919393399658168,0
1596160374.679472,335.1502278918451,1.2919393399658168,0
1596160374.689472,336.9507840747064,1.2919393399658168,0
1596160374.699472,338.75112568084654,1.2919393399658168,0
1596160374.709472,340.54966484252867,1.2919393399658168,0
1596160374.719472,342.34940563384947,1.2919393399658168,0
1596160374.729472,344.1506055468744,1.2919393399658168,0
1596160374.739472,345.9504750842279,1.2919393399658168,0
1596160374.749472,347.7498725527948,1.2919393399658168,0
1596160374.759472,349.55081497375426,1.2919393399658168,0
1596160374.769472,351.34999786559996,1.2919393399658168,0
1596160374.7794719,353.14918075744566,1.2919393399658168,0
1596160374.7894719,354.9508527392572,1.2919393399658168,0
1596160374.7994719,356.7518380755609,1.2919393399658168,0
1596160374.8094718,358.54994808380064,1.2919393399658168,0
1596160374.8175466,360,1.2919393399658168,1
1596160374.8175466,0,0,0
1596160374.8275466,113.56814569016913,0.6209160324478933,0
1596160374.8375466,115.3656119682453,0.6209160324478933,0
1596160374.8475466,117.16779893418769,0.6209160324478933,0
1596160374.8575466,118.96762555619696,0.6209160324478933,0
1596160374.8675466,120.76732343217353,0.6209160324478933,0
1596160374.8775465,122.56620591660956,0.6209160324478933,0
1596160374.8875465,124.36779206773261,0.6209160324478933,0
1596160374.8975465,126.16547292252997,0.6209160324478933,0
1596160374.9075465,127.96525662919501,0.6209160324478933,0
1596160374.9175465,129.76705735703925,0.6209160324478933,0
1596160374.9275465,131.56568234940985,0.6209160324478933,0
1596160374.9375465,133.3654660560749,0.6209160324478933,0
1596160374.9475465,135.1654214241169,0.6209160324478933,0
1596160374.9575465,136.96520513078192,0.6209160324478933,0
1596160374.9675465,138.7677354194782,0.6209160324478933,0
1596160374.9775465,140.56786244889716,0.6209160324478933,0
1596160374.9875464,142.36498540421942,0.6209160324478933,0
1596160374.9975464,144.16601365586737,0.6209160324478933,0
1596160375.0075464,145.96785729905585,0.6209160324478933,0
1596160375.0175464,147.7666539528034,0.6209160324478933,0
1596160375.0275464,149.56635182877997,0.6209160324478933,0
1596160375.0375464,151.36574929734687,0.6209160324478933,0
1596160375.0475464,153.16780751725653,0.6209160324478933,0
1596160375.0575464,154.9663895942829,0.6209160324478933,0
1596160375.0675464,156.7664737083576,0.6209160324478933,0
1596160375.0775464,158.56814569016913,0.6209160324478933,0
1596160375.0875463,160.3656119682453,0.6209160324478933,0
1596160375.0975463,162.1664685585163,0.6209160324478933,0
1596160375.1075463,163.96633809586982,0.6209160324478933,0
1596160375.1175463,165.76586431046942,0.6209160324478933,0
1596160375.1275463,167.56642049333075,0.6209160324478933,0
1596160375.1375463,169.36749166032294,0.6209160324478933,0
1596160375.1475463,171.16766160508612,0.6209160324478933,0
1596160375.1575463,172.9654712059162,0.6209160324478933,0
1596160375.1675463,174.76649945756415,0.6209160324478933,0
1596160375.1775463,176.56533902665595,0.6209160324478933,0
1596160375.1875463,178.3672685005329,0.6209160324478933,0
1596160375.1975462,180.1666659690998,0.6209160324478933,0
1596160375.2075462,181.96533387681464,0.6209160324478933,0
1596160375.2175462,183.76546090623359,0.6209160324478933,0
1596160375.2275462,185.5680341102741,0.6209160324478933,0
1596160375.2375462,187.36648744126776,0.6209160324478933,0
1596160375.2475462,189.16485494157294,0.6209160324478933,0
1596160375.2575462,190.96541112443427,0.6209160324478933,0
1596160375.2675462,192.76751225968817,0.6209160324478933,0
1596160375.2775462,194.56575101396064,0.6209160324478933,0
1596160375.2875462,196.36707967301825,0.6209160324478933,0
1596160375.2975461,198.16501801988105,0.6209160324478933,0
1596160375.3075461,199.96634667893866,0.6209160324478933,0
1596160375.3175461,201.76561540147284,0.6209160324478933,0
1596160375.3275461,203.56660073777655,0.6209160324478933,0
1596160375.337546,205.36767190476874,0.6209160324478933,0
1596160375.347546,207.1668118812702,0.6209160324478933,0
1596160375.357546,208.9680117942951,0.6209160324478933,0
1596160375.367546,210.76586431046942,0.6209160324478933,0
1596160375.377546,212.56633466264228,0.6209160324478933,0
1596160375.387546,214.36727708360175,0.6209160324478933,0
1596160375.397546,216.16748994370917,0.6209160324478933,0
1596160375.407546,217.9663724281452,0.6209160324478933,0
1596160375.417546,219.7674435951374,0.6209160324478933,0
1596160375.427546,221.56568234940985,0.6209160324478933,0
1596160375.437546,223.36701100846747,0.6209160324478933,0
1596160375.447546,225.16559308549384,0.6209160324478933,0
1596160375.457546,226.96520513078192,0.6209160324478933,0
1596160375.467546,228.76520341416816,0.6209160324478933,0
1596160375.477546,230.56773370286444,0.6209160324478933,0
1596160375.4849102,231.89034169694403,0.6209160324478933,0
1596160375.4849102,231.89034169694403,0.6209160324478933,0
1596160375.487546,232.36725991746405,0.6209160324478933,0
1596160375.497546,234.16803067704657,0.6209160324478933,0
1596160375.507546,235.96811479112128,0.6209160324478933,0
1596160375.517546,237.7648515083454,0.6209160324478933,0
1596160375.527546,239.5662659980915,0.6209160324478933,0
1596160375.537546,241.36609262010077,0.6209160324478933,0
1596160375.538784,241.58762162705878,0.6209160324478933,0
1596160375.538784,241.58762162705878,0.6209160324478933,0
1596160375.547546,243.16785043260077,0.6209160324478933,0
1596160375.557546,244.96630376359442,0.6209160324478933,0
1596160375.567546,246.76621621629218,0.6209160324478933,0
1596160375.577546,248.5669869758747,0.6209160324478933,0
1596160375.5875459,250.3661698677204,0.6209160324478933,0
1596160375.5975459,252.16586774369696,0.6209160324478933,0
1596160375.6075459,253.96638101121405,0.6209160324478933,0
1596160375.6175458,255.76564973374823,0.6209160324478933,0
1596160375.6275458,257.56590550919987,0.6209160324478933,0
1596160375.6375458,259.36573213120914,0.6209160324478933,0
1596160375.6475458,261.16748994370914,0.6209160324478933,0
1596160375.6575458,262.9658145286701,0.6209160324478933,0
1596160375.6675458,264.767014441695,0.6209160324478933,0
1596160375.6775458,266.5670985557697,0.6209160324478933,0
1596160375.6875458,268.3652514793537,0.6209160324478933,0
1596160375.6975458,270.16662305375553,0.6209160324478933,0
1596160375.7075458,271.96614926835514,0.6209160324478933,0
1596160375.7175457,273.76679128190494,0.6209160324478933,0
1596160375.7275457,275.56610291978336,0.6209160324478933,0
1596160375.7375457,277.3654145576618,0.6209160324478933,0
1596160375.7475457,279.16601365586735,0.6209160324478933,0
1596160375.7575457,280.9673852302692,0.6209160324478933,0
1596160375.7675457,282.7657527305744,0.6209160324478933,0
1596160375.7775457,284.5673388816974,0.6209160324478933,0
1596160375.7875457,286.36802381059147,0.6209160324478933,0
1596160375.7975457,288.16591924211,0.6209160324478933,0
1596160375.8075457,289.9674195625446,0.6209160324478933,0
1596160375.8175457,291.76510041734196,0.6209160324478933,0
1596160375.82639,293.3567017891071,0.6209160324478933,0
1596160375.82639,293.3567017891071,0.6209160324478933,0
1596160375.8275456,293.5647553779743,0.6209160324478933,0
1596160375.8375456,295.364839492049,0.6209160324478933,0
1596160375.8475456,297.16522401353336,0.6209160324478933,0
1596160375.8575456,298.9680117942951,0.6209160324478933,0
1596160375.8675456,300.7666797020099,0.6209160324478933,0
1596160375.8775456,302.5665921547077,0.6209160324478933,0
1596160375.8875456,304.36800664445377,0.6209160324478933,0
1596160375.8975456,306.16482919236637,0.6209160324478933,0
1596160375.9075456,307.96645825883365,0.6209160324478933,0
1596160375.9175456,309.7657698967121,0.6209160324478933,0
1596160375.9275455,311.56782811662174,0.6209160324478933,0
1596160375.9375455,313.36722558518863,0.6209160324478933,0
1596160375.9475455,315.16765302201725,0.6209160324478933,0
1596160375.9575455,316.96494763871647,0.6209160324478933,0
1596160375.9675455,318.7667483665607,0.6209160324478933,0
1596160375.9775455,320.5653733589313,0.6209160324478933,0
1596160375.9875455,322.3658866264484,0.6209160324478933,0
1596160375.9975455,324.1665286399982,0.6209160324478933,0
1596160376.0075455,325.9650248863361,0.6209160324478933,0
1596160376.0175455,327.7675980903766,0.6209160324478933,0
1596160376.0275455,329.56648057481266,0.6209160324478933,0
1596160376.0375454,331.36798089524723,0.6209160324478933,0
1596160376.0475454,333.166090903487,0.6209160324478933,0
1596160376.0575454,334.96535962602115,0.6209160324478933,0
1596160376.0675454,336.76544374009586,0.6209160324478933,0
1596160376.0775454,338.56698697587467,0.6209160324478933,0
1596160376.0875454,340.36784356614567,0.6209160324478933,0
1596160376.0975454,342.1679705955646,0.6209160324478933,0
1596160376.1075454,343.9679259636066,0.6209160324478933,0
1596160376.1175454,345.7659930565021,0.6209160324478933,0
1596160376.1275454,347.5678366996906,0.6209160324478933,0
1596160376.1375453,349.3679208137653,0.6209160324478933,0
1596160376.1475453,351.16525834580875,0.6209160324478933,0
1596160376.1575453,352.9648274757526,0.6209160324478933,0
1596160376.1675453,354.7671431877277,0.6209160324478933,0
1596160376.1775453,356.5661973335407,0.6209160324478933,0
1596160376.1875453,358.36782640000797,0.6209160324478933,0
1596160376.196636,360,0.6209160324478933,1
1596160376.196636,0,0,0
1596160376.206636,270.0848039653758,1.4904658974689795,0
1596160376.216636,271.88639011649883,1.4904658974689795,0
1596160376.226636,273.68389930991924,1.4904658974689795,0
1596160376.236636,275.48612919120586,1.4904658974689795,0
1596160376.246636,277.2849258449534,1.4904658974689795,0
1596160376.256636,279.086426165388,1.4904658974689795,0
1596160376.266636,280.88646736411846,1.4904658974689795,0
1596160376.276636,282.6845773723582,1.4904658974689795,0
1596160376.2866359,284.48491897849834,1.4904658974689795,0
1596160376.2966359,286.2848314311961,1.4904658974689795,0
1596160376.3066359,288.0839284923533,1.4904658974689795,0
1596160376.3166358,289.88551464347637,1.4904658974689795,0
1596160376.3266358,291.6857275035838,1.4904658974689795,0
1596160376.3366358,293.4842237499217,1.4904658974689795,0
1596160376.3466358,295.2864536312083,1.4904658974689795,0
1596160376.3566358,297.0852073696116,1.4904658974689795,0
1596160376.3666358,298.8857206371287,1.4904658974689795,0
1596160376.3766358,300.6858905818919,1.4904658974689795,0
1596160376.3866358,302.4849447277049,1.4904658974689795,0
1596160376.3966358,304.2871746089915,1.4904658974689795,0
1596160376.4066358,306.08640041618145,1.4904658974689795,0
1596160376.4166358,307.88399544029033,1.4904658974689795,0
1596160376.4266357,309.68463745384014,1.4904658974689795,0
1596160376.4366357,311.4857944515208,1.4904658974689795,0
1596160376.4466357,313.28549232749737,1.4904658974689795,0
1596160376.4566357,315.08622017173565,1.4904658974689795,0
1596160376.4666357,316.8853172328929,1.4904658974689795,0
1596160376.4766357,318.6851009395579,1.4904658974689795,0
1596160376.4866357,320.4868158367137,1.4904658974689795,0
1596160376.4966357,322.2843250301341,1.4904658974689795,0
1596160376.5066357,324.0853103664378,1.4904658974689795,0
1596160376.5166357,325.8868536022166,1.4904658974689795,0
1596160376.5266356,327.6851352718333,1.4904658974689795,0
1596160376.5366356,329.48401775626934,1.4904658974689795,0
1596160376.5466356,331.2858184841136,1.4904658974689795,0
1596160376.5566356,333.0855592754344,1.4904658974689795,0
1596160376.5666356,334.88663044242656,1.4904658974689795,0
1596160376.5766356,336.68534126548565,1.4904658974689795,0
1596160376.5866356,338.48405208854473,1.4904658974689795,0
1596160376.5966356,340.2863248851756,1.4904658974689795,0
1596160376.6066356,342.0858510997752,1.4904658974689795,0
1596160376.6166356,343.8869651821116,1.4904658974689795,0
1596160376.6266356,345.68447437553203,1.4904658974689795,0
1596160376.6366355,347.4870046642283,1.4904658974689795,0
1596160376.6466355,349.28567257194317,1.4904658974689795,0
1596160376.6566355,351.0839971569041,1.4904658974689795,0
1596160376.6666355,352.88579788474834,1.4904658974689795,0
1596160376.6766355,354.6865257289866,1.4904658974689795,0
1596160376.6866355,356.4841207530955,1.4904658974689795,0
1596160376.6966355,358.2858785655955,1.4904658974689795,0
1596160376.706177,360,1.4904658974689795,1
1596160376.706177,0,0,0
1596160376.716177,1.8001699447631836,0,0
1596160376.726177,3.6017990112304688,0,0
1596160376.736177,5.4015398025512695,0,0
1596160376.746177,7.201495170593262,0,0
1596160376.756177,9.003210067749023,0,0
1596160376.766177,10.800976753234863,0,0
1596160376.776177,12.602691650390625,0,0
1596160376.786177,14.402174949645996,0,0
1596160376.796177,16.201658248901367,0,0
1596160376.806177,18.00032615661621,0,0
1596160376.816177,19.80135440826416,0,0
1596160376.826177,21.601781845092773,0,0
1596160376.8361769,23.402810096740723,0,0
1596160376.8461769,25.20190715789795,0,0
1596160376.8561769,27.002978324890137,0,0
1596160376.8661768,28.80070209503174,0,0
1596160376.8761768,30.600314140319824,0,0
1596160376.8861768,32.4015998840332,0,0
1596160376.8961768,34.201040267944336,0,0
1596160376.9061768,36.00078105926514,0,0
1596160376.9161768,37.800092697143555,0,0
1596160376.9261768,39.60296630859375,0,0
1596160376.9361768,41.3999605178833,0,0
1596160376.9461768,43.20253372192383,0,0
1596160376.9561768,45.0,0,0
1596160376.9661767,46.80248737335205,0,0
1596160376.9761767,48.60081195831299,0,0
1596160376.9861767,50.40299892425537,0,0
1596160376.9961767,52.20325469970703,0,0
