Type = Reachback Firefly,Function = Reachback Firefly (ln/e^),Refract = 0,Epsilon = 0.3,Start_phase = 44
Timestamp,Phase,Offset,Ping?
1596160520,44,0,0
1596160520.01,45.795921325683594,0.24444444444444444,0
1596160520.02,47.59660625457764,0.24444444444444444,0
1596160520.03,49.396647453308105,0.24444444444444444,0
1596160520.04,51.1966028213501,0.24444444444444444,0
1596160520.05,52.99681568145752,0.24444444444444444,0
1596160520.06,54.7966423034668,0.24444444444444444,0
1596160520.07,56.597928047180176,0.24444444444444444,0
1596160520.08,58.39578056335449,0.24444444444444444,0
1596160520.09,60.197237968444824,0.24444444444444444,0
1596160520.1,61.99753665924072,0.24444444444444444,0
1596160520.11,63.79804992675781,0.24444444444444444,0
1596160520.12,65.5974473953247,0.24444444444444444,0
1596160520.1299999,67.39671611785889,0.24444444444444444,0
1596160520.1399999,69.19675731658936,0.24444444444444444,0
1596160520.1499999,70.99658393859863,0.24444444444444444,0
1596160520.1599998,72.79473686218262,0.24444444444444444,0
1596160520.1699998,74.59761047363281,0.24444444444444444,0
1596160520.1799998,76.39748001098633,0.24444444444444444,0
1596160520.1899998,78.19764995574951,0.24444444444444444,0
1596160520.1999998,79.9963607788086,0.24444444444444444,0
1596160520.2099998,81.79713153839111,0.24444444444444444,0
1596160520.2107918,81.9372501373291,0.24444444444444444,0
1596160520.2107918,81.9372501373291,0.24444444444444444,0
1596160520.2199998,83.59755897521973,0.24444444444444444,0
1596160520.2299998,85.39802932739258,0.24444444444444444,0
1596160520.2399998,87.1965684890747,0.24444444444444444,0
1596160520.2499998,88.99751091003418,0.24444444444444444,0
1596160520.2599998,90.79639339447021,0.24444444444444444,0
1596160520.2699997,92.59471797943115,0.24444444444444444,0
1596160520.2799997,94.39471626281738,0.24444444444444444,0
1596160520.2899997,96.19634532928467,0.24444444444444444,0
1596160520.2999997,97.99767398834229,0.24444444444444444,0
1596160520.3099997,99.79681396484375,0.24444444444444444,0
1596160520.3199997,101.59668350219727,0.24444444444444444,0
1596160520.3299997,103.39483642578125,0.24444444444444444,0
1596160520.3399997,105.19663715362549,0.24444444444444444,0
1596160520.343402,105.8070650100708,0.24444444444444444,0
1596160520.343402,105.8070650100708,0.24444444444444444,0
1596160520.3499997,106.99517631530762,0.24444444444444444,0
1596160520.3599997,108.79603290557861,0.24444444444444444,0
1596160520.3699996,110.59525871276855,0.24444444444444444,0
1596160520.3799996,112.39675903320312,0.24444444444444444,0
1596160520.3899996,114.19735813140869,0.24444444444444444,0
1596160520.3999996,115.99709892272949,0.24444444444444444,0
1596160520.4099996,117.79761219024658,0.24444444444444444,0
1596160520.4199996,119.5965805053711,0.24444444444444444,0
1596160520.4299996,121.3952054977417,0.24444444444444444,0
1596160520.4399996,123.19477462768555,0.24444444444444444,0
1596160520.4499996,124.99687576293945,0.24444444444444444,0
1596160520.4599996,126.7967882156372,0.24444444444444444,0
1596160520.4699996,128.59704399108887,0.24444444444444444,0
1596160520.4799995,130.39618396759033,0.24444444444444444,0
1596160520.4899995,132.19515228271484,0.24444444444444444,0
1596160520.4999995,133.99639511108398,0.24444444444444444,0
1596160520.5099995,135.79742336273193,0.24444444444444444,0
1596160520.5199995,137.5951042175293,0.24444444444444444,0
1596160520.5299995,139.39772033691406,0.24444444444444444,0
1596160520.5399995,141.19518661499023,0.24444444444444444,0
1596160520.5499995,142.99720191955566,0.24444444444444444,0
1596160520.5599995,144.79591274261475,0.24444444444444444,0
1596160520.5699995,146.59586811065674,0.24444444444444444,0
1596160520.5799994,148.39719676971436,0.24444444444444444,0
1596160520.5899994,150.19522094726562,0.24444444444444444,0
1596160520.5999994,151.99509048461914,0.24444444444444444,0
1596160520.6099994,153.79637622833252,0.24444444444444444,0
1596160520.6199994,155.59667491912842,0.24444444444444444,0
1596160520.6299994,157.39748859405518,0.24444444444444444,0
1596160520.6399994,159.19632816314697,0.24444444444444444,0
1596160520.6499994,160.99581146240234,0.24444444444444444,0
1596160520.6599994,162.7962818145752,0.24444444444444444,0
1596160520.6699994,164.5972671508789,0.24444444444444444,0
1596160520.6799994,166.39739418029785,0.24444444444444444,0
1596160520.6899993,168.1975212097168,0.24444444444444444,0
1596160520.6999993,169.9963607788086,0.24444444444444444,0
1596160520.7099993,171.79764652252197,0.24444444444444444,0
1596160520.7199993,173.59704399108887,0.24444444444444444,0
1596160520.7299993,175.39755725860596,0.24444444444444444,0
1596160520.7399993,177.19613933563232,0.24444444444444444,0
1596160520.7499993,178.99459266662598,0.24444444444444444,0
1596160520.7599993,180.7954921722412,0.24444444444444444,0
1596160520.7699993,182.59617710113525,0.24444444444444444,0
1596160520.7799993,184.3972053527832,0.24444444444444444,0
1596160520.7899992,186.1966028213501,0.24444444444444444,0
1596160520.7999992,187.99604320526123,0.24444444444444444,0
1596160520.8099992,189.7962989807129,0.24444444444444444,0
1596160520.8199992,191.5963830947876,0.24444444444444444,0
1596160520.8299992,193.39715385437012,0.24444444444444444,0
1596160520.8399992,195.19637966156006,0.24444444444444444,0
1596160520.8499992,196.99521923065186,0.24444444444444444,0
1596160520.8599992,198.79470252990723,0.24444444444444444,0
1596160520.8699992,200.59740447998047,0.24444444444444444,0
1596160520.8799992,202.39693069458008,0.24444444444444444,0
1596160520.8899992,204.19469738006592,0.24444444444444444,0
1596160520.8999991,205.99662685394287,0.24444444444444444,0
1596160520.9099991,207.79726886749268,0.24444444444444444,0
1596160520.9199991,209.59632301330566,0.24444444444444444,0
1596160520.929999,211.39529132843018,0.24444444444444444,0
1596160520.939999,213.19687747955322,0.24444444444444444,0
1596160520.949999,214.99606037139893,0.24444444444444444,0
1596160520.959999,216.7963161468506,0.24444444444444444,0
1596160520.969999,218.59734439849854,0.24444444444444444,0
1596160520.979999,220.39665603637695,0.24444444444444444,0
1596160520.989999,222.1969976425171,0.24444444444444444,0
1596160520.999999,223.99669551849365,0.24444444444444444,0
1596160521.009999,225.7960500717163,0.24444444444444444,0
1596160521.019999,227.59785079956055,0.24444444444444444,0
1596160521.029999,229.39737701416016,0.24444444444444444,0
1596160521.039999,231.19497203826904,0.24444444444444444,0
1596160521.049999,232.9966869354248,0.24444444444444444,0
1596160521.059999,234.79634189605713,0.24444444444444444,0
1596160521.069999,236.5965118408203,0.24444444444444444,0
1596160521.079999,238.3953514099121,0.24444444444444444,0
1596160521.089999,240.19668006896973,0.24444444444444444,0
1596160521.099999,241.99461841583252,0.24444444444444444,0
1596160521.109999,243.79483127593994,0.24444444444444444,0
1596160521.119999,245.59611701965332,0.24444444444444444,0
1596160521.129999,247.39778900146484,0.24444444444444444,0
1596160521.139999,249.19688606262207,0.24444444444444444,0
1596160521.149999,250.9968843460083,0.24444444444444444,0
1596160521.159999,252.7959384918213,0.24444444444444444,0
1596160521.169999,254.59606552124023,0.24444444444444444,0
1596160521.1799989,256.3961925506592,0.24444444444444444,0
1596160521.1899989,258.1961479187012,0.24444444444444444,0
1596160521.1999989,259.9977340698242,0.24444444444444444,0
1596160521.2099988,261.7969169616699,0.24444444444444444,0
1596160521.2199988,263.59657192230225,0.24444444444444444,0
1596160521.2299988,265.395583152771,0.24444444444444444,0
1596160521.2399988,267.1958818435669,0.24444444444444444,0
1596160521.2499988,268.99746799468994,0.24444444444444444,0
1596160521.2599988,270.7968225479126,0.24444444444444444,0
1596160521.2699988,272.5954475402832,0.24444444444444444,0
1596160521.2799988,274.39669036865234,0.24444444444444444,0
1596160521.2899988,276.1946716308594,0.24444444444444444,0
1596160521.2999988,277.99505615234375,0.24444444444444444,0
1596160521.3099988,279.796856880188,0.24444444444444444,0
1596160521.3199987,281.5970268249512,0.24444444444444444,0
1596160521.3299987,283.3971538543701,0.24444444444444444,0
1596160521.3399987,285.1958646774292,0.24444444444444444,0
1596160521.3499987,286.996506690979,0.24444444444444444,0
1596160521.3599987,288.7966766357422,0.24444444444444444,0
1596160521.3699987,290.59624576568604,0.24444444444444444,0
1596160521.3799987,292.39680194854736,0.24444444444444444,0
1596160521.3899987,294.1944828033447,0.24444444444444444,0
1596160521.3999987,295.9950819015503,0.24444444444444444,0
1596160521.4099987,297.79568099975586,0.24444444444444444,0
1596160521.4199986,299.59640884399414,0.24444444444444444,0
1596160521.4299986,301.397780418396,0.24444444444444444,0
1596160521.4399986,303.19722080230713,0.24444444444444444,0
1596160521.4499986,304.99644660949707,0.24444444444444444,0
1596160521.4599986,306.7967882156372,0.24444444444444444,0
1596160521.4699986,308.59704399108887,0.24444444444444444,0
1596160521.4799986,310.3945960998535,0.24444444444444444,0
1596160521.4899986,312.197340965271,0.24444444444444444,0
1596160521.4999986,313.9968671798706,0.24444444444444444,0
1596160521.5099986,315.7952346801758,0.24444444444444444,0
1596160521.5199986,317.59626293182373,0.24444444444444444,0
1596160521.5299985,319.3973340988159,0.24444444444444444,0
1596160521.5399985,321.1977186203003,0.24444444444444444,0
1596160521.5499985,322.997802734375,0.24444444444444444,0
1596160521.5599985,324.79522609710693,0.24444444444444444,0
1596160521.5699985,326.596640586853,0.24444444444444444,0
1596160521.5799985,328.3977975845337,0.24444444444444444,0
1596160521.5899985,330.1962938308716,0.24444444444444444,0
1596160521.5999985,331.9970645904541,0.24444444444444444,0
1596160521.6099985,333.794659614563,0.24444444444444444,0
1596160521.6199985,335.59538745880127,0.24444444444444444,0
1596160521.6299984,337.39465618133545,0.24444444444444444,0
1596160521.6399984,339.1963710784912,0.24444444444444444,0
1596160521.6499984,340.9976997375488,0.24444444444444444,0
1596160521.6599984,342.79520893096924,0.24444444444444444,0
1596160521.6699984,344.59585094451904,0.24444444444444444,0
1596160521.6799984,346.39537715911865,0.24444444444444444,0
1596160521.6872795,347.7050247192383,0.24444444444444444,0
1596160521.6872795,347.7050247192383,0.24444444444444444,0
1596160521.6899984,348.1957187652588,0.24444444444444444,0
1596160521.6999984,349.9962749481201,0.24444444444444444,0
1596160521.7099984,351.7961015701294,0.24444444444444444,0
1596160521.7199984,353.5975589752197,0.24444444444444444,0
1596160521.7299984,355.3972997665405,0.24444444444444444,0
1596160521.7399983,357.1957960128784,0.24444444444444444,0
1596160521.7499983,358.99557971954346,0.24444444444444444,0
1596160521.755602,360,0.24444444444444444,1
1596160521.755602,0,0,0
1596160521.7656019,189.13479866661572,1.0407314864616672,0
1596160521.7756019,190.9340673891499,1.0407314864616672,0
1596160521.7856019,192.73363651909375,1.0407314864616672,0
1596160521.7956018,194.53269066490674,1.0407314864616672,0
1596160521.8056018,196.33191647209668,1.0407314864616672,0
1596160521.8156018,198.13294472374463,1.0407314864616672,0
1596160521.8256018,199.93483128227734,1.0407314864616672,0
1596160521.8356018,201.73276962914014,1.0407314864616672,0
1596160521.8456018,203.5337120500996,1.0407314864616672,0
1596160521.8556018,205.33405365623975,1.0407314864616672,0
1596160521.8656018,207.13409485497021,1.0407314864616672,0
1596160521.8756018,208.9331490007832,1.0407314864616672,0
1596160521.8856018,210.73396267570996,1.0407314864616672,0
1596160521.8956017,212.5335318056538,1.0407314864616672,0
1596160521.9056017,214.3347317186787,1.0407314864616672,0
1596160521.9156017,216.13219799675488,1.0407314864616672,0
1596160521.9256017,217.93292584099316,1.0407314864616672,0
1596160521.9356017,219.73210873283887,1.0407314864616672,0
1596160521.9456017,221.5317636934712,1.0407314864616672,0
1596160521.9556017,223.33223404564404,1.0407314864616672,0
1596160521.9656017,225.1327043978169,1.0407314864616672,0
1596160521.9756017,226.93270268120312,1.0407314864616672,0
1596160521.9856017,228.7330872026875,1.0407314864616672,0
1596160521.9956017,230.53287090935254,1.0407314864616672,0
1596160522.0056016,232.33209671654248,1.0407314864616672,0
1596160522.0156016,234.1335541216328,1.0407314864616672,0
1596160522.0256016,235.9331661669209,1.0407314864616672,0
1596160522.0356016,237.73389401115918,1.0407314864616672,0
1596160522.0456016,239.53166069664502,1.0407314864616672,0
1596160522.0556016,241.33453430809521,1.0407314864616672,0
1596160522.0656016,243.13487591423535,1.0407314864616672,0
1596160522.0756016,244.93217053093457,1.0407314864616672,0
1596160522.0856016,246.73276962914014,1.0407314864616672,0
1596160522.0956016,248.53276791252637,1.0407314864616672,0
1596160522.1056015,250.33482613243604,1.0407314864616672,0
1596160522.1156015,252.1336227861836,1.0407314864616672,0
1596160522.1256015,253.93229069389844,1.0407314864616672,0
1596160522.1356015,255.73443474449658,1.0407314864616672,0
1596160522.1456015,257.5327164141133,1.0407314864616672,0
1596160522.1556015,259.3328434435322,1.0407314864616672,0
1596160522.1656015,261.1325413195088,1.0407314864616672,0
1596160522.1756015,262.93447079338574,1.0407314864616672,0
1596160522.1856015,264.73288120903516,1.0407314864616672,0
1596160522.1956015,266.53386654533887,1.0407314864616672,0
1596160522.2056015,268.3335215059712,1.0407314864616672,0
1596160522.209887,269.1029936281636,1.0407314864616672,0
1596160522.209887,269.1029936281636,1.0407314864616672,0
1596160522.2156014,270.13231815971875,1.0407314864616672,0
1596160522.2256014,271.9343334642842,1.0407314864616672,0
1596160522.2356014,273.7335163561299,1.0407314864616672,0
1596160522.2456014,275.53278507866406,1.0407314864616672,0
1596160522.2556014,277.33488621391797,1.0407314864616672,0
1596160522.2656014,279.1345411745503,1.0407314864616672,0
1596160522.2756014,280.93333782829785,1.0407314864616672,0
1596160522.2856014,282.7341515032246,1.0407314864616672,0
1596160522.2956014,284.53204693474316,1.0407314864616672,0
1596160522.3056014,286.3318306414082,1.0407314864616672,0
1596160522.3156013,288.1330305544331,1.0407314864616672,0
1596160522.3256013,289.9322134462788,1.0407314864616672,0
1596160522.3356013,291.73234047569775,1.0407314864616672,0
1596160522.3456013,293.53272499718213,1.0407314864616672,0
1596160522.3556013,295.332294127126,1.0407314864616672,0
1596160522.3656013,297.1340948549702,1.0407314864616672,0
1596160522.3756013,298.93430771507764,1.0407314864616672,0
1596160522.3856013,300.7323318926289,1.0407314864616672,0
1596160522.3956013,302.5343901125386,1.0407314864616672,0
1596160522.4056013,304.3330151049092,1.0407314864616672,0
1596160522.4156013,306.13374294914746,1.0407314864616672,0
1596160522.4256012,307.93335499443555,1.0407314864616672,0
1596160522.4356012,309.7327953783467,1.0407314864616672,0
1596160522.4456012,311.5320211855366,1.0407314864616672,0
1596160522.4556012,313.3333927599385,1.0407314864616672,0
1596160522.4656012,315.13412060417676,1.0407314864616672,0
1596160522.4756012,316.93248810448193,1.0407314864616672,0
1596160522.4856012,318.73282971062207,1.0407314864616672,0
1596160522.4956012,320.5339437929585,1.0407314864616672,0
1596160522.5056012,322.3316675631001,1.0407314864616672,0
1596160522.5156012,324.1341120211079,1.0407314864616672,0
1596160522.5256011,325.9330374208882,1.0407314864616672,0
1596160522.5356011,327.7335936037495,1.0407314864616672,0
1596160522.5456011,329.5320040193989,1.0407314864616672,0
1596160522.5556011,331.33187355675244,1.0407314864616672,0
1596160522.565601,333.13285889305615,1.0407314864616672,0
1596160522.575601,334.931526800771,1.0407314864616672,0
1596160522.585601,336.7346149889424,1.0407314864616672,0
1596160522.595601,338.5334974733784,1.0407314864616672,0
1596160522.605601,340.3337961641743,1.0407314864616672,0
1596160522.615601,342.1329361406758,1.0407314864616672,0
1596160522.625601,343.9344793764546,1.0407314864616672,0
1596160522.635601,345.7338768450215,1.0407314864616672,0
1596160522.645601,347.53404678978467,1.0407314864616672,0
1596160522.655601,349.33185639061475,1.0407314864616672,0
1596160522.665601,351.13284172691846,1.0407314864616672,0
1596160522.675601,352.9340845552876,1.0407314864616672,0
1596160522.685601,354.73476948418164,1.0407314864616672,0
1596160522.695601,356.53154911675,1.0407314864616672,0
1596160522.705601,358.33270611443066,1.0407314864616672,0
1596160522.7148826,360,1.0407314864616672,1
1596160522.7148826,0,0,0
1596160522.7248826,95.94989610907055,0.5230447359215671,0
1596160522.7348826,97.74852110144116,0.5230447359215671,0
1596160522.7448826,99.54924894567944,0.5230447359215671,0
1596160522.7548826,101.35062052008129,0.5230447359215671,0
1596160522.7648826,103.1481297135017,0.5230447359215671,0
1596160522.7748826,104.9493296265266,0.5230447359215671,0
1596160522.7848825,106.75078703161694,0.5230447359215671,0
1596160522.7948825,108.54971243139721,0.5230447359215671,0
1596160522.8048825,110.35048319097973,0.5230447359215671,0
1596160522.8148825,112.15082479711987,0.5230447359215671,0
1596160522.8248825,113.94889189001537,0.5230447359215671,0
1596160522.8348825,115.74846101995922,0.5230447359215671,0
1596160522.8448825,117.54811598059155,0.5230447359215671,0
1596160522.8548825,119.3485863327644,0.5230447359215671,0
1596160522.8648825,121.15060163732983,0.5230447359215671,0
1596160522.8748825,122.94849706884838,0.5230447359215671,0
1596160522.8848825,124.74995447393871,0.5230447359215671,0
1596160522.8948824,126.55029608007885,0.5230447359215671,0
1596160522.9048824,128.3499939560554,0.5230447359215671,0
1596160522.9148824,130.1481468796394,0.5230447359215671,0
1596160522.9248824,131.95119215246655,0.5230447359215671,0
1596160522.9348824,133.75003172155834,0.5230447359215671,0
1596160522.9448824,135.5481417297981,0.5230447359215671,0
1596160522.9548824,137.34938455816723,0.5230447359215671,0
1596160522.9648824,139.15127111669995,0.5230447359215671,0
1596160522.9748824,140.95015360113598,0.5230447359215671,0
1596160522.9848824,142.75079561468579,0.5230447359215671,0
1596160522.9948823,144.54912019964672,0.5230447359215671,0
1596160523.0048823,146.348946821656,0.5230447359215671,0
1596160523.0148823,148.1481297135017,0.5230447359215671,0
1596160523.0248823,149.94890047308422,0.5230447359215671,0
1596160523.0348823,151.75061537023998,0.5230447359215671,0
1596160523.0448823,153.54954077002026,0.5230447359215671,0
1596160523.0548823,155.3493244766853,0.5230447359215671,0
1596160523.0648823,157.1499664902351,0.5230447359215671,0
1596160523.0748823,158.949363958802,0.5230447359215671,0
1596160523.0848823,160.75043512579418,0.5230447359215671,0
1596160523.0948822,162.54987550970532,0.5230447359215671,0
1596160523.096256,162.7952654480598,0.5230447359215671,0
1596160523.096256,162.7952654480598,0.5230447359215671,0
1596160523.1048822,164.35103250738598,0.5230447359215671,0
1596160523.1148822,166.1486704468391,0.5230447359215671,0
1596160523.1248822,167.949870359864,0.5230447359215671,0
1596160523.1348822,169.74952532049633,0.5230447359215671,0
1596160523.1448822,171.54827905889965,0.5230447359215671,0
1596160523.1548822,173.34935022589184,0.5230447359215671,0
1596160523.1648822,175.14801813360668,0.5230447359215671,0
1596160523.1748822,176.94904638525463,0.5230447359215671,0
1596160523.1848822,178.74848676916577,0.5230447359215671,0
1596160523.1948822,180.55054498907543,0.5230447359215671,0
1596160523.2048821,182.349341642823,0.5230447359215671,0
1596160523.2148821,184.1506703018806,0.5230447359215671,0
1596160523.2248821,185.95071150061108,0.5230447359215671,0
1596160523.234882,187.74826360937573,0.5230447359215671,0
1596160523.244882,189.54929186102368,0.5230447359215671,0
1596160523.254882,191.34989095922924,0.5230447359215671,0
1596160523.264882,193.14877344366528,0.5230447359215671,0
1596160523.274882,194.95117498632885,0.5230447359215671,0
1596160523.284882,196.74932790991284,0.5230447359215671,0
1596160523.294882,198.54949785467602,0.5230447359215671,0
1596160523.304882,200.35125566717602,0.5230447359215671,0
1596160523.314882,202.14807821508862,0.5230447359215671,0
1596160523.324882,203.94906355139233,0.5230447359215671,0
1596160523.334882,205.75030637976147,0.5230447359215671,0
1596160523.344882,207.54837347265698,0.5230447359215671,0
1596160523.354882,209.34867216345287,0.5230447359215671,0
1596160523.364882,211.14892793890454,0.5230447359215671,0
1596160523.374882,212.94836832281567,0.5230447359215671,0
1596160523.384882,214.7500403046272,0.5230447359215671,0
1596160523.394882,216.55021024939037,0.5230447359215671,0
1596160523.404882,218.35072351690746,0.5230447359215671,0
1596160523.414882,220.15063596960522,0.5230447359215671,0
1596160523.424882,221.9501192688606,0.5230447359215671,0
1596160523.434882,223.7505467056892,0.5230447359215671,0
1596160523.444882,225.55067373510815,0.5230447359215671,0
1596160523.454882,227.34792543646313,0.5230447359215671,0
1596160523.464882,229.1507561325691,0.5230447359215671,0
1596160523.474882,230.9488232254646,0.5230447359215671,0
1596160523.4848819,232.75079561468579,0.5230447359215671,0
1596160523.4948819,234.54813314672924,0.5230447359215671,0
1596160523.5048819,236.3510925888679,0.5230447359215671,0
1596160523.5148818,238.14808679815746,0.5230447359215671,0
1596160523.5248818,239.94993044134594,0.5230447359215671,0
1596160523.5348818,241.74855543371655,0.5230447359215671,0
1596160523.5448818,243.54945493933178,0.5230447359215671,0
1596160523.5548818,245.35039736029125,0.5230447359215671,0
1596160523.5648818,247.1492798447273,0.5230447359215671,0
1596160523.5748818,248.94996477362133,0.5230447359215671,0
1596160523.5848818,250.74953390356518,0.5230447359215671,0
1596160523.5948818,252.54867388006664,0.5230447359215671,0
1596160523.6048818,254.34987379309155,0.5230447359215671,0
1596160523.6148818,256.1481983780525,0.5230447359215671,0
1596160523.6248817,257.9492695450447,0.5230447359215671,0
1596160523.6348817,259.7504694580696,0.5230447359215671,0
1596160523.6448817,261.5496523499153,0.5230447359215671,0
1596160523.6548817,263.34823442694164,0.5230447359215671,0
1596160523.6648817,265.1484902023933,0.5230447359215671,0
1596160523.6748817,266.94896055456616,0.5230447359215671,0
1596160523.6848817,268.7491734146736,0.5230447359215671,0
1596160523.6876137,269.2396528839729,0.5230447359215671,0
1596160523.6876137,269.2396528839729,0.5230447359215671,0
1596160523.6948817,270.5487425446174,0.5230447359215671,0
1596160523.7048817,272.3491270661018,0.5230447359215671,0
1596160523.7148817,274.14959741827465,0.5230447359215671,0
1596160523.7248816,275.95032526251293,0.5230447359215671,0
1596160523.7348816,277.74830652471996,0.5230447359215671,0
1596160523.7448816,279.55118013617016,0.5230447359215671,0
1596160523.7548816,281.3483030914924,0.5230447359215671,0
1596160523.7648816,283.1479151367805,0.5230447359215671,0
1596160523.7748816,284.95074583288647,0.5230447359215671,0
1596160523.7848816,286.7494137406013,0.5230447359215671,0
1596160523.7948816,288.54988409277416,0.5230447359215671,0
1596160523.8048816,290.35048319097973,0.5230447359215671,0
1596160523.8148816,292.1504385590217,0.5230447359215671,0
1596160523.8248816,293.9500506043098,0.5230447359215671,0
1596160523.8348815,295.7488901734016,0.5230447359215671,0
1596160523.8448815,297.5500900864265,0.5230447359215671,0
1596160523.8548815,299.3511612534187,0.5230447359215671,0
1596160523.8648815,301.14952875372387,0.5230447359215671,0
1596160523.8748815,302.9507286667488,0.5230447359215671,0
1596160523.8848815,304.75076986547924,0.5230447359215671,0
1596160523.8948815,306.54995275732495,0.5230447359215671,0
1596160523.9048815,308.34913564917065,0.5230447359215671,0
1596160523.9148815,310.15055013891674,0.5230447359215671,0
1596160523.9248815,311.9504625916145,0.5230447359215671,0
1596160523.9348814,313.7501175522468,0.5230447359215671,0
1596160523.9448814,315.54908586737133,0.5230447359215671,0
1596160523.9548814,317.350242865052,0.5230447359215671,0
1596160523.9648814,319.1504557251594,0.5230447359215671,0
1596160523.9748814,320.9495957016609,0.5230447359215671,0
1596160523.9848814,322.7484781860969,0.5230447359215671,0
1596160523.9948814,324.5501930832527,0.5230447359215671,0
1596160524.0048814,326.3501913666389,0.5230447359215671,0
1596160524.0148814,328.1482584595344,0.5230447359215671,0
1596160524.0248814,329.94868589636303,0.5230447359215671,0
1596160524.0348814,331.75022913214184,0.5230447359215671,0
1596160524.0448813,333.5489399552009,0.5230447359215671,0
1596160524.0548813,335.34992529150463,0.5230447359215671,0
1596160524.0648813,337.15026689764477,0.5230447359215671,0
1596160524.0748813,338.9480335831306,0.5230447359215671,0
1596160524.0848813,340.75026346441723,0.5230447359215671,0
1596160524.0948813,342.548373472657,0.5230447359215671,0
1596160524.1048813,344.3491442322395,0.5230447359215671,0
1596160524.1148813,346.1511166214607,0.5230447359215671,0
1596160524.1248813,347.94836832281567,0.5230447359215671,0
1596160524.1348813,349.7483666062019,0.5230447359215671,0
1596160524.1448812,351.5496952652595,0.5230447359215671,0
1596160524.1548812,353.34969354864575,0.5230447359215671,0
1596160524.1648812,355.14921976324536,0.5230447359215671,0
1596160524.1748812,356.9496901154182,0.5230447359215671,0
1596160524.1848812,358.75084711309887,0.5230447359215671,0
1596160524.1918447,360,0.5230447359215671,1
1596160524.1918447,0,0,0
1596160524.2018447,152.95422371632375,0.8397290075491157,0
1596160524.2118447,154.7544794917754,0.8397290075491157,0
1596160524.2218447,156.5540915370635,0.8397290075491157,0
1596160524.2318447,158.35430439717092,0.8397290075491157,0
1596160524.2418447,160.15310105091848,0.8397290075491157,0
1596160524.2518446,161.95121105915823,0.8397290075491157,0
1596160524.2618446,163.75120934254446,0.8397290075491157,0
1596160524.2718446,165.55253800160207,0.8397290075491157,0
1596160524.2818446,167.35451039082326,0.8397290075491157,0
1596160524.2918446,169.152620399063,0.8397290075491157,0
1596160524.3018446,170.95386322743215,0.8397290075491157,0
1596160524.3118446,172.7536469340972,0.8397290075491157,0
1596160524.3218446,174.552486503189,0.8397290075491157,0
1596160524.3318446,176.3538151622466,0.8397290075491157,0
1596160524.3418446,178.15222557789602,0.8397290075491157,0
1596160524.3518445,179.95376881367483,0.8397290075491157,0
1596160524.3618445,181.75260838276662,0.8397290075491157,0
1596160524.3718445,183.55325039631643,0.8397290075491157,0
1596160524.3818445,185.35136040455617,0.8397290075491157,0
1596160524.3918445,187.15286072499075,0.8397290075491157,0
1596160524.4018445,188.9538889766387,0.8397290075491157,0
1596160524.4118445,190.75191315418996,0.8397290075491157,0
1596160524.4218445,192.55422886616506,0.8397290075491157,0
1596160524.4318445,194.3527680278472,0.8397290075491157,0
1596160524.4418445,196.15302380329885,0.8397290075491157,0
1596160524.4518445,197.9537087321929,0.8397290075491157,0
1596160524.4618444,199.75405033833303,0.8397290075491157,0
1596160524.4718444,201.55220326191701,0.8397290075491157,0
1596160524.4818444,203.3540469051055,0.8397290075491157,0
1596160524.4918444,205.15305813557424,0.8397290075491157,0
1596160524.5018444,206.95425804859914,0.8397290075491157,0
1596160524.5118444,208.75348385578909,0.8397290075491157,0
1596160524.5218444,210.55129345661916,0.8397290075491157,0
1596160524.5252206,211.15888890034475,0.8397290075491157,0
1596160524.5252206,211.15888890034475,0.8397290075491157,0
1596160524.5318444,212.3528796077422,0.8397290075491157,0
1596160524.5418444,214.1521483302764,0.8397290075491157,0
1596160524.5518444,215.95171746022024,0.8397290075491157,0
1596160524.5618443,217.75291737324514,0.8397290075491157,0
1596160524.5718443,219.55325897938528,0.8397290075491157,0
1596160524.5818443,221.35321434742727,0.8397290075491157,0
1596160524.5918443,223.15424259907522,0.8397290075491157,0
1596160524.6018443,224.9536400676421,0.8397290075491157,0
1596160524.6118443,226.75355252033987,0.8397290075491157,0
1596160524.612848,226.9318228603057,0.8397290075491157,0
1596160524.612848,226.9318228603057,0.8397290075491157,0
1596160524.6218443,228.55342205769338,0.8397290075491157,0
1596160524.6318443,230.3545361400298,0.8397290075491157,0
1596160524.6418443,232.15277489430227,0.8397290075491157,0
1596160524.6518443,233.95376023060598,0.8397290075491157,0
1596160524.6618443,235.75208481556692,0.8397290075491157,0
1596160524.6718442,237.5529414058379,0.8397290075491157,0
1596160524.6818442,239.35405548817434,0.8397290075491157,0
1596160524.6918442,241.15371044880666,0.8397290075491157,0
1596160524.7018442,242.9513483882598,0.8397290075491157,0
1596160524.7118442,244.7543507457427,0.8397290075491157,0
1596160524.7218442,246.551302039688,0.8397290075491157,0
1596160524.7318442,248.35426148182668,0.8397290075491157,0
1596160524.7418442,250.15404518849172,0.8397290075491157,0
1596160524.7518442,251.95370014912405,0.8397290075491157,0
1596160524.7618442,253.75442799336233,0.8397290075491157,0
1596160524.7718441,255.55193718678274,0.8397290075491157,0
1596160524.7818441,257.3523646236113,0.8397290075491157,0
1596160524.7918441,259.1531782985381,0.8397290075491157,0
1596160524.8018441,260.95309075123583,0.8397290075491157,0
1596160524.811844,262.7511149287871,0.8397290075491157,0
1596160524.821844,264.5529585719756,0.8397290075491157,0
1596160524.831844,266.3517123103789,0.8397290075491157,0
1596160524.841844,268.15183933979785,0.8397290075491157,0
1596160524.851844,269.95269593006884,0.8397290075491157,0
1596160524.861844,271.75381001240527,0.8397290075491157,0
1596160524.871844,273.552821242874,0.8397290075491157,0
1596160524.881844,275.35114582783496,0.8397290075491157,0
1596160524.891844,277.15389069325244,0.8397290075491157,0
1596160524.901844,278.95307358509814,0.8397290075491157,0
1596160524.911844,280.7517844081572,0.8397290075491157,0
1596160524.921844,282.55392845875537,0.8397290075491157,0
1596160524.931844,284.35431298023974,0.8397290075491157,0
1596160524.941844,286.1516505122832,0.8397290075491157,0
1596160524.951844,287.9516487956694,0.8397290075491157,0
1596160524.961844,289.75289162403857,0.8397290075491157,0
1596160524.971844,291.5526753307036,0.8397290075491157,0
1596160524.981844,293.35336025959765,0.8397290075491157,0
1596160524.991844,295.1532727122954,0.8397290075491157,0
1596160525.001844,296.9533568263701,0.8397290075491157,0
1596160525.011844,298.7517243266753,0.8397290075491157,0
1596160525.021844,300.55176552540576,0.8397290075491157,0
1596160525.031844,302.35193547016894,0.8397290075491157,0
1596160525.041844,304.1528778911284,0.8397290075491157,0
1596160525.051844,305.9522753596953,0.8397290075491157,0
1596160525.0618439,307.75197323567187,0.8397290075491157,0
1596160525.0718439,309.55437477833544,0.8397290075491157,0
1596160525.0818439,311.3526993632964,0.8397290075491157,0
1596160525.0918438,313.1529122234038,0.8397290075491157,0
1596160525.1018438,314.9532109141997,0.8397290075491157,0
1596160525.1118438,316.7526942134551,0.8397290075491157,0
1596160525.1218438,318.5535937190703,0.8397290075491157,0
1596160525.1318438,320.3513174892119,0.8397290075491157,0
1596160525.1418438,322.1535044551543,0.8397290075491157,0
1596160525.1518438,323.95298775440966,0.8397290075491157,0
1596160525.1618438,325.75135525471484,0.8397290075491157,0
1596160525.1718438,327.55135353810107,0.8397290075491157,0
1596160525.1818438,329.3515663982085,0.8397290075491157,0
1596160525.1918437,331.15336712605273,0.8397290075491157,0
1596160525.2018437,332.95400913960253,0.8397290075491157,0
1596160525.2118437,334.75229080921923,0.8397290075491157,0
1596160525.2218437,336.5528899074248,0.8397290075491157,0
1596160525.2318437,338.35125740773,0.8397290075491157,0
1596160525.2418437,340.1515990138701,0.8397290075491157,0
1596160525.2518437,341.9525843501738,0.8397290075491157,0
1596160525.2618437,343.75211056477343,0.8397290075491157,0
1596160525.2718437,345.5542975307158,0.8397290075491157,0
1596160525.2818437,347.35408123738085,0.8397290075491157,0
1596160525.2918437,349.15382202870165,0.8397290075491157,0
1596160525.3018436,350.9520178676299,0.8397290075491157,0
1596160525.3118436,352.75283154255663,0.8397290075491157,0
1596160525.3218436,354.55360230213915,0.8397290075491157,0
1596160525.3318436,356.35347183949267,0.8397290075491157,0
1596160525.3418436,358.1524830699614,0.8397290075491157,0
1596160525.3518436,359.952180945938,0.8397290075491157,0
1596160525.3521187,360,0.8397290075491157,1
1596160525.3521187,0,0,0
1596160525.3621187,155.0716518392036,0.8514994112594645,0
1596160525.3721187,156.8730663289497,0.8514994112594645,0
1596160525.3821187,158.67018928427197,0.8514994112594645,0
1596160525.3842368,159.0511487950752,0.8514994112594645,0
1596160525.3842368,159.0511487950752,0.8514994112594645,0
1596160525.3921187,160.47048797506787,0.8514994112594645,0
1596160525.4021187,162.27134456533886,0.8514994112594645,0
1596160525.4121187,164.0729307164619,0.8514994112594645,0
1596160525.4221187,165.87181320089795,0.8514994112594645,0
1596160525.4321187,167.67322769064404,0.8514994112594645,0
1596160525.4421186,169.47163810629345,0.8514994112594645,0
1596160525.4521186,171.27004852194287,0.8514994112594645,0
1596160525.4621186,173.06987514395215,0.8514994112594645,0
1596160525.4721186,174.87107505697705,0.8514994112594645,0
1596160525.4821186,176.67214622396924,0.8514994112594645,0
1596160525.4921186,178.47235908407666,0.8514994112594645,0
1596160525.5021186,180.27042617697217,0.8514994112594645,0
1596160525.5121186,182.0718835820625,0.8514994112594645,0
1596160525.5221186,183.87110938925244,0.8514994112594645,0
1596160525.5280948,184.9455808629463,0.8514994112594645,0
1596160525.5280948,184.9455808629463,0.8514994112594645,0
1596160525.5321186,185.67020645040967,0.8514994112594645,0
1596160525.5421185,187.4711059560249,0.8514994112594645,0
1596160525.5521185,189.27110423941113,0.8514994112594645,0
1596160525.5621185,191.07256164450146,0.8514994112594645,0
1596160525.5721185,192.87041416067578,0.8514994112594645,0
1596160525.5821185,194.67135658163525,0.8514994112594645,0
1596160525.5921185,196.47062530416943,0.8514994112594645,0
1596160525.6021185,198.27131023306347,0.8514994112594645,0
1596160525.6121185,200.07053604025342,0.8514994112594645,0
1596160525.6221185,201.8730663289497,0.8514994112594645,0
1596160525.6321185,203.67182006735302,0.8514994112594645,0
1596160525.6421185,205.47173252005078,0.8514994112594645,0
1596160525.6521184,207.2707008351753,0.8514994112594645,0
1596160525.6621184,209.07164325613476,0.8514994112594645,0
1596160525.6721184,210.87155570883252,0.8514994112594645,0
1596160525.6821184,212.67279853720166,0.8514994112594645,0
1596160525.6921184,214.4731401433418,0.8514994112594645,0
1596160525.7021184,216.27056350607373,0.8514994112594645,0
1596160525.7121184,218.07287921804883,0.8514994112594645,0
1596160525.7221184,219.8714612950752,0.8514994112594645,0
1596160525.7321184,221.67047252554394,0.8514994112594645,0
1596160525.7421184,223.4705137242744,0.8514994112594645,0
1596160525.7521183,225.27231445211865,0.8514994112594645,0
1596160525.7621183,227.07321395773388,0.8514994112594645,0
1596160525.7721183,228.87248268026806,0.8514994112594645,0
1596160525.7821183,230.67286720175244,0.8514994112594645,0
1596160525.7921183,232.4717926015327,0.8514994112594645,0
1596160525.8021183,234.27303542990185,0.8514994112594645,0
1596160525.8121183,236.07028713125683,0.8514994112594645,0
1596160525.8221183,237.87247409719922,0.8514994112594645,0
1596160525.8321183,239.67247238058545,0.8514994112594645,0
1596160525.8421183,241.47281398672558,0.8514994112594645,0
1596160525.849468,242.7927612294624,0.8514994112594645,0
1596160525.849468,242.7927612294624,0.8514994112594645,0
1596160525.8521183,243.27058067221142,0.8514994112594645,0
1596160525.8621182,245.07002105612256,0.8514994112594645,0
1596160525.8721182,246.872937582917,0.8514994112594645,0
1596160525.8821182,248.67057552237011,0.8514994112594645,0
1596160525.8921182,250.47117462057568,0.8514994112594645,0
1596160525.9021182,252.27190246481396,0.8514994112594645,0
1596160525.9121182,254.0723728169868,0.8514994112594645,0
1596160525.9221182,255.87181320089795,0.8514994112594645,0
1596160525.9321182,257.6700519551704,0.8514994112594645,0
1596160525.9421182,259.4730972279975,0.8514994112594645,0
1596160525.9521182,261.2700914372871,0.8514994112594645,0
1596160525.9621181,263.07249297995065,0.8514994112594645,0
1596160525.9721181,264.87266292471384,0.8514994112594645,0
1596160525.9821181,266.67150249380563,0.8514994112594645,0
1596160525.9921181,268.4716724385688,0.8514994112594645,0
1596160526.002118,270.2716278066108,0.8514994112594645,0
1596160526.012118,272.0722269048164,0.8514994112594645,0
1596160526.022118,273.8706373204658,0.8514994112594645,0
1596160526.032118,275.6714080800483,0.8514994112594645,0
1596160526.042118,277.4722646703193,0.8514994112594645,0
1596160526.052118,279.27239169973825,0.8514994112594645,0
1596160526.062118,281.0728620519111,0.8514994112594645,0
1596160526.072118,282.87019958395456,0.8514994112594645,0
1596160526.082118,284.6709703435371,0.8514994112594645,0
1596160526.092118,286.4720844258735,0.8514994112594645,0
1596160526.102118,288.27053775686716,0.8514994112594645,0
1596160526.112118,290.0716518392036,0.8514994112594645,0
1596160526.122118,291.8705343236396,0.8514994112594645,0
1596160526.132118,293.67040386099313,0.8514994112594645,0
1596160526.142118,295.4728912343452,0.8514994112594645,0
1596160526.152118,297.2709583272407,0.8514994112594645,0
1596160526.162118,299.07164325613473,0.8514994112594645,0
1596160526.172118,300.8712123860786,0.8514994112594645,0
1596160526.182118,302.67091026205514,0.8514994112594645,0
1596160526.192118,304.4729255666206,0.8514994112594645,0
1596160526.202118,306.2726663579414,0.8514994112594645,0
1596160526.212118,308.0698322286079,0.8514994112594645,0
1596160526.222118,309.87064590353464,0.8514994112594645,0
1596160526.232118,311.67309036154245,0.8514994112594645,0
1596160526.242118,313.4705137242744,0.8514994112594645,0
1596160526.2521179,315.27270069021677,0.8514994112594645,0
1596160526.2621179,317.071797751374,0.8514994112594645,0
1596160526.2721179,318.87059440512155,0.8514994112594645,0
1596160526.2821178,320.670807265229,0.8514994112594645,0
1596160526.2921178,322.4710201253364,0.8514994112594645,0
1596160526.3021178,324.2723058690498,0.8514994112594645,0
1596160526.3121178,326.07200374502634,0.8514994112594645,0
1596160526.3221178,327.87075748342966,0.8514994112594645,0
1596160526.3321178,329.6726869573066,0.8514994112594645,0
1596160526.3421178,331.4699386586616,0.8514994112594645,0
1596160526.3521178,333.2703660954902,0.8514994112594645,0
1596160526.3621178,335.07173766989206,0.8514994112594645,0
1596160526.3721178,336.87057723898386,0.8514994112594645,0
1596160526.3821177,338.6707900990913,0.8514994112594645,0
1596160526.3921177,340.4704450597236,0.8514994112594645,0
1596160526.4021177,342.2713016499946,0.8514994112594645,0
1596160526.4121177,344.0714715947578,0.8514994112594645,0
1596160526.4221177,345.86992492575143,0.8514994112594645,0
1596160526.4321177,347.6697515477607,0.8514994112594645,0
1596160526.4421177,349.47279682058786,0.8514994112594645,0
1596160526.4521177,351.27004852194284,0.8514994112594645,0
1596160526.4621177,353.070218466706,0.8514994112594645,0
1596160526.4721177,354.8724054326484,0.8514994112594645,0
1596160526.4821177,356.6726182927558,0.8514994112594645,0
1596160526.4921176,358.4712862004707,0.8514994112594645,0
1596160526.5006342,360,0.8514994112594645,1
1596160526.5006342,0,0,0
1596160526.5106342,207.09595895337708,1.1405192865556946,0
1596160526.5206342,208.89565682935364,1.1405192865556946,0
1596160526.5306342,210.69518304395325,1.1405192865556946,0
1596160526.5406342,212.49380803632386,1.1405192865556946,0
1596160526.5506341,214.29535127210266,1.1405192865556946,0
1596160526.5606341,216.09453416394837,1.1405192865556946,0
1596160526.5706341,217.89470410871155,1.1405192865556946,0
1596160526.580634,219.69586110639221,1.1405192865556946,0
1596160526.590634,221.4949152522052,1.1405192865556946,0
1596160526.600634,223.29426980542786,1.1405192865556946,0
1596160526.610634,225.09508348035462,1.1405192865556946,0
1596160526.620634,226.89542508649475,1.1405192865556946,0
1596160526.630634,228.69383550214417,1.1405192865556946,0
1596160526.640634,230.4943916850055,1.1405192865556946,0
1596160526.650634,232.2962782435382,1.1405192865556946,0
1596160526.660634,234.09374452161438,1.1405192865556946,0
1596160526.670634,235.89588857221253,1.1405192865556946,0
1596160526.680634,237.69657350110657,1.1405192865556946,0
1596160526.690634,239.4951126627887,1.1405192865556946,0
1596160526.6908367,239.52991700696595,1.1405192865556946,0
1596160526.6908367,239.52991700696595,1.1405192865556946,0
1596160526.700634,241.29549718427307,1.1405192865556946,0
1596160526.710634,243.09412217664368,1.1405192865556946,0
1596160526.720634,244.89587998914368,1.1405192865556946,0
1596160526.730634,246.69356084394104,1.1405192865556946,0
1596160526.740634,248.49621987867005,1.1405192865556946,0
1596160526.750634,250.29527402448304,1.1405192865556946,0
1596160526.760634,252.09673142957337,1.1405192865556946,0
1596160526.770634,253.8935968928302,1.1405192865556946,0
1596160526.780634,255.69462514447815,1.1405192865556946,0
1596160526.790634,257.49535298871643,1.1405192865556946,0
1596160526.800634,259.29367757367737,1.1405192865556946,0
1596160526.810634,261.0966799311603,1.1405192865556946,0
1596160526.820634,262.8961203150714,1.1405192865556946,0
1596160526.8306339,264.6935007624591,1.1405192865556946,0
1596160526.8406339,266.49641728925354,1.1405192865556946,0
1596160526.8506339,268.2957718424762,1.1405192865556946,0
1596160526.8606339,270.0960705332721,1.1405192865556946,0
1596160526.8706338,271.89353681134827,1.1405192865556946,0
1596160526.8806338,273.6945650629962,1.1405192865556946,0
1596160526.8906338,275.496108298775,1.1405192865556946,0
1596160526.9006338,277.294261222359,1.1405192865556946,0
1596160526.9106338,279.09674859571106,1.1405192865556946,0
1596160526.9206338,280.89503026532776,1.1405192865556946,0
1596160526.9306338,282.6951572947467,1.1405192865556946,0
1596160526.9406338,284.4946835093463,1.1405192865556946,0
1596160526.9506338,286.29523969220764,1.1405192865556946,0
1596160526.9606338,288.0958387904132,1.1405192865556946,0
1596160526.9706337,289.895579581734,1.1405192865556946,0
1596160526.9806337,291.6942904047931,1.1405192865556946,0
1596160526.9906337,293.49531865644104,1.1405192865556946,0
1596160527.0006337,295.29638982343323,1.1405192865556946,0
1596160527.0106337,297.0949719004596,1.1405192865556946,0
1596160527.0206337,298.8960430674518,1.1405192865556946,0
1596160527.0306337,300.6959126048053,1.1405192865556946,0
1596160527.0406337,302.49393678235657,1.1405192865556946,0
1596160527.0506337,304.29569459485657,1.1405192865556946,0
1596160527.0606337,306.0937616877521,1.1405192865556946,0
1596160527.0706336,307.89414620923645,1.1405192865556946,0
1596160527.0806336,309.6945307307208,1.1405192865556946,0
1596160527.0906336,311.4945719294513,1.1405192865556946,0
1596160527.1006336,313.2938406519855,1.1405192865556946,0
1596160527.1106336,315.09366727399475,1.1405192865556946,0
1596160527.1206336,316.8957254939044,1.1405192865556946,0
1596160527.1306336,318.69405007886536,1.1405192865556946,0
1596160527.1406336,320.4946491770709,1.1405192865556946,0
1596160527.1506336,322.29632115888245,1.1405192865556946,0
1596160527.1606336,324.09404492902405,1.1405192865556946,0
1596160527.1706336,325.89391446637757,1.1405192865556946,0
1596160527.1806335,327.69631600904114,1.1405192865556946,0
1596160527.1906335,329.4957563929523,1.1405192865556946,0
1596160527.2006335,331.2963984065021,1.1405192865556946,0
1596160527.2106335,333.0939505152667,1.1405192865556946,0
1596160527.2206335,334.89665246533997,1.1405192865556946,0
1596160527.2306335,336.6944191508258,1.1405192865556946,0
1596160527.2406335,338.4948465876544,1.1405192865556946,0
1596160527.2506335,340.2940294795001,1.1405192865556946,0
1596160527.2606335,342.0966455988849,1.1405192865556946,0
1596160527.2706335,343.8966009669269,1.1405192865556946,0
1596160527.2806334,345.69441056775696,1.1405192865556946,0
1596160527.2906334,347.49402261304505,1.1405192865556946,0
1596160527.3006334,349.29333425092346,1.1405192865556946,0
1596160527.3106334,351.0936758570636,1.1405192865556946,0
1596160527.3206334,352.89483285474427,1.1405192865556946,0
1596160527.3306334,354.6953032069171,1.1405192865556946,0
1596160527.3406334,356.4944860987628,1.1405192865556946,0
1596160527.3496985,358.1250546030963,1.1405192865556946,0
1596160527.3496985,358.1250546030963,1.1405192865556946,0
1596160527.3506334,358.2948706202472,1.1405192865556946,0
1596160527.3601155,360,1.1405192865556946,1
1596160527.3601155,0,0,0
1596160527.3701155,210.895111484818,1.1616380872742573,0
1596160527.3801155,212.69566766767932,1.1616380872742573,0
1596160527.3901155,214.4978546336217,1.1616380872742573,0
1596160527.4001155,216.29665128736926,1.1616380872742573,0
1596160527.4101155,218.09819452314807,1.1616380872742573,0
1596160527.4201155,219.8967336848302,1.1616380872742573,0
1596160527.4301155,221.69690362959338,1.1616380872742573,0
1596160527.4401155,223.49535696058703,1.1616380872742573,0
1596160527.4501154,225.2974151804967,1.1616380872742573,0
1596160527.4601154,227.09565393476916,1.1616380872742573,0
1596160527.4701154,228.89719717054797,1.1616380872742573,0
1596160527.4801154,230.6948351100011,1.1616380872742573,0
1596160527.4901154,232.49736539869738,1.1616380872742573,0
1596160527.5001154,234.29727785139514,1.1616380872742573,0
1596160527.5101154,236.0957311823888,1.1616380872742573,0
1596160527.5201154,237.89697401075793,1.1616380872742573,0
1596160527.5301154,239.69602815657092,1.1616380872742573,0
1596160527.5401154,241.4982151225133,1.1616380872742573,0
1596160527.5501153,243.29606763868762,1.1616380872742573,0
1596160527.5601153,245.09662382154895,1.1616380872742573,0
1596160527.5701153,246.89602129011584,1.1616380872742573,0
1596160527.5801153,248.6951612666173,1.1616380872742573,0
1596160527.5901153,250.4965757563634,1.1616380872742573,0
1596160527.6001153,252.29696027784777,1.1616380872742573,0
1596160527.6101153,254.0964006617589,1.1616380872742573,0
1596160527.6201153,255.89506856947375,1.1616380872742573,0
1596160527.6301153,257.69609682112167,1.1616380872742573,0
1596160527.6401153,259.4980262949986,1.1616380872742573,0
1596160527.6501153,261.294805927567,1.1616380872742573,0
1596160527.6601152,263.09609167128036,1.1616380872742573,0
1596160527.6701152,264.89750616102646,1.1616380872742573,0
1596160527.6801152,266.69621698408554,1.1616380872742573,0
1596160527.6901152,268.4977173045201,1.1616380872742573,0
1596160527.7001152,270.29535524397323,1.1616380872742573,0
1596160527.7101152,272.09646932630966,1.1616380872742573,0
1596160527.7201152,273.89685384779403,1.1616380872742573,0
1596160527.7301152,275.696980877213,1.1616380872742573,0
1596160527.7401152,277.4979662135167,1.1616380872742573,0
1596160527.7501152,279.2970632746739,1.1616380872742573,0
1596160527.7601151,281.09774820356796,1.1616380872742573,0
1596160527.7701151,282.89748899488876,1.1616380872742573,0
1596160527.7801151,284.6964573100133,1.1616380872742573,0
1596160527.790115,286.49628393202255,1.1616380872742573,0
1596160527.800115,288.2959818079991,1.1616380872742573,0
1596160527.810115,290.0962375834508,1.1616380872742573,0
1596160527.820115,291.896235866837,1.1616380872742573,0
1596160527.830115,293.69704954176376,1.1616380872742573,0
1596160527.840115,295.4964899256749,1.1616380872742573,0
1596160527.850115,297.295200748734,1.1616380872742573,0
1596160527.851067,297.46613256483505,1.1616380872742573,0
1596160527.851067,297.46613256483505,1.1616380872742573,0
1596160527.860115,299.09489862471054,1.1616380872742573,0
1596160527.870115,300.89777223616073,1.1616380872742573,0
1596160527.880115,302.69665472059677,1.1616380872742573,0
1596160527.890115,304.49592344313095,1.1616380872742573,0
1596160527.900115,306.2967371180577,1.1616380872742573,0
1596160527.910115,308.09596292524765,1.1616380872742573,0
1596160527.920115,309.8971199229283,1.1616380872742573,0
1596160527.930115,311.69801942854355,1.1616380872742573,0
1596160527.940115,313.4974598124547,1.1616380872742573,0
1596160527.950115,315.29659978895614,1.1616380872742573,0
1596160527.960115,317.0960830882115,1.1616380872742573,0
1596160527.970115,318.8962530329747,1.1616380872742573,0
1596160527.980115,320.695006771378,1.1616380872742573,0
1596160527.990115,322.49723665266464,1.1616380872742573,0
1596160528.000115,324.2952608302159,1.1616380872742573,0
1596160528.010115,326.0950016215367,1.1616380872742573,0
1596160528.020115,327.89547197370956,1.1616380872742573,0
1596160528.030115,329.6979593470616,1.1616380872742573,0
1596160528.0401149,331.49495355635116,1.1616380872742573,0
1596160528.0501149,333.2956384852452,1.1616380872742573,0
1596160528.0601149,335.0971388056798,1.1616380872742573,0
1596160528.0701149,336.8975662425084,1.1616380872742573,0
1596160528.0801148,338.6977791026158,1.1616380872742573,0
1596160528.0901148,340.49687616377304,1.1616380872742573,0
1596160528.1001148,342.2956728175206,1.1616380872742573,0
1596160528.1101148,344.0959715083165,1.1616380872742573,0
1596160528.1201148,345.89511148481796,1.1616380872742573,0
1596160528.1301148,347.69798509626816,1.1616380872742573,0
1596160528.1401148,349.49669591932724,1.1616380872742573,0
1596160528.1501148,351.2950205042882,1.1616380872742573,0
1596160528.1601148,353.0959200099034,1.1616380872742573,0
1596160528.1701148,354.8975490763707,1.1616380872742573,0
1596160528.1801147,356.6972898676915,1.1616380872742573,0
1596160528.1901147,358.49677316694687,1.1616380872742573,0
1596160528.1984885,360,1.1616380872742573,1
1596160528.1984885,0,0,0
1596160528.2084885,105.87234634640335,0.5781730357409913,0
1596160528.2184885,107.67397541287063,0.5781730357409913,0
1596160528.2284884,109.47127002956985,0.5781730357409913,0
1596160528.2384884,111.27268451931594,0.5781730357409913,0
1596160528.2484884,113.07332653286575,0.5781730357409913,0
1596160528.2584884,114.87439769985794,0.5781730357409913,0
1596160528.2613175,115.38036960842727,0.5781730357409913,0
1596160528.2613175,115.38036960842727,0.5781730357409913,0
1596160528.2684884,116.6729797768843,0.5781730357409913,0
1596160528.2784884,118.47387928249954,0.5781730357409913,0
1596160528.2884884,120.27228969814895,0.5781730357409913,0
1596160528.2984884,122.07211632015823,0.5781730357409913,0
1596160528.3084884,123.8741745400679,0.5781730357409913,0
1596160528.3184884,125.6739153313887,0.5781730357409913,0
1596160528.3284883,127.47262615444778,0.5781730357409913,0
1596160528.3384883,129.27279609921095,0.5781730357409913,0
1596160528.3484883,131.0727085519087,0.5781730357409913,0
1596160528.3584883,132.87399429562208,0.5781730357409913,0
1596160528.3684883,134.67403549435255,0.5781730357409913,0
1596160528.3784883,136.4719309258711,0.5781730357409913,0
1596160528.3884883,138.2711138177168,0.5781730357409913,0
1596160528.3984883,140.07360119106886,0.5781730357409913,0
1596160528.4084883,141.87295574429152,0.5781730357409913,0
1596160528.4184883,143.6714519906294,0.5781730357409913,0
1596160528.4284883,145.4726519036543,0.5781730357409913,0
1596160528.4384882,147.2728218484175,0.5781730357409913,0
1596160528.4484882,149.07239097836134,0.5781730357409913,0
1596160528.4584882,150.8714022088301,0.5781730357409913,0
1596160528.4684882,152.6712717461836,0.5781730357409913,0
1596160528.4784882,154.4726862359297,0.5781730357409913,0
1596160528.4884882,156.2713112283003,0.5781730357409913,0
1596160528.4984882,158.0719532418501,0.5781730357409913,0
1596160528.5084882,159.87418312313673,0.5781730357409913,0
1596160528.5184882,161.67302269222853,0.5781730357409913,0
1596160528.5284882,163.47254890682814,0.5781730357409913,0
1596160528.5384881,165.27331966641066,0.5781730357409913,0
1596160528.5484881,167.07318920376417,0.5781730357409913,0
1596160528.5584881,168.8735308099043,0.5781730357409913,0
1596160528.5684881,170.67198414089796,0.5781730357409913,0
1596160528.578488,172.47241157772658,0.5781730357409913,0
1596160528.588488,174.27301067593214,0.5781730357409913,0
1596160528.598488,176.0738243508589,0.5781730357409913,0
1596160528.608488,177.87249225857374,0.5781730357409913,0
1596160528.618488,179.67236179592726,0.5781730357409913,0
1596160528.628488,181.47313255550978,0.5781730357409913,0
1596160528.638488,183.27180046322462,0.5781730357409913,0
1596160528.648488,185.0728716302168,0.5781730357409913,0
1596160528.658488,186.8724836755049,0.5781730357409913,0
1596160528.668488,188.67119449856398,0.5781730357409913,0
1596160528.678488,190.47243732693312,0.5781730357409913,0
1596160528.688488,192.2714914727461,0.5781730357409913,0
1596160528.698488,194.0723480630171,0.5781730357409913,0
1596160528.708488,195.87127346279738,0.5781730357409913,0
1596160528.718488,197.67268795254347,0.5781730357409913,0
1596160528.728488,199.47388786556837,0.5781730357409913,0
1596160528.738488,201.27302784206984,0.5781730357409913,0
1596160528.748488,203.07152408840773,0.5781730357409913,0
1596160528.758488,204.8712219643843,0.5781730357409913,0
1596160528.768488,206.6725506234419,0.5781730357409913,0
1596160528.778488,208.4710468697798,0.5781730357409913,0
1596160528.788488,210.27331966641066,0.5781730357409913,0
1596160528.798488,212.07391876461622,0.5781730357409913,0
1596160528.808488,213.87413162472365,0.5781730357409913,0
1596160528.818488,215.6716837334883,0.5781730357409913,0
1596160528.8284879,217.47296947720167,0.5781730357409913,0
1596160528.8384879,219.27292484524367,0.5781730357409913,0
1596160528.8484879,221.07408184292433,0.5781730357409913,0
1596160528.8584878,222.8741230416548,0.5781730357409913,0
1596160528.8684878,224.67313427212355,0.5781730357409913,0
1596160528.8784878,226.4736046242964,0.5781730357409913,0
1596160528.8884878,228.27338833096144,0.5781730357409913,0
1596160528.8984878,230.073086206938,0.5781730357409913,0
1596160528.9084878,231.87141079189894,0.5781730357409913,0
1596160528.9184878,233.6711086678755,0.5781730357409913,0
1596160528.9284878,235.47325271847365,0.5781730357409913,0
1596160528.9384878,237.2720493722212,0.5781730357409913,0
1596160528.9484878,239.0734638619673,0.5781730357409913,0
1596160528.9584877,240.87273258450148,0.5781730357409913,0
1596160528.9684877,242.67243046047804,0.5781730357409913,0
1596160528.9784877,244.47221416714308,0.5781730357409913,0
1596160528.9884877,246.27199787380812,0.5781730357409913,0
1596160528.9984877,248.07298321011183,0.5781730357409913,0
1596160529.0084877,249.87117904904005,0.5781730357409913,0
1596160529.0184877,251.67435306789992,0.5781730357409913,0
1596160529.0284877,253.47345012905714,0.5781730357409913,0
1596160529.0384877,255.27289051296827,0.5781730357409913,0
1596160529.0484877,257.0741333413374,0.5781730357409913,0
1596160529.0584877,258.87348789456007,0.5781730357409913,0
1596160529.0684876,260.6735720086348,0.5781730357409913,0
1596160529.0784876,262.472669069792,0.5781730357409913,0
1596160529.0884876,264.27223819973585,0.5781730357409913,0
1596160529.0984876,266.073481028105,0.5781730357409913,0
1596160529.1084876,267.8736938882124,0.5781730357409913,0
1596160529.1184876,269.6721901345503,0.5781730357409913,0
1596160529.1284876,271.4722313332808,0.5781730357409913,0
1596160529.1384876,273.273130838896,0.5781730357409913,0
1596160529.1484876,275.0723137307417,0.5781730357409913,0
1596160529.1584876,276.87188286068556,0.5781730357409913,0
1596160529.1684875,278.672996943022,0.5781730357409913,0
1596160529.1784875,280.4732098031294,0.5781730357409913,0
1596160529.1884875,282.27290767910597,0.5781730357409913,0
1596160529.1984875,284.0731205392134,0.5781730357409913,0
1596160529.2084875,285.8734192300093,0.5781730357409913,0
1596160529.2184875,287.6714863229048,0.5781730357409913,0
1596160529.2284875,289.473458712126,0.5781730357409913,0
1596160529.2384875,291.27182621243117,0.5781730357409913,0
1596160529.2484875,293.0710520196211,0.5781730357409913,0
1596160529.2584875,294.87216610195753,0.5781730357409913,0
1596160529.2684875,296.6735805917036,0.5781730357409913,0
1596160529.2784874,298.47190517666456,0.5781730357409913,0
1596160529.2884874,300.2720322060835,0.5781730357409913,0
1596160529.2984874,302.0723308968794,0.5781730357409913,0
1596160529.3084874,303.87211460354445,0.5781730357409913,0
1596160529.3184874,305.6714691567671,0.5781730357409913,0
1596160529.3284874,307.47215408566115,0.5781730357409913,0
1596160529.3384874,309.27099365475294,0.5781730357409913,0
1596160529.3484874,311.0737385201704,0.5781730357409913,0
1596160529.3489218,311.1491407799971,0.5781730357409913,0
1596160529.3489218,311.1491407799971,0.5781730357409913,0
1596160529.3584874,312.8709902215254,0.5781730357409913,0
1596160529.3684874,314.6710743356001,0.5781730357409913,0
1596160529.3784873,316.4722313332808,0.5781730357409913,0
1596160529.3884873,318.2732595849287,0.5781730357409913,0
1596160529.3984873,320.07403034451124,0.5781730357409913,0
1596160529.4084873,321.8723549294722,0.5781730357409913,0
1596160529.4184873,323.6714519906294,0.5781730357409913,0
1596160529.4284873,325.4718365121138,0.5781730357409913,0
1596160529.4384873,327.273808901335,0.5781730357409913,0
1596160529.4484873,329.07316345455763,0.5781730357409913,0
1596160529.4584873,330.8731188225996,0.5781730357409913,0
1596160529.4684873,332.6729454446089,0.5781730357409913,0
1596160529.4784873,334.47105545284865,0.5781730357409913,0
1596160529.4884872,336.2715258050215,0.5781730357409913,0
1596160529.4984872,338.0720819878828,0.5781730357409913,0
1596160529.5084872,339.87117904904005,0.5781730357409913,0
1596160529.5184872,341.67392391445753,0.5781730357409913,0
1596160529.5284872,343.4717335152876,0.5781730357409913,0
1596160529.5384872,345.27130264523146,0.5781730357409913,0
1596160529.5484872,347.073875849272,0.5781730357409913,0
1596160529.5584872,348.8734020638716,0.5781730357409913,0
1596160529.5684872,350.67176956417677,0.5781730357409913,0
1596160529.577804,352.34795707943556,0.5781730357409913,0
1596160529.577804,352.34795707943556,0.5781730357409913,0
1596160529.5784872,352.47202533962843,0.5781730357409913,0
1596160529.5884871,354.27335399868605,0.5781730357409913,0
1596160529.5984871,356.0711206841719,0.5781730357409913,0
1596160529.6084871,357.87206310513136,0.5781730357409913,0
1596160529.6184871,359.6722759652388,0.5781730357409913,0
1596160529.6203315,360,0.5781730357409913,1
1596160529.6203315,0,0,0
1596160529.6303315,274.2987710825899,1.513873011200681,0
1596160529.6403315,276.10027140302446,1.513873011200681,0
1596160529.6503315,277.89799517316607,1.513873011200681,0
1596160529.6603315,279.69795054120806,1.513873011200681,0
1596160529.6703315,281.5004379145601,1.513873011200681,0
1596160529.6803315,283.3003932826021,1.513873011200681,0
1596160529.6903315,285.1003486506441,1.513873011200681,0
1596160529.7003314,286.8979865900972,1.513873011200681,0
1596160529.7103314,288.69931524915484,1.513873011200681,0
1596160529.7203314,290.4999143473604,1.513873011200681,0
1596160529.7303314,292.29948347730425,1.513873011200681,0
1596160529.7403314,294.09789389295366,1.513873011200681,0
1596160529.7503314,295.8989221446016,1.513873011200681,0
1596160529.7603314,297.6995641581514,1.513873011200681,0
1596160529.7703314,299.4998628489473,1.513873011200681,0
1596160529.7803314,301.29977530164507,1.513873011200681,0
1596160529.7903314,303.0987865321138,1.513873011200681,0
1596160529.8003314,304.90037268323687,1.513873011200681,0
1596160529.8103313,306.69951265973833,1.513873011200681,0
1596160529.8203313,308.5003263346651,1.513873011200681,0
1596160529.8303313,310.2990371577242,1.513873011200681,0
1596160529.8403313,312.099679171274,1.513873011200681,0
1596160529.8503313,313.8975316874483,1.513873011200681,0
1596160529.8603313,315.6971437327364,1.513873011200681,0
1596160529.8703313,317.50031775159624,1.513873011200681,0
1596160529.8803313,319.30005854291704,1.513873011200681,0
1596160529.8903313,321.09911268873003,1.513873011200681,0
1596160529.9003313,322.8981239191988,1.513873011200681,0
1596160529.9103312,324.6989805094698,1.513873011200681,0
1596160529.9203312,326.49979418439654,1.513873011200681,0
1596160529.9303312,328.2988054148653,1.513873011200681,0
1596160529.9403312,330.09781664533404,1.513873011200681,0
1596160529.9503312,331.8971711985567,1.513873011200681,0
1596160529.9603312,333.6981565348604,1.513873011200681,0
1596160529.9703312,335.49828356427935,1.513873011200681,0
1596160529.9803312,337.29759520215777,1.513873011200681,0
1596160529.9903312,339.0986234538057,1.513873011200681,0
1596160530.0003312,340.8990508906343,1.513873011200681,0
1596160530.0103312,342.6984483592012,1.513873011200681,0
1596160530.0203311,344.4991762034395,1.513873011200681,0
1596160530.0303311,346.3001615397432,1.513873011200681,0
1596160530.0403311,348.0984432093599,1.513873011200681,0
1596160530.050331,349.9004155985811,1.513873011200681,0
1596160530.060331,351.69809645337847,1.513873011200681,0
1596160530.070331,353.49981135053423,1.513873011200681,0
1596160530.080331,355.3003246180513,1.513873011200681,0
1596160530.090331,357.09933584852007,1.513873011200681,0
1596160530.100331,358.89959162397173,1.513873011200681,0
1596160530.1064658,360,1.513873011200681,1
1596160530.1064658,0,0,0
1596160530.1164658,1.8016290664672852,0,0
1596160530.1264658,3.6032581329345703,0,0
1596160530.1364658,5.400896072387695,0,0
1596160530.1464658,7.20304012298584,0,0
1596160530.1564658,9.001450538635254,0,0
1596160530.1664658,10.80282211303711,0,0
1596160530.1764657,12.60033130645752,0,0
1596160530.1864657,14.401016235351562,0,0
1596160530.1964657,16.20285987854004,0,0
1596160530.2064657,18.000197410583496,0,0
1596160530.2164657,19.800968170166016,0,0
1596160530.2264657,21.601266860961914,0,0
1596160530.2364657,23.403239250183105,0,0
1596160530.2464657,25.201778411865234,0,0
1596160530.2564657,27.00216293334961,0,0
1596160530.2664657,28.802032470703125,0,0
1596160530.2764657,30.60194492340088,0,0
1596160530.2864656,32.401041984558105,0,0
1596160530.2964656,34.200053215026855,0,0
1596160530.3064656,36.00215435028076,0,0
1596160530.3164656,37.80095100402832,0,0
1596160530.3264656,39.60189342498779,0,0
1596160530.3364656,41.40292167663574,0,0
1596160530.3464656,43.20090293884277,0,0
1596160530.3564656,45.0005578994751,0,0
1596160530.3664656,46.800127029418945,0,0
1596160530.3764656,48.60072612762451,0,0
1596160530.3864655,50.40231227874756,0,0
1596160530.3964655,52.20029354095459,0,0
1596160530.4064655,54.00230884552002,0,0
1596160530.4164655,55.80007553100586,0,0
1596160530.4264655,57.60251998901367,0,0
1596160530.4364655,59.40324783325195,0,0
1596160530.4464655,61.20058536529541,0,0
1596160530.4564655,62.999939918518066,0,0
1596160530.4664655,64.80264186859131,0,0
1596160530.4764655,66.6011381149292,0,0
1596160530.4864655,68.40075016021729,0,0
1596160530.4964654,70.20332336425781,0,0
1596160530.5064654,72.00164794921875,0,0
1596160530.5164654,73.80095958709717,0,0
1596160530.5264654,75.60112953186035,0,0
1596160530.5364654,77.40318775177002,0,0
1596160530.5404036,78.10880184173584,0,0
1596160530.5404036,78.10880184173584,0,0
1596160530.5464654,79.20073986053467,0,0
1596160530.5564654,81.00236892700195,0,0
1596160530.5664654,82.8015947341919,0,0
1596160530.5764654,84.60094928741455,0,0
1596160530.5864654,86.40219211578369,0,0
1596160530.5964653,88.20274829864502,0,0
1596160530.6064653,90.00085830688477,0,0
1596160530.6164653,91.80313110351562,0,0
1596160530.6264653,93.60106945037842,0,0
1596160530.6364653,95.40265560150146,0,0
1596160530.6464653,97.20102310180664,0,0
1596160530.6564653,99.0001630783081,0,0
1596160530.6664653,100.80089092254639,0,0
1596160530.6764653,102.600417137146,0,0
1596160530.6864653,104.40256118774414,0,0
1596160530.6964653,106.20114326477051,0,0
1596160530.7064652,108.00118446350098,0,0
1596160530.7164652,109.80268478393555,0,0
1596160530.7264652,111.6007947921753,0,0
1596160530.7364652,113.40006351470947,0,0
1596160530.7464652,115.20199298858643,0,0
1596160530.7564652,117.0018196105957,0,0
1596160530.7664652,118.8021183013916,0,0
1596160530.7764652,120.60310363769531,0,0
1596160530.7864652,122.40267276763916,0,0
1596160530.7964652,124.20048236846924,0,0
1596160530.8064651,126.00271224975586,0,0
1596160530.8164651,127.80180931091309,0,0
1596160530.8264651,129.60159301757812,0,0
1596160530.8364651,131.40133380889893,0,0
1596160530.846465,133.2024908065796,0,0
1596160530.856465,135.000901222229,0,0
1596160530.866465,136.8025302886963,0,0
1596160530.876465,138.60119819641113,0,0
1596160530.886465,140.40209770202637,0,0
1596160530.896465,142.20248222351074,0,0
1596160530.906465,144.00067806243896,0,0
1596160530.916465,145.80295085906982,0,0
1596160530.926465,147.60239124298096,0,0
1596160530.936465,149.4007158279419,0,0
1596160530.946465,151.20105743408203,0,0
1596160530.9543009,152.6103115081787,0,0
1596160530.9543009,152.6103115081787,0,0
1596160530.956465,153.0003261566162,0,0
1596160530.966465,154.8026418685913,0,0
1596160530.976465,156.6012668609619,0,0
1596160530.986465,158.4005355834961,0,0
1596160530.996465,160.20001888275146,0,0
1596160531.006465,162.00143337249756,0,0
1596160531.016465,163.79984378814697,0,0
1596160531.026465,165.6027603149414,0,0
1596160531.036465,167.40228652954102,0,0
1596160531.046465,169.20202732086182,0,0
1596160531.056465,171.0028839111328,0,0
1596160531.066465,172.8024959564209,0,0
1596160531.076465,174.60185050964355,0,0
1596160531.086465,176.40206336975098,0,0
1596160531.0964649,178.20120334625244,0,0
1596160531.1064649,180.00171661376953,0,0
1596160531.1164649,181.802659034729,0,0
1596160531.1264648,183.6031723022461,0,0
1596160531.1364648,185.40115356445312,0,0
1596160531.1464648,187.19995021820068,0,0
1596160531.1564648,189.00265216827393,0,0
1596160531.1664648,190.80153465270996,0,0
1596160531.1764648,192.6020050048828,0,0
1596160531.1864648,194.4010591506958,0,0
1596160531.1964648,196.20105743408203,0,0
1596160531.2064648,198.0024290084839,0,0
1596160531.2164648,199.80247020721436,0,0
1596160531.2264647,201.60233974456787,0,0
1596160531.2364647,203.40126514434814,0,0
1596160531.2393963,203.92749309539795,0,0
1596160531.2393963,203.92749309539795,0,0
1596160531.2464647,205.19997596740723,0,0
1596160531.2564647,207.00199127197266,0,0
1596160531.2664647,208.8004446029663,0,0
1596160531.2764647,210.60035705566406,0,0
1596160531.2864647,212.4025011062622,0,0
1596160531.2964647,214.20181274414062,0,0
1596160531.3064647,216.00116729736328,0,0
1596160531.3164647,217.80241012573242,0,0
1596160531.3264647,219.60004806518555,0,0
1596160531.3364646,221.40090465545654,0,0
1596160531.3464646,223.20141792297363,0,0
1596160531.3564646,225.00115871429443,0,0
1596160531.3664646,226.8030881881714,0,0
1596160531.3764646,228.60021114349365,0,0
1596160531.3864646,230.40008068084717,0,0
1596160531.3964646,232.2002935409546,0,0
1596160531.4064646,234.00179386138916,0,0
1596160531.4164646,235.79994678497314,0,0
1596160531.4264646,237.5999879837036,0,0
1596160531.4364645,239.40032958984375,0,0
1596160531.4464645,241.20221614837646,0,0
1596160531.4564645,243.00135612487793,0,0
1596160531.4664645,244.8011827468872,0,0
1596160531.4764645,246.59997940063477,0,0
1596160531.4864645,248.4014368057251,0,0
1596160531.4964645,250.20092010498047,0,0
1596160531.5064645,252.0009183883667,0,0
1596160531.5164645,253.8015604019165,0,0
1596160531.5264645,255.60001373291016,0,0
1596160531.5364645,257.4028015136719,0,0
1596160531.5464644,259.2016839981079,0,0
1596160531.5564644,261.00181102752686,0,0
1596160531.5664644,262.8028392791748,0,0
1596160531.5764644,264.5997905731201,0,0
1596160531.5864644,266.4030075073242,0,0
1596160531.5964644,268.2027053833008,0,0
1596160531.6064644,270.0028324127197,0,0
1596160531.6164644,271.80171489715576,0,0
1596160531.6264644,273.59986782073975,0,0
1596160531.6364644,275.40063858032227,0,0
1596160531.6464643,277.2017526626587,0,0
1596160531.6564643,279.00157928466797,0,0
1596160531.6664643,280.8015775680542,0,0
1596160531.6764643,282.6014471054077,0,0
1596160531.6864643,284.4017028808594,0,0
1596160531.6964643,286.2001132965088,0,0
1596160531.7064643,288.002986907959,0,0
1596160531.7164643,289.80101108551025,0,0
1596160531.7264643,291.60199642181396,0,0
1596160531.7364643,293.40259552001953,0,0
1596160531.7464643,295.2016067504883,0,0
1596160531.7520218,296.20007514953613,0,0
1596160531.7520218,296.20007514953613,0,0
1596160531.7564642,297.0028495788574,0,0
1596160531.7664642,298.8017749786377,0,0
1596160531.7764642,300.6009578704834,0,0
1596160531.7864642,302.4028015136719,0,0
1596160531.7964642,304.20048236846924,0,0
1596160531.8064642,306.0003089904785,0,0
1596160531.8164642,307.80107975006104,0,0
1596160531.8264642,309.6022367477417,0,0
1596160531.8364642,311.40081882476807,0,0
1596160531.8464642,313.20231914520264,0,0
1596160531.8564641,315.00197410583496,0,0
1596160531.8664641,316.800856590271,0,0
1596160531.8764641,318.6004686355591,0,0
1596160531.886464,320.4009819030762,0,0
1596160531.896464,322.20037937164307,0,0
1596160531.906464,324.0022659301758,0,0
1596160531.916464,325.80209255218506,0,0
1596160531.926464,327.60071754455566,0,0
1596160531.936464,329.40281867980957,0,0
1596160531.946464,331.2019157409668,0,0
1596160531.956464,333.00281524658203,0,0
1596160531.966464,334.800066947937,0,0
1596160531.976464,336.5999364852905,0,0
1596160531.986464,338.4030246734619,0,0
1596160531.996464,340.199933052063,0,0
1596160532.006464,342.0004892349243,0,0
1596160532.016464,343.80083084106445,0,0
1596160532.026464,345.60142993927,0,0
1596160532.036464,347.4029302597046,0,0
1596160532.046464,349.20129776000977,0,0
1596160532.056464,351.0018539428711,0,0
1596160532.066464,352.8008222579956,0,0
1596160532.076464,354.6005630493164,0,0
1596160532.086464,356.4012050628662,0,0
1596160532.096464,358.2027053833008,0,0
1596160532.106464,359.9998712539673,0,0
1596160532.1064868,360,0,1
1596160532.1064868,0,0,0
1596160532.1164868,257.49507801752947,1.4205174919091805,0
1596160532.1264868,259.2956342003908,1.4205174919091805,0
1596160532.1364868,261.09567539912126,1.4205174919091805,0
1596160532.1464868,262.89640324335954,1.4205174919091805,0
1596160532.1564867,264.69344036799333,1.4205174919091805,0
1596160532.1664867,266.49421112757585,1.4205174919091805,0
1596160532.1764867,268.2953681252565,1.4205174919091805,0
1596160532.1864867,270.0960959694948,1.4205174919091805,0
1596160532.1964867,271.89566509943865,1.4205174919091805,0
1596160532.2064867,273.696049620923,1.4205174919091805,0
1596160532.2164867,275.49390213709734,1.4205174919091805,0
1596160532.2264867,277.2956170342531,1.4205174919091805,0
1596160532.2364867,279.0957869790163,1.4205174919091805,0
1596160532.2464867,280.8961285851564,1.4205174919091805,0
1596160532.2564867,282.6939381859865,1.4205174919091805,0
1596160532.2664866,284.49380772334,1.4205174919091805,0
1596160532.2764866,286.29470722895525,1.4205174919091805,0
1596160532.2864866,288.0938472054567,1.4205174919091805,0
1596160532.2964866,289.8947896264162,1.4205174919091805,0
1596160532.3064866,291.6941012642946,1.4205174919091805,0
1596160532.3164866,293.4954299233522,1.4205174919091805,0
1596160532.3264866,295.29632942896745,1.4205174919091805,0
1596160532.3364866,297.0958127282228,1.4205174919091805,0
1596160532.3464866,298.89503853541277,1.4205174919091805,0
1596160532.3564866,300.6958522103395,1.4205174919091805,0
1596160532.3664865,302.49585049372575,1.4205174919091805,0
1596160532.3764865,304.29580586176775,1.4205174919091805,0
1596160532.3864865,306.09374420863054,1.4205174919091805,0
1596160532.3964865,307.8953303597536,1.4205174919091805,0
1596160532.4064865,309.6940840981569,1.4205174919091805,0
1596160532.4164865,311.4952840111818,1.4205174919091805,0
1596160532.4264865,313.2939948342409,1.4205174919091805,0
1596160532.4364865,315.094508101758,1.4205174919091805,0
1596160532.4464865,316.8936051629152,1.4205174919091805,0
1596160532.4564865,318.69381802302263,1.4205174919091805,0
1596160532.4664865,320.4933871529665,1.4205174919091805,0
1596160532.4764864,322.2949733040895,1.4205174919091805,0
1596160532.4864864,324.09552948695085,1.4205174919091805,0
1596160532.4964864,325.89617150050066,1.4205174919091805,0
1596160532.5064864,327.69410984736345,1.4205174919091805,0
1596160532.5164864,329.4959534905519,1.4205174919091805,0
1596160532.5264864,331.29311936121843,1.4205174919091805,0
1596160532.5364864,333.09333222132585,1.4205174919091805,0
1596160532.5464864,334.89418881159685,1.4205174919091805,0
1596160532.5564864,336.6948737404909,1.4205174919091805,0
1596160532.5664864,338.49603073817156,1.4205174919091805,0
1596160532.5764863,340.29598610621355,1.4205174919091805,0
1596160532.5864863,342.0936669610109,1.4205174919091805,0
1596160532.5964863,343.89392273646257,1.4205174919091805,0
1596160532.6064863,345.69422142725847,1.4205174919091805,0
1596160532.6164863,347.4963225625124,1.4205174919091805,0
1596160532.6264863,349.29481880885027,1.4205174919091805,0
1596160532.6364863,351.0941733620729,1.4205174919091805,0
1596160532.637138,351.21034519892595,1.4205174919091805,0
1596160532.637138,351.21034519892595,1.4205174919091805,0
1596160532.6464863,352.8951157830324,1.4205174919091805,0
1596160532.6564863,354.6963156960573,1.4205174919091805,0
1596160532.6664863,356.49464028101823,1.4205174919091805,0
1596160532.6764863,358.29373734217546,1.4205174919091805,0
1596160532.685972,360,1.4205174919091805,1
1596160532.685972,0,0,0
1596160532.695972,124.67626246093926,0.6826335143314035,0
1596160532.705972,126.47540243744072,0.6826335143314035,0
1596160532.715972,128.27505739807305,0.6826335143314035,0
1596160532.725972,130.07698687195,0.6826335143314035,0
1596160532.735972,131.87698515533623,0.6826335143314035,0
1596160532.745972,133.67458017944512,0.6826335143314035,0
1596160532.755972,135.47457846283135,0.6826335143314035,0
1596160532.765972,137.27732332824883,0.6826335143314035,0
1596160532.775972,139.07461794494805,0.6826335143314035,0
1596160532.7859719,140.8763328421038,0.6826335143314035,0
1596160532.7959719,142.6746145117205,0.6826335143314035,0
1596160532.8059719,144.4745698797625,0.6826335143314035,0
1596160532.8159719,146.2770143377703,0.6826335143314035,0
1596160532.8259718,148.07701262115654,0.6826335143314035,0
1596160532.8359718,149.87628134369072,0.6826335143314035,0
1596160532.8459718,151.67572172760185,0.6826335143314035,0
1596160532.8559718,153.47636374115166,0.6826335143314035,0
1596160532.8659718,155.27520331024346,0.6826335143314035,0
1596160532.8759718,157.07438620208916,0.6826335143314035,0
1596160532.8859718,158.87661608337578,0.6826335143314035,0
1596160532.8959718,160.6751552450579,0.6826335143314035,0
1596160532.9059718,162.47674139618096,0.6826335143314035,0
1596160532.9159718,164.27635344146904,0.6826335143314035,0
1596160532.9259717,166.07673796295342,0.6826335143314035,0
1596160532.9359717,167.8769079077166,0.6826335143314035,0
1596160532.9459717,169.67446001648125,0.6826335143314035,0
1596160532.9559717,171.47643240570244,0.6826335143314035,0
1596160532.9659717,173.27630194305596,0.6826335143314035,0
1596160532.9759717,175.07599981903252,0.6826335143314035,0
1596160532.9859717,176.87552603363213,0.6826335143314035,0
1596160532.9959717,178.67427977203545,0.6826335143314035,0
1596160533.0059717,180.47449263214287,0.6826335143314035,0
1596160533.0159717,182.27513464569267,0.6826335143314035,0
1596160533.0259717,184.0764633047503,0.6826335143314035,0
1596160533.0359716,185.875646196596,0.6826335143314035,0
1596160533.0459716,187.675601564638,0.6826335143314035,0
1596160533.0559716,189.4752565252703,0.6826335143314035,0
1596160533.0659716,191.27469690918144,0.6826335143314035,0
1596160533.0759716,193.0757251608294,0.6826335143314035,0
1596160533.0859716,194.8758092749041,0.6826335143314035,0
1596160533.0959716,196.6740909445208,0.6826335143314035,0
1596160533.1059716,198.47726496338066,0.6826335143314035,0
1596160533.1159716,200.2749029028338,0.6826335143314035,0
1596160533.1259716,202.07627447723564,0.6826335143314035,0
1596160533.1359715,203.87434157013115,0.6826335143314035,0
1596160533.1459715,205.67665728210625,0.6826335143314035,0
1596160533.1559715,207.47519644378838,0.6826335143314035,0
1596160533.1659715,209.2740789282244,0.6826335143314035,0
1596160533.1759715,211.07476385711846,0.6826335143314035,0
1596160533.1859715,212.87407549499687,0.6826335143314035,0
1596160533.1959715,214.67433127044853,0.6826335143314035,0
1596160533.2059715,216.4760461676043,0.6826335143314035,0
1596160533.2159715,218.27394159912285,0.6826335143314035,0
1596160533.2259715,220.0744119512957,0.6826335143314035,0
1596160533.228516,220.53197535156426,0.6826335143314035,0
1596160533.228516,220.53197535156426,0.6826335143314035,0
1596160533.2359715,221.87565477966484,0.6826335143314035,0
1596160533.2459714,223.67616804718193,0.6826335143314035,0
1596160533.2559714,225.47616633056816,0.6826335143314035,0
1596160533.2659714,227.27440508484062,0.6826335143314035,0
1596160533.2759714,229.0751329290789,0.6826335143314035,0
1596160533.2859714,230.87457331299004,0.6826335143314035,0
1596160533.2959714,232.67654570221123,0.6826335143314035,0
1596160533.3059714,234.47585734008965,0.6826335143314035,0
1596160533.3159714,236.2746539938372,0.6826335143314035,0
1596160533.3259714,238.0762830603045,0.6826335143314035,0
1596160533.3359714,239.87563761352715,0.6826335143314035,0
1596160533.3459713,241.67391928314385,0.6826335143314035,0
1596160533.3559713,243.47713621734795,0.6826335143314035,0
1596160533.3659713,245.27709158538994,0.6826335143314035,0
1596160533.3759713,247.0756736624163,0.6826335143314035,0
1596160533.3859713,248.87592943786797,0.6826335143314035,0
1596160533.3959713,250.67524107574638,0.6826335143314035,0
1596160533.4059713,252.4763551580828,0.6826335143314035,0
1596160533.4159713,254.2741647589129,0.6826335143314035,0
1596160533.4259713,256.07712420105156,0.6826335143314035,0
1596160533.4359713,257.8769079077166,0.6826335143314035,0
1596160533.4459713,259.6756187307757,0.6826335143314035,0
1596160533.4559712,261.4742866384905,0.6826335143314035,0
1596160533.4659712,263.2753148901385,0.6826335143314035,0
1596160533.4759712,265.0771156179827,0.6826335143314035,0
1596160533.4859712,266.87432440399346,0.6826335143314035,0
1596160533.4959712,268.674923502199,0.6826335143314035,0
1596160533.5059712,270.4762950766009,0.6826335143314035,0
1596160533.5159712,272.27625044464287,0.6826335143314035,0
1596160533.5259712,274.0759054052752,0.6826335143314035,0
1596160533.5359712,275.8762040960711,0.6826335143314035,0
1596160533.5459712,277.6740566122454,0.6826335143314035,0
1596160533.5559711,279.4761577474993,0.6826335143314035,0
1596160533.5659711,281.27649935363945,0.6826335143314035,0
1596160533.5759711,283.07679804443535,0.6826335143314035,0
1596160533.585971,284.877053819887,0.6826335143314035,0
1596160533.595971,286.675206743471,0.6826335143314035,0
1596160533.605971,288.4755054342669,0.6826335143314035,0
1596160533.615971,290.27528914093193,0.6826335143314035,0
1596160533.625971,292.07404287933525,0.6826335143314035,0
1596160533.635971,293.87678774475273,0.6826335143314035,0
1596160533.645971,295.67476900695976,0.6826335143314035,0
1596160533.655971,297.4766555654925,0.6826335143314035,0
1596160533.665971,299.27601011871513,0.6826335143314035,0
1596160533.675971,301.07678087829765,0.6826335143314035,0
1596160533.685971,302.8747621405047,0.6826335143314035,0
1596160533.695971,304.67626246093926,0.6826335143314035,0
1596160533.705971,306.47668989776787,0.6826335143314035,0
1596160533.715971,308.2765594351214,0.6826335143314035,0
1596160533.7248917,309.8795762884539,0.6826335143314035,0
1596160533.7248917,309.8795762884539,0.6826335143314035,0
1596160533.725971,310.0754419195574,0.6826335143314035,0
1596160533.735971,311.8743673193377,0.6826335143314035,0
1596160533.745971,313.67698343872246,0.6826335143314035,0
1596160533.755971,315.47505053161797,0.6826335143314035,0
1596160533.765971,317.2764221060198,0.6826335143314035,0
1596160533.775971,319.07483252166924,0.6826335143314035,0
1596160533.785971,320.8738866674822,0.6826335143314035,0
1596160533.795971,322.67500074981865,0.6826335143314035,0
1596160533.805971,324.4745698797625,0.6826335143314035,0
1596160533.815971,326.27594145416435,0.6826335143314035,0
1596160533.825971,328.0750385153216,0.6826335143314035,0
1596160533.8359709,329.8758951055926,0.6826335143314035,0
1596160533.8459709,331.67606505035576,0.6826335143314035,0
1596160533.8559709,333.4758487570208,0.6826335143314035,0
1596160533.8659708,335.2765766012591,0.6826335143314035,0
1596160533.8759708,337.07438620208916,0.6826335143314035,0
1596160533.8859708,338.87399824737724,0.6826335143314035,0
1596160533.8959708,340.6753698217791,0.6826335143314035,0
1596160533.9059708,342.47674139618096,0.6826335143314035,0
1596160533.9075108,342.7510133612078,0.6826335143314035,0
1596160533.9075108,342.7510133612078,0.6826335143314035,0
1596160533.9159708,344.2738643515032,0.6826335143314035,0
1596160533.9259708,346.0770383703631,0.6826335143314035,0
1596160533.9359708,347.8739896643084,0.6826335143314035,0
1596160533.9459708,349.6758762228411,0.6826335143314035,0
1596160533.9559708,351.4742866384905,0.6826335143314035,0
1596160533.9659708,353.27441366790947,0.6826335143314035,0
1596160533.9759707,355.0756135809344,0.6826335143314035,0
1596160533.9859707,356.8761697637957,0.6826335143314035,0
1596160533.9959707,358.67706926941094,0.6826335143314035,0
1596160534.0033395,360,0.6826335143314035,1
1596160534.0033395,0,0,0
1596160534.0133395,307.2862728460623,1.6971311878407402,0
1596160534.0233395,309.0840395315481,1.6971311878407402,0
1596160534.0333395,310.88661273558864,1.6971311878407402,0
1596160534.0433395,312.6865251882864,1.6971311878407402,0
1596160534.0533395,314.4861801489187,1.6971311878407402,0
1596160534.0633395,316.2849768026663,1.6971311878407402,0
1596160534.0733395,318.08403094847927,1.6971311878407402,0
1596160534.0833395,319.88699039061794,1.6971311878407402,0
1596160534.0933394,321.6850145681692,1.6971311878407402,0
1596160534.1033394,323.4858711584402,1.6971311878407402,0
1596160534.1133394,325.2860411032034,1.6971311878407402,0
1596160534.1233394,327.0845802648855,1.6971311878407402,0
1596160534.1333394,328.8862951620413,1.6971311878407402,0
1596160534.1433394,330.6858642919851,1.6971311878407402,0
1596160534.1533394,332.48453219969997,1.6971311878407402,0
1596160534.1633394,334.2862041815115,1.6971311878407402,0
1596160534.1733394,336.0852583273245,1.6971311878407402,0
1596160534.1833394,337.88551410277614,1.6971311878407402,0
1596160534.1933393,339.6852119787527,1.6971311878407402,0
1596160534.2033393,341.48443778594265,1.6971311878407402,0
1596160534.2133393,343.28666766722927,1.6971311878407402,0
1596160534.2233393,345.08670886595974,1.6971311878407402,0
1596160534.2333393,346.88563426574,1.6971311878407402,0
1596160534.2433393,348.68430217345485,1.6971311878407402,0
1596160534.2533393,350.4867037161184,1.6971311878407402,0
1596160534.2633393,352.2839554174734,1.6971311878407402,0
1596160534.2733393,354.0847261770559,1.6971311878407402,0
1596160534.2833393,355.8844240530325,1.6971311878407402,0
1596160534.2933393,357.6858385427786,1.6971311878407402,0
1596160534.3033392,359.48394855101833,1.6971311878407402,0
1596160534.3062136,360,1.6971311878407402,1
1596160534.3062136,0,0,0
1596160534.3162136,1.802229881286621,0,0
1596160534.3262136,3.602571487426758,0,0
1596160534.3362136,5.402827262878418,0,0
1596160534.3462136,7.2019243240356445,0,0
1596160534.3562136,9.001922607421875,0,0
1596160534.3662136,10.800676345825195,0,0
1596160534.3762136,12.601618766784668,0,0
1596160534.3862135,14.401745796203613,0,0
1596160534.3962135,16.2028169631958,0,0
1596160534.4062135,18.00036907196045,0,0
1596160534.4162135,19.801268577575684,0,0
1596160534.4262135,21.602168083190918,0,0
1596160534.4362135,23.403239250183105,0,0
1596160534.4462135,25.20014762878418,0,0
1596160534.4562135,27.001562118530273,0,0
1596160534.4662135,28.80263328552246,0,0
1596160534.4762135,30.601258277893066,0,0
1596160534.4862134,32.40112781524658,0,0
1596160534.4962134,34.20095443725586,0,0
1596160534.5062134,36.00241184234619,0,0
1596160534.5162134,37.80198097229004,0,0
1596160534.5262134,39.60270881652832,0,0
1596160534.5362134,41.40339374542236,0,0
1596160534.5462134,43.201332092285156,0,0
1596160534.5562134,45.000128746032715,0,0
1596160534.5662134,46.801629066467285,0,0
1596160534.5762134,48.601927757263184,0,0
1596160534.5862134,50.40244102478027,0,0
1596160534.5962133,52.20046520233154,0,0
1596160534.6062133,54.00123596191406,0,0
1596160534.6162133,55.80226421356201,0,0
1596160534.6262133,57.60303497314453,0,0
1596160534.6362133,59.40088748931885,0,0
1596160534.6462133,61.20311737060547,0,0
1596160534.6562133,62.999939918518066,0,0
1596160534.6662133,64.80255603790283,0,0
1596160534.6762133,66.60272598266602,0,0
1596160534.6862133,68.40036392211914,0,0
1596160534.6962132,70.20237922668457,0,0
1596160534.7062132,72.00259208679199,0,0
1596160534.7162132,73.80053043365479,0,0
1596160534.7262132,75.60190200805664,0,0
1596160534.7362132,77.40194320678711,0,0
1596160534.7462132,79.20151233673096,0,0
1596160534.7562132,81.00030899047852,0,0
1596160534.7662132,82.8024959564209,0,0
1596160534.7762132,84.60073471069336,0,0
1596160534.7862132,86.40146255493164,0,0
1596160534.7962132,88.20047378540039,0,0
1596160534.8062131,90.00218868255615,0,0
1596160534.8162131,91.80201530456543,0,0
1596160534.8262131,93.60244274139404,0,0
1596160534.836213,95.40312767028809,0,0
1596160534.846213,97.20003604888916,0,0
1596160534.855106,98.80064964294434,0,0
1596160534.855106,98.80064964294434,0,0
1596160534.856213,99.00089263916016,0,0
1596160534.866213,100.7999038696289,0,0
1596160534.876213,102.60093212127686,0,0
1596160534.886213,104.40118789672852,0,0
1596160534.896213,106.2017011642456,0,0
1596160534.906213,108.00182819366455,0,0
1596160534.916213,109.80186939239502,0,0
1596160534.926213,111.60070896148682,0,0
1596160534.936213,113.4019947052002,0,0
1596160534.946213,115.20272254943848,0,0
1596160534.956213,117.00027465820312,0,0
1596160534.966213,118.80014419555664,0,0
1596160534.976213,120.60125827789307,0,0
1596160534.986213,122.40151405334473,0,0
1596160534.996213,124.20258522033691,0,0
