Type = Mirollor Strogatz (-ish),Function = Mirollor Strogatz,Refract = 0.1,Epsilon = 0.1,B = 5,Start_phase = 180
Timestamp,Phase,Offset,Ping?
1595820156.0000312,180,0,0
1595820156.0100472,181.80180072784424,1.0,0
1595820156.020051,183.60248565673828,1.0,0
1595820156.0300395,185.40042400360107,1.0,0
1595820156.0400457,187.2015380859375,1.0,0
1595820156.0500531,189.00286674499512,1.0,0
1595820156.0600548,190.80316543579102,1.0,0
1595820156.0700417,192.60080337524414,1.0,0
1595820156.080041,194.40067291259766,1.0,0
1595820156.0900462,196.20161533355713,1.0,0
1595820156.1000533,198.0029010772705,1.0,0
1595820156.110049,199.80212688446045,1.0,0
1595820156.1200435,201.6011381149292,1.0,0
1595820156.1300507,203.40242385864258,1.0,0
1595820156.140049,205.20212173461914,1.0,0
1595820156.1500504,207.0023775100708,1.0,0
1595820156.1600437,208.80117416381836,1.0,0
1595820156.17005,210.60228824615479,1.0,0
1595820156.180041,212.4006986618042,1.0,0
1595820156.1900532,214.20288562774658,1.0,0
1595820156.200053,216.00284099578857,1.0,0
1595820156.210054,217.80301094055176,1.0,0
1595820156.2200398,219.60047721862793,1.0,0
1595820156.2300391,221.40034675598145,1.0,0
1595820156.2400446,223.20133209228516,1.0,0
1595820156.2500372,225.0,1.0,0
1595820156.2600443,226.80128574371338,1.0,0
1595820156.270049,228.60214233398438,1.0,0
1595820156.2800486,230.40205478668213,1.0,0
1595820156.2900372,232.19999313354492,1.0,0
1595820156.3000524,234.0027379989624,1.0,0
1595820156.3100426,235.80097675323486,1.0,0
1595820156.3200548,237.60316371917725,1.0,0
1595820156.330043,239.4010591506958,1.0,0
1595820156.3400466,241.2017011642456,1.0,0
1595820156.3500526,243.0027723312378,1.0,0
1595820156.3600554,244.80328559875488,1.0,0
1595820156.370039,246.60032272338867,1.0,0
1595820156.380044,248.4012222290039,1.0,0
1595820156.3900404,250.20057678222656,1.0,0
1595820156.4000487,252.00207710266113,1.0,0
1595820156.4100506,253.80241870880127,1.0,0
1595820156.4200528,255.60280323028564,1.0,0
1595820156.4300473,257.4018144607544,1.0,0
1595820156.4400425,259.20095443725586,1.0,0
1595820156.4500544,261.003098487854,1.0,0
1595820156.4600484,262.8020238876343,1.0,0
1595820156.4700549,264.60318088531494,1.0,0
1595820156.4800515,266.40257835388184,1.0,0
1595820156.4900548,268.2031774520874,1.0,0
1595820156.500043,270.0010299682617,1.0,0
1595820156.5100462,271.8016290664673,1.0,0
1595820156.5200403,273.60055446624756,1.0,0
1595820156.530052,275.40265560150146,1.0,0
1595820156.5400472,277.20179557800293,1.0,0
1595820156.5500405,279.0005922317505,1.0,0
1595820156.5600533,280.8029079437256,1.0,0
1595820156.57004,282.6005029678345,1.0,0
1595820156.5800548,284.4031620025635,1.0,0
1595820156.5900395,286.20041370391846,1.0,0
1595820156.6000376,288.0000686645508,1.0,0
1595820156.6100488,289.8020839691162,1.0,0
1595820156.6200397,291.6004514694214,1.0,0
1595820156.6300416,293.4007930755615,1.0,0
1595820156.640048,295.2019500732422,1.0,0
1595820156.6500401,297.00053215026855,1.0,0
1595820156.660044,298.8012170791626,1.0,0
1595820156.6700544,300.6031036376953,1.0,0
1595820156.6800466,302.4016857147217,1.0,0
1595820156.6900432,304.2010831832886,1.0,0
1595820156.700045,306.0014247894287,1.0,0
1595820156.7100523,307.8027105331421,1.0,0
1595820156.720053,309.60283756256104,1.0,0
1595820156.730046,311.40159130096436,1.0,0
1595820156.7400541,313.2030487060547,1.0,0
1595820156.7500384,315.0002145767212,1.0,0
1595820156.760046,316.80158615112305,1.0,0
1595820156.7700496,318.60222816467285,1.0,0
1595820156.7800388,320.40029525756836,1.0,0
1595820156.790046,322.20158100128174,1.0,0
1595820156.8000436,324.0011501312256,1.0,0
1595820156.81004,325.80050468444824,1.0,0
1595820156.8200426,327.6009750366211,1.0,0
1595820156.8300438,329.4011878967285,1.0,0
1595820156.8400433,331.20110034942627,1.0,0
1595820156.8500443,333.00127029418945,1.0,0
1595820156.8600545,334.80311393737793,1.0,0
1595820156.870053,336.60285472869873,1.0,0
1595820156.8800461,338.40160846710205,1.0,0
1595820156.8900476,340.2018642425537,1.0,0
1595820156.9000437,342.00117588043213,1.0,0
1595820156.910044,343.8012170791626,1.0,0
1595820156.9200416,345.60078620910645,1.0,0
1595820156.9300416,347.4007844924927,1.0,0
1595820156.9400525,349.20275688171387,1.0,0
1595820156.950055,351.0031843185425,1.0,0
1595820156.9600499,352.8022813796997,1.0,0
1595820156.9700484,354.6020221710205,1.0,0
1595820156.980041,356.40069007873535,1.0,0
1595820156.9900515,358.20257663726807,1.0,0
1595820157.0000496,360,1.0,1
1595820157.0000496,0,0,0
1595820157.010066,1.8029594421386719,0,0
1595820157.0200615,3.602142333984375,0,0
1595820157.0300567,5.40128231048584,0,0
1595820157.0400565,7.201237678527832,0,0
1595820157.05006,9.001879692077637,0,0
1595820157.060066,10.802950859069824,0,0
1595820157.0700603,12.601919174194336,0,0
1595820157.080067,14.403119087219238,0,0
1595820157.0900629,16.202387809753418,0,0
1595820157.1000514,18.00032615661621,0,0
1595820157.1100614,19.80212688446045,0,0
1595820157.1200616,21.602168083190918,0,0
1595820157.1300592,23.401737213134766,0,0
1595820157.1400595,25.201778411865234,0,0
1595820157.1500561,27.00117588043213,0,0
1595820157.1600623,28.802289962768555,0,0
1595820157.1700666,30.603060722351074,0,0
1595820157.1800594,32.401771545410156,0,0
1595820157.190064,34.202585220336914,0,0
1595820157.2000506,36.0001802444458,0,0
1595820157.2100675,37.80322551727295,0,0
1595820157.220063,39.60240840911865,0,0
1595820157.230063,41.40240669250488,0,0
1595820157.2400653,43.202834129333496,0,0
1595820157.250064,45.0025749206543,0,0
1595820157.2600622,46.80227279663086,0,0
1595820157.2700603,48.601927757263184,0,0
1595820157.2800522,50.40046691894531,0,0
1595820157.2900555,52.20106601715088,0,0
1595820157.3000596,54.00179386138916,0,0
1595820157.31006,55.80187797546387,0,0
1595820157.3200636,57.60251998901367,0,0
1595820157.3300672,59.40316200256348,0,0
1595820157.3400564,61.201229095458984,0,0
1595820157.3452215,62.13094711303711,0,0
1595820157.3452215,104.02086651710019,0.23272177446701714,0
1595820157.3500512,104.89020264533505,0.23272177446701714,0
1595820157.360055,106.6908875742291,0.23272177446701714,0
1595820157.370051,108.49015629676327,0.23272177446701714,0
1595820157.380055,110.29088414100156,0.23272177446701714,0
1595820157.3900654,112.09277069953427,0.23272177446701714,0
1595820157.400055,113.89088070777402,0.23272177446701714,0
1595820157.4100647,115.69263852027402,0.23272177446701714,0
1595820157.4200602,117.49182141211972,0.23272177446701714,0
1595820157.4300642,119.292549256358,0.23272177446701714,0
1595820157.4400523,121.09040177253232,0.23272177446701714,0
1595820157.4500654,122.89276039985165,0.23272177446701714,0
1595820157.460054,124.69069874671445,0.23272177446701714,0
1595820157.4700596,126.4917269983624,0.23272177446701714,0
1595820157.4800491,128.28983700660214,0.23272177446701714,0
1595820157.4900606,130.0918952265118,0.23272177446701714,0
1595820157.5000615,131.892065171275,0.23272177446701714,0
1595820157.5100603,133.69184887794003,0.23272177446701714,0
1595820157.520053,135.49051678565488,0.23272177446701714,0
1595820157.530052,137.29034340766415,0.23272177446701714,0
1595820157.540061,139.09197247413144,0.23272177446701714,0
1595820157.5500522,140.89038288978085,0.23272177446701714,0
1595820157.5600593,142.69166863349423,0.23272177446701714,0
1595820157.5700495,144.4899073877667,0.23272177446701714,0
1595820157.5800545,146.29080689338193,0.23272177446701714,0
1595820157.590057,148.09123433021054,0.23272177446701714,0
1595820157.6000562,149.89110386756406,0.23272177446701714,0
1595820157.6100652,151.69273293403134,0.23272177446701714,0
1595820157.6200607,153.49191582587704,0.23272177446701714,0
1595820157.6300626,155.29225743201718,0.23272177446701714,0
1595820157.6400583,157.09148323920712,0.23272177446701714,0
1595820157.6500611,158.8919965067242,0.23272177446701714,0
1595820157.6600676,160.69315350440488,0.23272177446701714,0
1595820157.670061,162.49199307349667,0.23272177446701714,0
1595820157.6800666,164.29297840980038,0.23272177446701714,0
1595820157.690058,166.09143174079404,0.23272177446701714,0
1595820157.700061,167.89198792365536,0.23272177446701714,0
1595820157.7100658,169.69284451392636,0.23272177446701714,0
1595820157.7200491,171.4898387232159,0.23272177446701714,0
1595820157.7300613,173.2920256891583,0.23272177446701714,0
1595820157.7400548,175.0908652582501,0.23272177446701714,0
1595820157.7500532,176.89056313422665,0.23272177446701714,0
1595820157.7600567,178.69120514777646,0.23272177446701714,0
1595820157.7700558,180.49103176978574,0.23272177446701714,0
1595820157.7800622,182.2921887674664,0.23272177446701714,0
1595820157.7900531,184.09055626777157,0.23272177446701714,0
1595820157.800055,185.8908978739117,0.23272177446701714,0
1595820157.8100646,187.69261277106747,0.23272177446701714,0
1595820157.8200533,189.4905940332745,0.23272177446701714,0
1595820157.8300588,191.29157936957822,0.23272177446701714,0
1595820157.8400557,193.09101975348935,0.23272177446701714,0
1595820157.8500607,194.89191925910458,0.23272177446701714,0
1595820157.8600647,196.69264710334286,0.23272177446701714,0
1595820157.8700545,198.49080002692685,0.23272177446701714,0
1595820157.88006,200.29178536323056,0.23272177446701714,0
1595820157.8900557,202.0910111704205,0.23272177446701714,0
1595820157.9000595,203.89169609931454,0.23272177446701714,0
1595820157.9100604,205.69186604407773,0.23272177446701714,0
1595820157.9200501,207.4900189676617,0.23272177446701714,0
1595820157.9300647,209.29263508704648,0.23272177446701714,0
1595820157.940054,211.09070217994199,0.23272177446701714,0
1595820157.9500542,212.89074337867245,0.23272177446701714,0
1595820157.9600637,214.69245827582822,0.23272177446701714,0
1595820157.97005,216.49001038459286,0.23272177446701714,0
1595820157.9800673,218.29309857276425,0.23272177446701714,0
1595820157.990064,220.09249604133115,0.23272177446701714,0
1595820158.0000648,221.89266598609433,0.23272177446701714,0
1595820158.0100572,223.69129097846493,0.23272177446701714,0
1595820158.0200539,225.49068844703183,0.23272177446701714,0
1595820158.0300531,227.29055798438534,0.23272177446701714,0
1595820158.04005,229.08999836829648,0.23272177446701714,0
1595820158.050064,230.89252865699277,0.23272177446701714,0
1595820158.0600576,232.69136822608456,0.23272177446701714,0
1595820158.0700645,234.4926110544537,0.23272177446701714,0
1595820158.0800543,236.2907639780377,0.23272177446701714,0
1595820158.0900528,238.0905047693585,0.23272177446701714,0
1595820158.1000621,239.89217675117,0.23272177446701714,0
1595820158.1100583,241.69148838904843,0.23272177446701714,0
1595820158.12006,243.49178707984433,0.23272177446701714,0
1595820158.130058,245.29144204047665,0.23272177446701714,0
1595820158.1400633,247.09238446143613,0.23272177446701714,0
1595820158.1500492,248.8898507395123,0.23272177446701714,0
1595820158.1600535,250.69062149909482,0.23272177446701714,0
1595820158.1700563,252.4911347666119,0.23272177446701714,0
1595820158.1800508,254.29014599708066,0.23272177446701714,0
1595820158.1900523,256.09040177253235,0.23272177446701714,0
1595820158.2000604,257.8918591776227,0.23272177446701714,0
1595820158.210067,259.6930590906476,0.23272177446701714,0
1595820158.2200587,261.49155533698547,0.23272177446701714,0
1595820158.230052,263.29035199073303,0.23272177446701714,0
1595820158.2400606,265.09189522651184,0.23272177446701714,0
1595820158.250065,266.8927089014386,0.23272177446701714,0
1595820158.2600608,268.69193470862854,0.23272177446701714,0
1595820158.2700624,270.49223339942444,0.23272177446701714,0
1595820158.2800536,272.29064381507385,0.23272177446701714,0
1595820158.290052,274.0903416910504,0.23272177446701714,0
1595820158.3000584,275.8914986887311,0.23272177446701714,0
1595820158.3100674,277.69312775519836,0.23272177446701714,0
1595820158.320066,279.49286854651916,0.23272177446701714,0
1595820158.330062,281.29213726905334,0.23272177446701714,0
1595820158.3400633,283.092393044505,0.23272177446701714,0
1595820158.350052,284.89037430671203,0.23272177446701714,0
1595820158.3600674,286.6931191721295,0.23272177446701714,0
1595820158.3700523,288.49041378882873,0.23272177446701714,0
1595820158.3800502,290.2900258341168,0.23272177446701714,0
1595820158.3900511,292.09019577888,0.23272177446701714,0
1595820158.4000578,293.8913956919049,0.23272177446701714,0
1595820158.4100611,295.69199479011047,0.23272177446701714,0
1595820158.4200659,297.49285138038147,0.23272177446701714,0
1595820158.4300594,299.29169094947326,0.23272177446701714,0
1595820158.4400666,301.09297669318664,0.23272177446701714,0
1595820158.4500551,302.89091504004944,0.23272177446701714,0
1595820158.4600656,304.69280159858215,0.23272177446701714,0
1595820158.4700603,306.49185574439514,0.23272177446701714,0
1595820158.4800549,308.2908669748639,0.23272177446701714,0
1595820158.490058,310.0914231577252,0.23272177446701714,0
1595820158.5000546,311.8908206262921,0.23272177446701714,0
1595820158.5100517,313.6903039255475,0.23272177446701714,0
1595820158.5200546,315.4908171930646,0.23272177446701714,0
1595820158.5300558,317.291030053172,0.23272177446701714,0
1595820158.5400546,319.09081375983703,0.23272177446701714,0
1595820158.5500607,320.89192784217346,0.23272177446701714,0
1595820158.5600486,322.68973744300354,0.23272177446701714,0
1595820158.5700502,324.49003613379944,0.23272177446701714,0
1595820158.5800574,326.2913218775128,0.23272177446701714,0
1595820158.5900657,328.0928221979474,0.23272177446701714,0
1595820158.6000519,329.8903313913678,0.23272177446701714,0
1595820158.6100614,331.69204628852356,0.23272177446701714,0
1595820158.6200662,333.49290287879455,0.23272177446701714,0
1595820158.6300526,335.2904549875592,0.23272177446701714,0
1595820158.640067,337.09307110694397,0.23272177446701714,0
1595820158.6500633,338.8923827448224,0.23272177446701714,0
1595820158.6600547,340.69083607581604,0.23272177446701714,0
1595820158.6700637,342.4924651422833,0.23272177446701714,0
1595820158.6800506,344.29010308173645,0.23272177446701714,0
1595820158.6900613,346.0920325556134,0.23272177446701714,0
1595820158.700052,347.89035714057434,0.23272177446701714,0
1595820158.7100585,349.691514138255,0.23272177446701714,0
1595820158.7200658,351.4928427973126,0.23272177446701714,0
1595820158.7300506,353.2900944986676,0.23272177446701714,0
1595820158.7400541,355.0907365122174,0.23272177446701714,0
1595820158.7500515,356.890262726817,0.23272177446701714,0
1595820158.760052,358.6903468408917,0.23272177446701714,0
1595820158.7673445,360,0.23272177446701714,1
1595820158.7673445,0,0,0
1595820158.7773633,1.8033885955810547,0,0
1595820158.7873573,3.602313995361328,0,0
1595820158.7973588,5.402569770812988,0,0
1595820158.8073583,7.202482223510742,0,0
1595820158.8173637,9.003467559814453,0,0
1595820158.8273635,10.803422927856445,0,0
1595820158.8373609,12.602949142456055,0,0
1595820158.847354,14.401702880859375,0,0
1595820158.857362,16.203160285949707,0,0
1595820158.8673518,18.00131320953369,0,0
1595820158.877357,19.802255630493164,0,0
1595820158.8873503,21.601052284240723,0,0
1595820158.897354,23.401694297790527,0,0
1595820158.9073544,25.201778411865234,0,0
1595820158.9173608,27.0029354095459,0,0
1595820158.9273546,28.801817893981934,0,0
1595820158.9373455,30.60018539428711,0,0
1595820158.947363,32.403316497802734,0,0
1595820158.9573467,34.20039653778076,0,0
1595820158.9673462,36.000308990478516,0,0
1595820158.9773455,37.80017852783203,0,0
1595820158.9873526,39.60146427154541,0,0
1595820158.9973505,41.401076316833496,0,0
1595820159.007351,43.2011604309082,0,0
1595820159.0173454,45.00017166137695,0,0
1595820159.0273492,46.800856590270996,0,0
1595820159.0373619,48.603129386901855,0,0
1595820159.0473444,50.39999485015869,0,0
1595820159.0573492,52.20085144042969,0,0
1595820159.067346,54.00029182434082,0,0
1595820159.0773633,55.80338001251221,0,0
1595820159.0873528,57.60149002075195,0,0
1595820159.0973547,59.40183162689209,0,0
1595820159.107361,61.202988624572754,0,0
1595820159.1173542,63.001742362976074,0,0
1595820159.1273565,64.80216979980469,0,0
1595820159.1373606,66.60289764404297,0,0
1595820159.1473637,68.4034538269043,0,0
1595820159.1573455,70.20019054412842,0,0
1595820159.1673589,72.00259208679199,0,0
1595820159.177361,73.80297660827637,0,0
1595820159.1873488,75.60078620910645,0,0
1595820159.1973445,77.40001201629639,0,0
1595820159.2073476,79.20056819915771,0,0
1595820159.2173467,81.00039482116699,0,0
1595820159.2273448,82.80004978179932,0,0
1595820159.2373629,84.60330963134766,0,0
1595820159.24736,86.40279293060303,0,0
1595820159.2573564,88.20214748382568,0,0
1595820159.2673447,90.00004291534424,0,0
1595820159.277358,91.80244445800781,0,0
1595820159.287345,93.60008239746094,0,0
1595820159.2973506,95.40111064910889,0,0
1595820159.307359,97.20261096954346,0,0
1595820159.31735,99.00097846984863,0,0
1595820159.3273542,100.80174922943115,0,0
1595820159.3373473,102.60050296783447,0,0
1595820159.3473468,104.40041542053223,0,0
1595820159.3573594,106.20268821716309,0,0
1595820159.3673482,108.00066947937012,0,0
1595820159.3773592,109.80264186859131,0,0
1595820159.3873503,111.60105228424072,0,0
1595820159.3973615,113.40306758880615,0,0
1595820159.4073613,115.20302295684814,0,0
1595820159.417362,117.00314998626709,0,0
1595820159.4273636,118.80344867706299,0,0
1595820159.437363,120.6033182144165,0,0
1595820159.4473603,122.40284442901611,0,0
1595820159.4573586,124.20254230499268,0,0
1595820159.467361,126.00296974182129,0,0
1595820159.4773474,127.80052185058594,0,0
1595820159.487347,129.6004343032837,0,0
1595820159.497351,131.40116214752197,0,0
1595820159.507361,133.2029628753662,0,0
1595820159.5173557,135.0020170211792,0,0
1595820159.5273516,136.80128574371338,0,0
1595820159.5373561,138.60209941864014,0,0
1595820159.5473568,140.40222644805908,0,0
1595820159.5573535,142.20162391662598,0,0
1595820159.5673482,144.00067806243896,0,0
1595820159.5773485,145.80071926116943,0,0
1595820159.5873594,147.60269165039062,0,0
1595820159.597357,149.40226078033447,0,0
1595820159.6073482,151.2006711959839,0,0
1595820159.617346,153.00028324127197,0,0
1595820159.6273603,154.8028564453125,0,0
1595820159.6373496,156.600923538208,0,0
1595820159.6473475,158.4005355834961,0,0
1595820159.6573455,160.20019054412842,0,0
1595820159.6673572,162.00229167938232,0,0
1595820159.6773622,163.80319118499756,0,0
1595820159.6873603,165.60284614562988,0,0
1595820159.6973443,167.39996910095215,0,0
1595820159.707349,169.20082569122314,0,0
1595820159.7173522,171.00138187408447,0,0
1595820159.7273557,172.80202388763428,0,0
1595820159.737359,174.60262298583984,0,0
1595820159.7473545,176.40180587768555,0,0
1595820159.757345,178.20008754730225,0,0
1595820159.7673569,180.0022315979004,0,0
1595820159.7773585,181.8025302886963,0,0
1595820159.78735,183.60098361968994,0,0
1595820159.7973597,185.40274143218994,0,0
1595820159.8073552,187.20192432403564,0,0
1595820159.8173459,189.00024890899658,0,0
1595820159.8273547,190.80183506011963,0,0
1595820159.8373532,192.60157585144043,0,0
1595820159.8473446,194.40002918243408,0,0
1595820159.8573487,196.20075702667236,0,0
1595820159.8673627,198.00328731536865,0,0
1595820159.8773484,199.8007106781006,0,0
1595820159.8873615,201.60306930541992,0,0
1595820159.897345,203.4001064300537,0,0
1595820159.9073448,205.2000617980957,0,0
1595820159.9173555,207.00199127197266,0,0
1595820159.9273498,208.80095958709717,0,0
1595820159.9373498,210.6009578704834,0,0
1595820159.947356,212.40207195281982,0,0
1595820159.9573462,214.20031070709229,0,0
1595820159.967359,216.00262641906738,0,0
1595820159.9773467,217.80039310455322,0,0
1595820159.9873576,219.6023654937744,0,0
1595820159.997354,221.40172004699707,0,0
1595820160.0073497,223.200945854187,0,0
1595820160.017353,225.00154495239258,0,0
1595820160.0273528,226.80150032043457,0,0
1595820160.0373442,228.59995365142822,0,0
1595820160.0473547,230.40184020996094,0,0
1595820160.0573518,232.2013235092163,0,0
1595820160.0673585,234.0025234222412,0,0
1595820160.0773618,235.80312252044678,0,0
1595820160.0873618,237.603120803833,0,0
1595820160.0973618,239.40311908721924,0,0
1595820160.1073563,241.202130317688,0,0
1595820160.1173449,243.00006866455078,0,0
1595820160.1273465,244.80036735534668,0,0
1595820160.1373596,246.60272598266602,0,0
1595820160.1473534,248.40160846710205,0,0
1595820160.1573486,250.20074844360352,0,0
1595820160.167353,252.00151920318604,0,0
1595820160.1773446,253.80001544952393,0,0
1595820160.187359,255.6026315689087,0,0
1595820160.197349,257.4008274078369,0,0
1595820160.2073617,259.2031002044678,0,0
1595820160.2173572,261.0022830963135,0,0
1595820160.2273536,262.80163764953613,0,0
1595820160.2373521,264.60137844085693,0,0
1595820160.247361,266.40296459198,0,0
1595820160.2573466,268.2003879547119,0,0
1595820160.267356,270.00205993652344,0,0
1595820160.277354,271.80171489715576,0,0
1595820160.2873535,273.6016273498535,0,0
1595820160.2973473,275.40050983428955,0,0
1595820160.3073473,277.2005081176758,0,0
1595820160.3173537,279.00166511535645,0,0
1595820160.3273623,280.80320835113525,0,0
1595820160.3373456,282.6002025604248,0,0
1595820160.3473446,284.4000291824341,0,0
1595820160.3573527,286.2014865875244,0,0
1595820160.3673568,288.0022144317627,0,0
1595820160.3773534,289.8016119003296,0,0
1595820160.387357,291.6022539138794,0,0
1595820160.39735,293.4010076522827,0,0
1595820160.4073532,295.20156383514404,0,0
1595820160.4173534,297.0016050338745,0,0
1595820160.427352,298.8013458251953,0,0
1595820160.437353,300.6015157699585,0,0
1595820160.4473517,302.40129947662354,0,0
1595820160.4573445,304.2000102996826,0,0
1595820160.467344,305.99992275238037,0,0
1595820160.4773598,307.8027534484863,0,0
1595820160.4873576,309.6023654937744,0,0
1595820160.4973617,311.4030933380127,0,0
1595820160.5073478,313.2006025314331,0,0
1595820160.5173516,315.00128746032715,0,0
1595820160.527357,316.80227279663086,0,0
1595820160.5373495,318.60089778900146,0,0
1595820160.5473585,320.40252685546875,0,0
1595820160.5573547,322.20183849334717,0,0
1595820160.5673506,324.00110721588135,0,0
1595820160.5773582,325.8024787902832,0,0
1595820160.587362,327.60316371917725,0,0
1595820160.5973501,329.40101623535156,0,0
1595820160.6073573,331.20230197906494,0,0
1595820160.617361,333.002986907959,0,0
1595820160.6273427,334.79968070983887,0,0
1595820160.6373498,336.60096645355225,0,0
1595820160.647357,338.4022521972656,0,0
1595820160.6573484,340.2007055282593,0,0
1595820160.6673481,342.00066089630127,0,0
1595820160.677343,343.79971504211426,0,0
1595820160.687362,345.60314655303955,0,0
1595820160.69735,347.40099906921387,0,0
1595820160.7073574,349.2023277282715,0,0
1595820160.7173445,351.00000858306885,0,0
1595820160.72735,352.80099391937256,0,0
1595820160.7373552,354.60193634033203,0,0
1595820160.7473528,356.4015054702759,0,0
1595820160.757353,358.20154666900635,0,0
1595820160.7673483,360,0,1
1595820160.7673483,0,0,0
1595820160.7773542,1.8010711669921875,0,0
1595820160.7873662,3.603215217590332,0,0
1595820160.7973542,5.401067733764648,0,0
1595820160.807358,7.201752662658691,0,0
1595820160.8173523,9.000720977783203,0,0
1595820160.827365,10.802993774414062,0,0
1595820160.8373582,12.601790428161621,0,0
1595820160.8473604,14.402174949645996,0,0
1595820160.857354,16.201014518737793,0,0
1595820160.8673537,18.000969886779785,0,0
1595820160.87736,19.80212688446045,0,0
1595820160.887367,21.60336971282959,0,0
1595820160.8973505,23.40040683746338,0,0
1595820160.9073608,25.202250480651855,0,0
1595820160.9173532,27.00087547302246,0,0
1595820160.9273667,28.803319931030273,0,0
1595820160.9373493,30.60018539428711,0,0
1595820160.9473581,32.401771545410156,0,0
1595820160.9573653,34.203057289123535,0,0
1595820160.9673617,36.00241184234619,0,0
1595820160.9773617,37.80241012573242,0,0
1595820160.987363,39.60266590118408,0,0
1595820160.9973533,41.40090465545654,0,0
1595820161.0073647,43.20296287536621,0,0
1595820161.0173662,45.00321865081787,0,0
1595820161.0273652,46.80304527282715,0,0
1595820161.0373545,48.601112365722656,0,0
1595820161.04735,50.40029525756836,0,0
1595820161.0573575,52.201666831970215,0,0
1595820161.067363,54.002652168273926,0,0
1595820161.0773592,55.801963806152344,0,0
1595820161.087348,57.599945068359375,0,0
1595820161.0973547,59.40114498138428,0,0
1595820161.1073525,61.20075702667236,0,0
1595820161.1173615,63.00238609313965,0,0
1595820161.1273565,64.80148315429688,0,0
1595820161.1373498,66.60027980804443,0,0
1595820161.1473613,68.4023380279541,0,0
1595820161.1573622,70.20250797271729,0,0
1595820161.1673613,72.00233459472656,0,0
1595820161.1773484,73.80001544952393,0,0
1595820161.1873493,75.60018539428711,0,0
1595820161.1973662,77.40323066711426,0,0
1595820161.2073588,79.2018985748291,0,0
1595820161.2173607,81.00224018096924,0,0
1595820161.2273667,82.80331134796143,0,0
1595820161.2373586,84.60185050964355,0,0
1595820161.2473645,86.40292167663574,0,0
1595820161.2573485,88.20004463195801,0,0
1595820161.2673628,90.00261783599854,0,0
1595820161.2773573,91.80162906646729,0,0
1595820161.2873554,93.60128402709961,0,0
1595820161.2973514,95.40055274963379,0,0
1595820161.3073552,97.20123767852783,0,0
1595820161.317355,99.00119304656982,0,0
1595820161.3273568,100.80153465270996,0,0
1595820161.3373601,102.60213375091553,0,0
1595820161.3473666,104.40329074859619,0,0
1595820161.3573656,106.20311737060547,0,0
1595820161.3673534,108.00092697143555,0,0
1595820161.377349,109.80010986328125,0,0
1595820161.3873496,111.6002368927002,0,0
1595820161.3973625,113.4025526046753,0,0
1595820161.4073634,115.20272254943848,0,0
1595820161.4173598,117.00207710266113,0,0
1595820161.427362,118.80246162414551,0,0
1595820161.4373515,120.60057163238525,0,0
1595820161.4473479,122.39992618560791,0,0
1595820161.4573586,124.20185565948486,0,0
1595820161.4673495,126.00022315979004,0,0
1595820161.4773655,127.80309677124023,0,0
1595820161.4873576,129.6016788482666,0,0
1595820161.4973614,131.40236377716064,0,0
1595820161.507362,133.20244789123535,0,0
1595820161.5173604,135.00218868255615,0,0
1595820161.5273666,136.80330276489258,0,0
1595820161.5373487,138.60008239746094,0,0
1595820161.5473533,140.4008960723877,0,0
1595820161.5573552,142.20123767852783,0,0
1595820161.5673497,144.00024890899658,0,0
1595820161.5773575,145.80166339874268,0,0
1595820161.587349,147.60011672973633,0,0
1595820161.597359,149.40191745758057,0,0
1595820161.6073632,151.2026882171631,0,0
1595820161.6173491,153.00015449523926,0,0
1595820161.6273634,154.80272769927979,0,0
1595820161.637364,156.6028118133545,0,0
1595820161.6473486,158.40006351470947,0,0
1595820161.6573477,160.19989013671875,0,0
1595820161.6673632,162.00267791748047,0,0
1595820161.6773624,163.80254745483398,0,0
1595820161.6873634,165.60271739959717,0,0
1595820161.6973486,167.40005493164062,0,0
1595820161.7073624,169.20254230499268,0,0
1595820161.7173536,171.0009527206421,0,0
1595820161.7273533,172.80090808868408,0,0
1595820161.737365,174.603009223938,0,0
1595820161.7473528,176.40081882476807,0,0
1595820161.7573571,178.2015895843506,0,0
1595820161.767357,180.00158786773682,0,0
1595820161.7773497,181.80025577545166,0,0
1595820161.7873623,183.60252857208252,0,0
1595820161.7973483,185.3999948501587,0,0
1595820161.8073628,187.20261096954346,0,0
1595820161.8173585,189.0018367767334,0,0
1595820161.8273642,190.80286502838135,0,0
1595820161.8373613,192.60234832763672,0,0
1595820161.8473616,194.4023895263672,0,0
1595820161.857359,196.2019157409668,0,0
1595820161.867365,198.00298690795898,0,0
1595820161.8773494,199.80019569396973,0,0
1595820161.8873503,201.6003656387329,0,0
1595820161.8973486,203.40006351470947,0,0
1595820161.907359,205.20190715789795,0,0
1595820161.9173598,207.00207710266113,0,0
1595820161.9273524,208.80074501037598,0,0
1595820161.9373546,210.60112953186035,0,0
1595820161.9473627,212.40258693695068,0,0
1595820161.9573486,214.20005321502686,0,0
1595820161.967361,216.00228309631348,0,0
1595820161.977363,217.80266761779785,0,0
1595820161.9873643,219.60288047790527,0,0
1595820161.9973562,221.4014196395874,0,0
1595820162.0073473,223.19983005523682,0,0
1595820162.0173564,225.0014591217041,0,0
1595820162.0273619,226.8024444580078,0,0
1595820162.0373566,228.6014986038208,0,0
1595820162.04735,230.40029525756836,0,0
1595820162.0573587,232.2018814086914,0,0
1595820162.067349,234.00012016296387,0,0
1595820162.0773535,235.80093383789062,0,0
1595820162.087362,237.60247707366943,0,0
1595820162.0973482,239.39998626708984,0,0
1595820162.107364,241.2028169631958,0,0
1595820162.117364,243.00281524658203,0,0
1595820162.127352,244.80066776275635,0,0
1595820162.137361,246.60229682922363,0,0
1595820162.147364,248.40281009674072,0,0
1595820162.1573496,250.20023345947266,0,0
1595820162.1673636,252.00276374816895,0,0
1595820162.1773584,253.80181789398193,0,0
1595820162.187356,255.60138702392578,0,0
1595820162.197361,257.402286529541,0,0
1595820162.2073567,259.20151233673096,0,0
1595820162.217358,261.0017681121826,0,0
1595820162.2273629,262.8026247024536,0,0
1595820162.2373588,264.6018934249878,0,0
1595820162.2473602,266.40214920043945,0,0
1595820162.2573593,268.20197582244873,0,0
1595820162.2673512,270.00051498413086,0,0
1595820162.2773626,271.8025732040405,0,0
1595820162.2873633,273.6027002334595,0,0
1595820162.2973495,275.4002094268799,0,0
1595820162.3073516,277.20059394836426,0,0
1595820162.3173492,279.0001630783081,0,0
1595820162.3273606,280.8022212982178,0,0
1595820162.337364,282.60282039642334,0,0
1595820162.3473644,284.40290451049805,0,0
1595820162.3573472,286.1998128890991,0,0
1595820162.367354,288.001012802124,0,0
1595820162.3773603,289.8021697998047,0,0
1595820162.3873575,291.60165309906006,0,0
1595820162.397353,293.40083599090576,0,0
1595820162.407365,295.20302295684814,0,0
1595820162.417347,296.99975967407227,0,0
1595820162.427364,298.80284786224365,0,0
1595820162.4373496,300.60022830963135,0,0
1595820162.4473495,302.4002265930176,0,0
1595820162.457351,304.20048236846924,0,0
1595820162.467364,306.0028409957886,0,0
1595820162.477364,307.8028392791748,0,0
1595820162.4873536,309.60094928741455,0,0
1595820162.4973502,311.40034675598145,0,0
1595820162.5073602,313.2021474838257,0,0
1595820162.5173497,315.00025749206543,0,0
1595820162.5273616,316.8024015426636,0,0
1595820162.5373528,318.600811958313,0,0
1595820162.5473604,320.40218353271484,0,0
1595820162.5573554,322.20128059387207,0,0
1595820162.5673506,324.00042057037354,0,0
1595820162.5773654,325.80307960510254,0,0
1595820162.5873575,327.6016616821289,0,0
1595820162.5973632,329.40268993377686,0,0
1595820162.6073472,331.1998128890991,0,0
1595820162.6173556,333.0013132095337,0,0
1595820162.6273484,334.8000240325928,0,0
1595820162.637347,336.5997648239136,0,0
1595820162.647358,338.40173721313477,0,0
1595820162.6573656,340.2031087875366,0,0
1595820162.6673472,341.9998025894165,0,0
1595820162.6773584,343.80181789398193,0,0
1595820162.6873615,345.60237407684326,0,0
1595820162.697355,347.40121364593506,0,0
1595820162.7073548,349.20116901397705,0,0
1595820162.7173555,351.001296043396,0,0
1595820162.7273495,352.80022144317627,0,0
1595820162.737347,354.5997476577759,0,0
1595820162.7473533,356.40090465545654,0,0
1595820162.7573614,358.2023620605469,0,0
1595820162.7673466,359.99969959259033,0,0
1595820162.7673693,360,0,1
1595820162.7673693,0,0,0
1595820162.7773824,1.802358627319336,0,0
1595820162.7873726,3.600597381591797,0,0
1595820162.7973862,5.403041839599609,0,0
1595820162.807373,7.200679779052734,0,0
1595820162.8173735,9.000763893127441,0,0
1595820162.8273726,10.800590515136719,0,0
1595820162.8373802,12.601962089538574,0,0
1595820162.8473864,14.403076171875,0,0
1595820162.8573856,16.202945709228516,0,0
1595820162.8673866,18.0031156539917,0,0
1595820162.877377,19.8013973236084,0,0
1595820162.8873868,21.6031551361084,0,0
1595820162.8973775,23.401479721069336,0,0
1595820162.9073792,25.201778411865234,0,0
1595820162.9173837,27.002592086791992,0,0
1595820162.927377,28.80138874053955,0,0
1595820162.9373703,30.60018539428711,0,0
1595820162.9473808,32.402071952819824,0,0
1595820162.9573843,34.20271396636963,0,0
1595820162.9673734,36.0007381439209,0,0
1595820162.9773881,37.8033971786499,0,0
1595820162.987384,39.60266590118408,0,0
1595820162.9973834,41.4025354385376,0,0
1595820163.007377,43.201375007629395,0,0
1595820163.0173774,45.0014591217041,0,0
1595820163.0273829,46.80244445800781,0,0
1595820163.0373778,48.60154151916504,0,0
1595820163.0473819,50.40226936340332,0,0
1595820163.0573847,52.20278263092041,0,0
1595820163.0673738,54.00080680847168,0,0
1595820163.077372,55.80050468444824,0,0
1595820163.0873816,57.602219581604004,0,0
1595820163.0973716,59.40041542053223,0,0
1595820163.1073768,61.2013578414917,0,0
1595820163.1173694,63.00002574920654,0,0
1595820163.127369,64.7999382019043,0,0
1595820163.1373699,66.60010814666748,0,0
1595820163.1473732,68.40070724487305,0,0
1595820163.1573758,70.2011775970459,0,0
1595820163.1673737,72.00078964233398,0,0
1595820163.177375,73.80104541778564,0,0
1595820163.1873772,75.60142993927002,0,0
1595820163.1973872,77.40323066711426,0,0
1595820163.207382,79.20228481292725,0,0
1595820163.2173688,80.99992275238037,0,0
1595820163.2273822,82.80232429504395,0,0
1595820163.2373755,84.6011209487915,0,0
1595820163.247383,86.40249252319336,0,0
1595820163.2573705,88.20021629333496,0,0
1595820163.2673757,90.00115871429443,0,0
1595820163.2773786,91.80167198181152,0,0
1595820163.287371,93.60029697418213,0,0
1595820163.2973711,95.4003381729126,0,0
1595820163.3073752,97.20106601715088,0,0
1595820163.3173828,99.00243759155273,0,0
1595820163.3273818,100.80226421356201,0,0
1595820163.3373878,102.6033353805542,0,0
1595820163.347386,104.40299034118652,0,0
1595820163.3573813,106.20217323303223,0,0
1595820163.367375,108.00101280212402,0,0
1595820163.3773737,109.80079650878906,0,0
1595820163.3873749,111.60100936889648,0,0
1595820163.3973782,113.40160846710205,0,0
1595820163.4073827,115.20242214202881,0,0
1595820163.4173806,117.0020341873169,0,0
1595820163.4273806,118.80203247070312,0,0
1595820163.4373784,120.60164451599121,0,0
1595820163.447371,122.40031242370605,0,0
1595820163.4573758,124.20116901397705,0,0
1595820163.4673777,126.00151062011719,0,0
1595820163.4773793,127.80180931091309,0,0
1595820163.4873805,129.6020221710205,0,0
1595820163.497383,131.40249252319336,0,0
1595820163.507371,133.20030212402344,0,0
1595820163.5173774,135.0014591217041,0,0
1595820163.527383,136.80248737335205,0,0
1595820163.5373776,138.6014986038208,0,0
1595820163.5473719,140.4004669189453,0,0
1595820163.5573723,142.20055103302002,0,0
1595820163.5673792,144.00179386138916,0,0
1595820163.577372,145.80050468444824,0,0
1595820163.587373,147.60067462921143,0,0
1595820163.597381,149.40213203430176,0,0
1595820163.6073866,151.20311737060547,0,0
1595820163.6173744,153.00092697143555,0,0
1595820163.627396,154.80483055114746,0,0
1595820163.637376,156.60122394561768,0,0
1595820163.6473846,158.40276718139648,0,0
1595820163.6573746,160.2009630203247,0,0
1595820163.6673744,162.0009183883667,0,0
1595820163.6773741,163.8008737564087,0,0
1595820163.6873758,165.6011724472046,0,0
1595820163.6973858,167.40297317504883,0,0
1595820163.7073958,169.20477390289307,0,0
1595820163.717378,171.00155353546143,0,0
1595820163.727386,172.80301094055176,0,0
1595820163.7373745,174.60094928741455,0,0
1595820163.7473712,176.40034675598145,0,0
1595820163.7573745,178.200945854187,0,0
1595820163.7673748,180.00098705291748,0,0
1595820163.7773716,181.8004274368286,0,0
1595820163.7873683,183.5998249053955,0,0
1595820163.7973778,185.40153980255127,0,0
1595820163.807387,187.2032117843628,0,0
1595820163.817388,189.00338172912598,0,0
1595820163.8273785,190.80166339874268,0,0
1595820163.8373806,192.60204792022705,0,0
1595820163.8473694,194.40002918243408,0,0
1595820163.8573852,196.20285987854004,0,0
1595820163.8673723,198.0005407333374,0,0
1595820163.8773725,199.80058193206787,0,0
1595820163.8873813,201.60216808319092,0,0
1595820163.897383,203.40246677398682,0,0
1595820163.907393,205.20426750183105,0,0
1595820163.917372,207.00048923492432,0,0
1595820163.9273875,208.80327701568604,0,0
1595820163.937387,210.6031894683838,0,0
1595820163.9473932,212.40430355072021,0,0
1595820163.9573717,214.200439453125,0,0
1595820163.9673762,216.00125312805176,0,0
1595820163.97737,217.8001356124878,0,0
1595820163.9873922,219.60412502288818,0,0
1595820163.9973822,221.4023208618164,0,0
1595820164.00738,223.2019329071045,0,0
1595820164.0173879,225.0033473968506,0,0
1595820164.0273902,226.8037748336792,0,0
1595820164.0373702,228.6001682281494,0,0
1595820164.047374,230.40085315704346,0,0
1595820164.0573704,232.2002077102661,0,0
1595820164.0673754,234.00110721588135,0,0
1595820164.0773802,235.80196380615234,0,0
1595820164.0873713,237.60037422180176,0,0
1595820164.0973763,239.401273727417,0,0
1595820164.1073694,241.2000274658203,0,0
1595820164.117373,243.00066947937012,0,0
1595820164.1273763,244.80126857757568,0,0
1595820164.1373777,246.60152435302734,0,0
1595820164.1473854,248.4028959274292,0,0
1595820164.1573732,250.20070552825928,0,0
1595820164.167377,252.00139045715332,0,0
1595820164.1773775,253.80147457122803,0,0
1595820164.1873915,255.60400485992432,0,0
1595820164.1973774,257.4014711380005,0,0
1595820164.207371,259.2003107070923,0,0
1595820164.2173748,261.0009956359863,0,0
1595820164.2273846,262.8027534484863,0,0
1595820164.2373722,264.60052013397217,0,0
1595820164.2473884,266.4034366607666,0,0
1595820164.257381,268.20210456848145,0,0
1595820164.2673826,270.00240325927734,0,0
1595820164.2773702,271.8001699447632,0,0
1595820164.2873712,273.60033988952637,0,0
1595820164.2973864,275.40308475494385,0,0
1595820164.3073845,277.2027397155762,0,0
1595820164.3173788,279.0017080307007,0,0
1595820164.327368,280.7997751235962,0,0
1595820164.337374,282.6008462905884,0,0
1595820164.3473961,284.40483570098877,0,0
1595820164.3573813,286.2021732330322,0,0
1595820164.36737,288.000111579895,0,0
1595820164.377375,289.80101108551025,0,0
1595820164.3873832,291.6025114059448,0,0
1595820164.3973794,293.40182304382324,0,0
1595820164.407375,295.2010488510132,0,0
1595820164.4173684,296.99984550476074,0,0
1595820164.427384,298.80263328552246,0,0
1595820164.4373827,300.6024169921875,0,0
1595820164.4473753,302.40108489990234,0,0
1595820164.4573731,304.20069694519043,0,0
1595820164.4673874,306.00327014923096,0,0
1595820164.477387,307.8031826019287,0,0
1595820164.487385,309.60283756256104,0,0
1595820164.4973867,311.40313625335693,0,0
1595820164.5073917,313.20403575897217,0,0
1595820164.5173726,315.00060081481934,0,0
1595820164.5273793,316.80180072784424,0,0
1595820164.5373876,318.6033010482788,0,0
1595820164.5473797,320.4018831253052,0,0
1595820164.5573823,322.202353477478,0,0
1595820164.567375,324.00102138519287,0,0
1595820164.5773742,325.8008909225464,0,0
1595820164.5873897,327.6036787033081,0,0
1595820164.5973778,329.4015312194824,0,0
1595820164.6073785,331.20165824890137,0,0
1595820164.6173823,333.0023431777954,0,0
1595820164.6273813,334.8021697998047,0,0
1595820164.6373737,336.6007947921753,0,0
1595820164.647379,338.40173721313477,0,0
1595820164.6573803,340.2019929885864,0,0
1595820164.667376,342.00121879577637,0,0
1595820164.6773684,343.799843788147,0,0
1595820164.6873753,345.6010866165161,0,0
1595820164.6973858,347.4029731750488,0,0
1595820164.7073908,349.20387268066406,0,0
1595820164.7173743,351.00090980529785,0,0
1595820164.727379,352.80176639556885,0,0
1595820164.7373838,354.60262298583984,0,0
1595820164.7473884,356.4034366607666,0,0
1595820164.757377,358.2013750076294,0,0
1595820164.767385,360,0,1
1595820164.767385,0,0,0
1595820164.7773883,1.8005990982055664,0,0
1595820164.7873936,3.601541519165039,0,0
1595820164.7973876,5.4004669189453125,0,0
1595820164.8073964,7.202053070068359,0,0
1595820164.817401,9.002866744995117,0,0
1595820164.8273866,10.80029010772705,0,0
1595820164.8374,12.602691650390625,0,0
1595820164.8473868,14.40032958984375,0,0
1595820164.8573947,16.201744079589844,0,0
1595820164.8673868,18.00032615661621,0,0
1595820164.877385,19.799981117248535,0,0
1595820164.8873885,21.60062313079834,0,0
1595820164.8973904,23.400964736938477,0,0
1595820164.9073894,25.200791358947754,0,0
1595820164.9173868,27.000317573547363,0,0
1595820164.9274035,28.803319931030273,0,0
1595820164.9374013,30.60293197631836,0,0
1595820164.9473884,32.40061283111572,0,0
1595820164.957401,34.20288562774658,0,0
1595820164.967396,36.00198268890381,0,0
1595820164.9774024,37.80313968658447,0,0
1595820164.9873958,39.60193634033203,0,0
1595820164.9973989,41.40249252319336,0,0
1595820165.007403,43.20322036743164,0,0
1595820165.017394,45.001630783081055,0,0
1595820165.0273929,46.801414489746094,0,0
1595820165.0373895,48.60081195831299,0,0
1595820165.0473895,50.40081024169922,0,0
1595820165.0573926,52.20136642456055,0,0
1595820165.0673945,54.001708030700684,0,0
1595820165.0773997,55.802650451660156,0,0
1595820165.0873907,57.60101795196533,0,0
1595820165.0974007,59.40281867980957,0,0
1595820165.1073937,61.20157241821289,0,0
1595820165.1173913,63.00114154815674,0,0
1595820165.1273882,64.80058193206787,0,0
1595820165.1373944,66.6016960144043,0,0
1595820165.1474001,68.40272426605225,0,0
1595820165.157398,70.20233631134033,0,0
1595820165.167396,72.00199127197266,0,0
1595820165.1773853,73.80005836486816,0,0
1595820165.1873899,75.60087203979492,0,0
1595820165.1973898,77.40087032318115,0,0
1595820165.2073874,79.200439453125,0,0
1595820165.2174034,81.0033130645752,0,0
1595820165.2274044,82.80348300933838,0,0
1595820165.2373955,84.6018934249878,0,0
1595820165.247388,86.4005184173584,0,0
1595820165.2573924,88.20133209228516,0,0
1595820165.2673929,90.00141620635986,0,0
1595820165.2773988,91.80248737335205,0,0
1595820165.2873883,93.6005973815918,0,0
1595820165.297395,95.4017972946167,0,0
1595820165.3073967,97.2020959854126,0,0
1595820165.3173945,99.00170803070068,0,0
1595820165.3273866,100.80029010772705,0,0
1595820165.3373957,102.60191917419434,0,0
1595820165.3473861,104.40020084381104,0,0
1595820165.3573892,106.20075702667236,0,0
1595820165.3673997,108.00264358520508,0,0
1595820165.3773985,109.80242729187012,0,0
1595820165.3873854,111.60006523132324,0,0
1595820165.3973906,113.40100765228271,0,0
1595820165.407399,115.20250797271729,0,0
1595820165.4173987,117.00246334075928,0,0
1595820165.4274037,118.80336284637451,0,0
1595820165.4373918,120.60121536254883,0,0
1595820165.4473946,122.40172863006592,0,0
1595820165.45739,124.20091152191162,0,0
1595820165.4673865,126.00026607513428,0,0
1595820165.4773953,127.80185222625732,0,0
1595820165.4873967,129.60210800170898,0,0
1595820165.497397,131.40214920043945,0,0
1595820165.5074008,133.2028341293335,0,0
1595820165.5174024,135.0031328201294,0,0
1595820165.5273952,136.80184364318848,0,0
1595820165.5373845,138.59991073608398,0,0
1595820165.5473924,140.40132522583008,0,0
1595820165.5573876,142.20046520233154,0,0
1595820165.5673933,144.0014934539795,0,0
1595820165.5773876,145.800461769104,0,0
1595820165.587389,147.60071754455566,0,0
1595820165.597392,149.401273727417,0,0
1595820165.6073937,151.2015724182129,0,0
1595820165.6173947,153.00174236297607,0,0
1595820165.627403,154.80324268341064,0,0
1595820165.6374004,156.60276889801025,0,0
1595820165.647403,158.4032392501831,0,0
1595820165.6574008,160.2028512954712,0,0
1595820165.667403,162.00323581695557,0,0
1595820165.6774023,163.80310535430908,0,0
1595820165.6874015,165.6029748916626,0,0
1595820165.697393,167.40142822265625,0,0
1595820165.7073917,169.2012119293213,0,0
1595820165.7173874,171.00043773651123,0,0
1595820165.7273962,172.80202388763428,0,0
1595820165.737402,174.60305213928223,0,0
1595820165.7473965,176.40206336975098,0,0
1595820165.757402,178.2030487060547,0,0
1595820165.7674034,180.00330448150635,0,0
1595820165.777393,181.80145740509033,0,0
1595820165.7873964,183.6020565032959,0,0
1595820165.7973948,185.40175437927246,0,0
1595820165.8073962,187.20201015472412,0,0
1595820165.8173869,189.00033473968506,0,0
1595820165.8274,190.8026933670044,0,0
1595820165.837398,192.60234832763672,0,0
1595820165.8474007,194.40281867980957,0,0
1595820165.857392,196.20127201080322,0,0
1595820165.8673985,198.0024290084839,0,0
1595820165.8773916,199.8011827468872,0,0
1595820165.8874004,201.60276889801025,0,0
1595820165.8973892,203.40075016021729,0,0
1595820165.9073937,205.20156383514404,0,0
1595820165.9173903,207.00096130371094,0,0
1595820165.9273925,208.8013458251953,0,0
1595820165.937395,210.60181617736816,0,0
1595820165.9473994,212.40258693695068,0,0
1595820165.9573927,214.20138359069824,0,0
1595820165.9673953,216.0018539428711,0,0
1595820165.9773946,217.8017234802246,0,0
1595820165.9873848,219.59996223449707,0,0
1595820165.9973862,221.40021800994873,0,0
1595820166.007403,223.20322036743164,0,0
1595820166.017387,225.0003433227539,0,0
1595820166.0273845,226.79991245269775,0,0
1595820166.037389,228.6007261276245,0,0
1595820166.047392,230.4012393951416,0,0
1595820166.0573907,232.20102310180664,0,0
1595820166.0673993,234.00256633758545,0,0
1595820166.0773854,235.80007553100586,0,0
1595820166.087393,237.60144710540771,0,0
1595820166.0973883,239.40058708190918,0,0
1595820166.1073887,241.2006711959839,0,0
1595820166.1173863,243.00024032592773,0,0
1595820166.1273973,244.80221271514893,0,0
1595820166.1373909,246.60105228424072,0,0
1595820166.147403,248.4032392501831,0,0
1595820166.1573904,250.2009630203247,0,0
1595820166.1673896,252.00083255767822,0,0
1595820166.1773865,253.80027294158936,0,0
1595820166.1874015,255.6029748916626,0,0
1595820166.197391,257.40108489990234,0,0
1595820166.2074022,259.2031002044678,0,0
1595820166.2173986,261.00245475769043,0,0
1595820166.2273922,262.8012943267822,0,0
1595820166.237397,264.6021509170532,0,0
1595820166.2473888,266.40069007873535,0,0
1595820166.2573857,268.2001304626465,0,0
1595820166.2673955,270.0018882751465,0,0
1595820166.2773945,271.80171489715576,0,0
1595820166.2873912,273.60111236572266,0,0
1595820166.29739,275.4008960723877,0,0
1595820166.3074026,277.20316886901855,0,0
1595820166.3173869,279.00033473968506,0,0
1595820166.3273942,280.8016633987427,0,0
1595820166.3373914,282.60114669799805,0,0
1595820166.347384,284.3998146057129,0,0
1595820166.3573937,286.2015724182129,0,0
1595820166.3673847,287.99993991851807,0,0
1595820166.3773959,289.8019552230835,0,0
1595820166.3874,291.6026830673218,0,0
1595820166.3973844,293.3998918533325,0,0
1595820166.4074023,295.2031087875366,0,0
1595820166.417392,297.0012617111206,0,0
1595820166.4273925,298.8013458251953,0,0
1595820166.437396,300.6019878387451,0,0
1595820166.4473941,302.40164279937744,0,0
1595820166.457393,304.2014265060425,0,0
1595820166.4673905,306.0009956359863,0,0
1595820166.477395,307.8018093109131,0,0
1595820166.4873872,309.60039138793945,0,0
1595820166.4973848,311.3999605178833,0,0
1595820166.5074015,313.2029628753662,0,0
1595820166.5173862,315.0002145767212,0,0
1595820166.5273929,316.8014144897461,0,0
1595820166.5373878,318.6005115509033,0,0
1595820166.5474002,320.40274143218994,0,0
1595820166.5573928,322.2014093399048,0,0
1595820166.567394,324.0016222000122,0,0
1595820166.5773938,325.8015775680542,0,0
1595820166.587384,327.59981632232666,0,0
1595820166.5974,329.40268993377686,0,0
1595820166.6074,331.2026882171631,0,0
1595820166.617388,333.0005407333374,0,0
1595820166.6273992,334.80255603790283,0,0
1595820166.6373951,336.601824760437,0,0
1595820166.6473858,338.40014934539795,0,0
1595820166.6574001,340.2027225494385,0,0
1595820166.667402,342.0030641555786,0,0
1595820166.6773877,343.80048751831055,0,0
1595820166.6874,345.60271739959717,0,0
1595820166.697402,347.4030590057373,0,0
1595820166.7073944,349.2016839981079,0,0
1595820166.7173905,351.0009956359863,0,0
1595820166.7273974,352.80223846435547,0,0
1595820166.7373934,354.60150718688965,0,0
1595820166.747392,356.40124797821045,0,0
1595820166.7573884,358.2006025314331,0,0
1595820166.7674007,360,0,1
1595820166.7674007,0,0,0
1595820166.7774076,1.8012428283691406,0,0
1595820166.7874103,3.601713180541992,0,0
1595820166.7974062,5.400981903076172,0,0
1595820166.8074117,7.201967239379883,0,0
1595820166.817405,9.000763893127441,0,0
1595820166.8274152,10.802607536315918,0,0
1595820166.8374066,12.60106086730957,0,0
1595820166.8474073,14.401187896728516,0,0
1595820166.8574092,16.201529502868652,0,0
1595820166.8674192,18.00333023071289,0,0
1595820166.8774023,19.800281524658203,0,0
1595820166.8874073,21.601181030273438,0,0
1595820166.8974078,23.401265144348145,0,0
1595820166.9074094,25.201563835144043,0,0
1595820166.9174109,27.001819610595703,0,0
1595820166.9274123,28.802075386047363,0,0
1595820166.937414,30.60237407684326,0,0
1595820166.9474173,32.40297317504883,0,0
1595820166.9574065,34.201040267944336,0,0
1595820166.9674196,36.00339889526367,0,0
1595820166.977416,37.80275344848633,0,0
1595820166.9874022,39.60026264190674,0,0
1595820166.9974096,41.401591300964355,0,0
1595820167.0074024,43.20030212402344,0,0
1595820167.017405,45.00077247619629,0,0
1595820167.0274036,46.80051326751709,0,0
1595820167.0374022,48.60025405883789,0,0
1595820167.0474145,50.40248394012451,0,0
1595820167.057409,52.20149517059326,0,0
1595820167.0674098,54.00162220001221,0,0
1595820167.077409,55.80149173736572,0,0
1595820167.0874147,57.60251998901367,0,0
1595820167.0974026,59.40032958984375,0,0
1595820167.1074164,61.2028169631958,0,0
1595820167.1174085,63.00139904022217,0,0
1595820167.127409,64.80148315429688,0,0
1595820167.1374092,66.60152435302734,0,0
1595820167.147413,68.40220928192139,0,0
1595820167.157405,70.20074844360352,0,0
1595820167.1674054,72.00083255767822,0,0
1595820167.177419,73.80327701568604,0,0
1595820167.1874104,75.60173034667969,0,0
1595820167.1974192,77.40331649780273,0,0
1595820167.2074192,79.20331478118896,0,0
1595820167.2174072,81.00116729736328,0,0
1595820167.2274022,82.80026435852051,0,0
1595820167.2374012,84.60009098052979,0,0
1595820167.2474089,86.40146255493164,0,0
1595820167.2574139,88.20236206054688,0,0
1595820167.2674093,90.00154495239258,0,0
1595820167.2774096,91.80158615112305,0,0
1595820167.2874165,93.60282897949219,0,0
1595820167.297406,95.40093898773193,0,0
1595820167.3074114,97.20192432403564,0,0
1595820167.3174167,99.00286674499512,0,0
1595820167.3274107,100.80179214477539,0,0
1595820167.3374104,102.60174751281738,0,0
1595820167.3474002,104.39990043640137,0,0
1595820167.3574183,106.2031602859497,0,0
1595820167.3674064,108.00101280212402,0,0
1595820167.3774157,109.80268478393555,0,0
1595820167.387413,111.60221099853516,0,0
1595820167.397416,113.40276718139648,0,0
1595820167.4074018,115.20019054412842,0,0
1595820167.417405,117.00074672698975,0,0
1595820167.4274151,118.80259037017822,0,0
1595820167.4374154,120.60263156890869,0,0
1595820167.4474158,122.4027156829834,0,0
1595820167.457409,124.20146942138672,0,0
1595820167.4674137,126.00232601165771,0,0
1595820167.4774005,127.79996395111084,0,0
1595820167.4874063,129.6009922027588,0,0
1595820167.4974034,131.40047550201416,0,0
1595820167.5074015,133.20013046264648,0,0
1595820167.517403,135.00038623809814,0,0
1595820167.5274122,136.80205821990967,0,0
1595820167.5374062,138.60098361968994,0,0
1595820167.5474021,140.40025234222412,0,0
1595820167.5574045,142.20067977905273,0,0
1595820167.5674167,144.00286674499512,0,0
1595820167.5774157,145.8026933670044,0,0
1595820167.5874116,147.60196208953857,0,0
1595820167.5974026,149.40032958984375,0,0
1595820167.6074076,151.20122909545898,0,0
1595820167.617404,153.00058364868164,0,0
1595820167.6274166,154.8028564453125,0,0
1595820167.6374145,156.6024684906006,0,0
1595820167.6474006,158.399977684021,0,0
1595820167.657417,160.20293712615967,0,0
1595820167.6674058,162.0009183883667,0,0
1595820167.677418,163.80310535430908,0,0
1595820167.6874022,165.6002712249756,0,0
1595820167.6974103,167.40172863006592,0,0
1595820167.7074146,169.20249938964844,0,0
1595820167.7174153,171.00262641906738,0,0
1595820167.727412,172.80202388763428,0,0
1595820167.7374024,174.60030555725098,0,0
1595820167.7474036,176.4005184173584,0,0
1595820167.7574055,178.20086002349854,0,0
1595820167.767411,180.00184535980225,0,0
1595820167.777412,181.80201530456543,0,0
1595820167.7874033,183.60046863555908,0,0
1595820167.7974167,185.40287017822266,0,0
1595820167.8074172,187.20295429229736,0,0
1595820167.817406,189.0009355545044,0,0
1595820167.8274124,190.80209255218506,0,0
1595820167.8374166,192.60286331176758,0,0
1595820167.847413,194.40221786499023,0,0
1595820167.857406,196.20092868804932,0,0
1595820167.8674142,198.0024290084839,0,0
1595820167.8774152,199.80259895324707,0,0
1595820167.8874042,201.60062313079834,0,0
1595820167.8974085,203.40139389038086,0,0
1595820167.9074144,205.20246505737305,0,0
1595820167.917402,207.0002317428589,0,0
1595820167.9274104,208.80173206329346,0,0
1595820167.9374125,210.60211658477783,0,0
1595820167.9474182,212.40314483642578,0,0
1595820167.957401,214.20005321502686,0,0
1595820167.967404,216.00056648254395,0,0
1595820167.977405,217.80077934265137,0,0
1595820167.9873996,219.59979057312012,0,0
1595820167.9974144,221.40244960784912,0,0
1595820168.007415,223.20257663726807,0,0
1595820168.017417,225.0029182434082,0,0
1595820168.0274076,226.80124282836914,0,0
1595820168.0374033,228.60046863555908,0,0
1595820168.047401,230.40003776550293,0,0
1595820168.0574036,232.20050811767578,0,0
1595820168.0674071,234.0011501312256,0,0
1595820168.0774066,235.80106258392334,0,0
1595820168.087418,237.603120803833,0,0
1595820168.0974097,239.4016170501709,0,0
1595820168.1074038,241.20054244995117,0,0
1595820168.117402,243.00024032592773,0,0
1595820168.1274157,244.80268478393555,0,0
1595820168.137412,246.6020393371582,0,0
1595820168.1474168,248.4028959274292,0,0
1595820168.1574087,250.20143508911133,0,0
1595820168.167413,252.00220584869385,0,0
1595820168.1774125,253.8021183013916,0,0
1595820168.1874087,255.60142993927002,0,0
1595820168.1974084,257.401385307312,0,0
1595820168.2074,259.1998815536499,0,0
1595820168.2174163,261.00279808044434,0,0
1595820168.2274072,262.8011655807495,0,0
1595820168.2374175,264.603009223938,0,0
1595820168.2474132,266.40223503112793,0,0
1595820168.257405,268.20077419281006,0,0
1595820168.2674074,270.0012016296387,0,0
1595820168.2774029,271.8003845214844,0,0
1595820168.2874098,273.6016273498535,0,0
1595820168.2974055,275.40085315704346,0,0
1595820168.307413,277.2022247314453,0,0
1595820168.3174102,279.0017080307007,0,0
1595820168.3274066,280.80106258392334,0,0
1595820168.3374183,282.60316371917725,0,0
1595820168.3474112,284.4018745422363,0,0
1595820168.3574066,286.20105743408203,0,0
1595820168.3674119,288.0019998550415,0,0
1595820168.3774178,289.8030710220337,0,0
1595820168.3874178,291.6030693054199,0,0
1595820168.3974185,293.40319633483887,0,0
1595820168.4074063,295.20100593566895,0,0
1595820168.4174066,297.0010471343994,0,0
1595820168.4274154,298.80263328552246,0,0
1595820168.437412,300.60203075408936,0,0
1595820168.447415,302.4025869369507,0,0
1595820168.4574149,304.2025423049927,0,0
1595820168.4674118,306.0019826889038,0,0
1595820168.477403,307.8003931045532,0,0
1595820168.4874065,309.601035118103,0,0
1595820168.4974017,311.4001750946045,0,0
1595820168.5074081,313.20133209228516,0,0
1595820168.5174026,315.0003433227539,0,0
1595820168.5274084,316.80137157440186,0,0
1595820168.5374174,318.60300064086914,0,0
1595820168.5474045,320.4006814956665,0,0
1595820168.5574148,322.202525138855,0,0
1595820168.5674047,324.0007209777832,0,0
1595820168.5774064,325.8010196685791,0,0
1595820168.5874014,327.6001167297363,0,0
1595820168.5974064,329.40101623535156,0,0
1595820168.6074145,331.2024736404419,0,0
1595820168.6174035,333.00049781799316,0,0
1595820168.6274092,334.8015260696411,0,0
1595820168.637409,336.6014814376831,0,0
1595820168.647409,338.40147972106934,0,0
1595820168.657399,340.19967555999756,0,0
1595820168.667401,342.00006008148193,0,0
1595820168.6774042,343.80061626434326,0,0
1595820168.6874173,345.6029748916626,0,0
1595820168.6974044,347.40065574645996,0,0
1595820168.7074156,349.2026710510254,0,0
1595820168.717401,351.0000514984131,0,0
1595820168.727402,352.80022144317627,0,0
1595820168.7374024,354.600305557251,0,0
1595820168.747416,356.4027500152588,0,0
1595820168.7574105,358.20176124572754,0,0
1595820168.7674005,359.99995708465576,0,0
1595820168.7674224,360,0,1
1595820168.7674224,0,0,0
1595820168.777427,1.8008136749267578,0,0
1595820168.7874277,3.600940704345703,0,0
1595820168.797434,5.402097702026367,0,0
1595820168.8074265,7.200722694396973,0,0
1595820168.8174324,9.00179386138916,0,0
1595820168.827436,10.802435874938965,0,0
1595820168.837436,12.602434158325195,0,0
1595820168.8474407,14.403290748596191,0,0
1595820168.8574355,16.20234489440918,0,0
1595820168.8674226,18.000025749206543,0,0
1595820168.8774402,19.803199768066406,0,0
1595820168.8874316,21.60165309906006,0,0
1595820168.897437,23.40263843536377,0,0
1595820168.9074397,25.20310878753662,0,0
1595820168.9174423,27.003579139709473,0,0
1595820168.9274294,28.801259994506836,0,0
1595820168.9374382,30.602846145629883,0,0
1595820168.947432,32.40172863006592,0,0
1595820168.9574351,34.202284812927246,0,0
1595820168.9674325,36.001811027526855,0,0
1595820168.9774368,37.802581787109375,0,0
1595820168.9874308,39.60150718688965,0,0
1595820168.9974341,41.402106285095215,0,0
1595820169.0074325,43.20180416107178,0,0
1595820169.0174408,45.00330448150635,0,0
1595820169.0274427,46.803646087646484,0,0
1595820169.0374305,48.60145568847656,0,0
1595820169.047428,50.40098190307617,0,0
1595820169.057443,52.203683853149414,0,0
1595820169.0674272,54.00084972381592,0,0
1595820169.0774324,55.80179214477539,0,0
1595820169.0874293,57.60123252868652,0,0
1595820169.0974321,59.40174579620361,0,0
1595820169.1074421,61.20354652404785,0,0
1595820169.117433,63.00191402435303,0,0
1595820169.1274295,64.80126857757568,0,0
1595820169.1374362,66.60246849060059,0,0
1595820169.1474376,68.40272426605225,0,0
1595820169.157432,70.201735496521,0,0
1595820169.1674337,72.0020341873169,0,0
1595820169.1774356,73.80237579345703,0,0
1595820169.1874402,75.60318946838379,0,0
1595820169.1974301,77.40138530731201,0,0
1595820169.2074292,79.20121192932129,0,0
1595820169.21743,81.00138187408447,0,0
1595820169.2274318,82.80168056488037,0,0
1595820169.237438,84.6027946472168,0,0
1595820169.2474396,86.4030933380127,0,0
1595820169.25744,88.2031774520874,0,0
1595820169.2674243,90.0003433227539,0,0
1595820169.277433,91.80188655853271,0,0
1595820169.2874284,93.60106945037842,0,0
1595820169.2974236,95.40020942687988,0,0
1595820169.3074307,97.20149517059326,0,0
1595820169.3174255,99.00054931640625,0,0
1595820169.3274353,100.80230712890625,0,0
1595820169.3374414,102.60342121124268,0,0
1595820169.3474383,104.40286159515381,0,0
1595820169.3574307,106.20148658752441,0,0
1595820169.3674393,108.00302982330322,0,0
1595820169.3774247,109.80041027069092,0,0
1595820169.3874314,111.60161018371582,0,0
1595820169.3974402,113.40319633483887,0,0
1595820169.4074335,115.20199298858643,0,0
1595820169.4174337,117.0020341873169,0,0
1595820169.4274225,118.80001544952393,0,0
1595820169.4374359,120.6024169921875,0,0
1595820169.4474323,122.40177154541016,0,0
1595820169.4574285,124.20108318328857,0,0
1595820169.4674218,125.99987983703613,0,0
1595820169.4774356,127.80236721038818,0,0
1595820169.487427,129.60082054138184,0,0
1595820169.497429,131.40116214752197,0,0
1595820169.5074346,133.20219039916992,0,0
1595820169.5174272,135.00085830688477,0,0
1595820169.5274282,136.80102825164795,0,0
1595820169.537432,138.601713180542,0,0
1595820169.5474346,140.40218353271484,0,0
1595820169.5574338,142.20205307006836,0,0
1595820169.5674284,144.0010643005371,0,0
1595820169.5774226,145.80003261566162,0,0
1595820169.5874245,147.60037422180176,0,0
1595820169.59743,149.40135955810547,0,0
1595820169.6074274,151.20088577270508,0,0
1595820169.6174245,153.00036907196045,0,0
1595820169.627425,154.80045318603516,0,0
1595820169.6374383,156.60285472869873,0,0
1595820169.6474237,158.40023517608643,0,0
1595820169.6574328,160.2018642425537,0,0
1595820169.6674294,162.0012617111206,0,0
1595820169.67743,163.8013458251953,0,0
1595820169.6874397,165.6031036376953,0,0
1595820169.6974297,167.40129947662354,0,0
1595820169.7074256,169.20056819915771,0,0
1595820169.7174363,171.00249767303467,0,0
1595820169.727424,172.8002643585205,0,0
1595820169.7374365,174.60253715515137,0,0
1595820169.74744,176.40317916870117,0,0
1595820169.7574313,178.2015895843506,0,0
1595820169.7674246,180.00038623809814,0,0
1595820169.7774296,181.80128574371338,0,0
1595820169.7874234,183.6001682281494,0,0
1595820169.7974374,185.4026985168457,0,0
1595820169.807434,187.2020959854126,0,0
1595820169.8174238,189.00024890899658,0,0
1595820169.8274353,190.80230712890625,0,0
1595820169.8374214,192.59981632232666,0,0
1595820169.8474326,194.4018316268921,0,0
1595820169.8574214,196.19981288909912,0,0
1595820169.8674357,198.00238609313965,0,0
1595820169.8774226,199.80002403259277,0,0
1595820169.8874369,201.6025972366333,0,0
1595820169.897429,203.40117931365967,0,0
1595820169.907437,205.20263671875,0,0
1595820169.9174297,207.00130462646484,0,0
1595820169.9274309,208.80151748657227,0,0
1595820169.9374216,210.5998420715332,0,0
1595820169.9474337,212.4020290374756,0,0
1595820169.9574318,214.2016839981079,0,0
1595820169.9674287,216.00112438201904,0,0
1595820169.9774354,217.80232429504395,0,0
1595820169.987424,219.60026264190674,0,0
1595820169.9974353,221.4023208618164,0,0
1595820170.007433,223.20188999176025,0,0
1595820170.0174224,225.0,0,0
1595820170.0274343,226.80214405059814,0,0
1595820170.037434,228.60209941864014,0,0
1595820170.0474396,230.40308475494385,0,0
1595820170.0574331,232.20192432403564,0,0
1595820170.067424,234.00029182434082,0,0
1595820170.0774384,235.80286502838135,0,0
1595820170.0874372,237.6026487350464,0,0
1595820170.0974357,239.4023895263672,0,0
1595820170.1074266,241.20075702667236,0,0
1595820170.117431,243.00152778625488,0,0
1595820170.1274273,244.80088233947754,0,0
1595820170.1374311,246.60156726837158,0,0
1595820170.1474326,248.40182304382324,0,0
1595820170.1574388,250.20293712615967,0,0
1595820170.1674256,252.0005750656128,0,0
1595820170.1774266,253.80074501037598,0,0
1595820170.1874373,255.60267448425293,0,0
1595820170.1974297,257.40129947662354,0,0
1595820170.207422,259.19992446899414,0,0
1595820170.2174237,261.00022315979004,0,0
1595820170.2274218,262.79987812042236,0,0
1595820170.2374353,264.6023225784302,0,0
1595820170.2474377,266.4027500152588,0,0
1595820170.2574234,268.2001733779907,0,0
1595820170.2674265,270.00072956085205,0,0
1595820170.2774246,271.8003845214844,0,0
1595820170.2874267,273.60076904296875,0,0
1595820170.2974255,275.4005527496338,0,0
1595820170.3074348,277.2022247314453,0,0
1595820170.3174357,279.0023946762085,0,0
1595820170.3274276,280.8009338378906,0,0
1595820170.3374279,282.6009750366211,0,0
1595820170.3474305,284.40144538879395,0,0
1595820170.3574288,286.2011432647705,0,0
1595820170.3674266,288.0007553100586,0,0
1595820170.3774266,289.8007535934448,0,0
1595820170.3874404,291.6032409667969,0,0
1595820170.397438,293.4028100967407,0,0
1595820170.4074326,295.2018213272095,0,0
1595820170.4174292,297.00121879577637,0,0
1595820170.4274356,298.80237579345703,0,0
1595820170.4374273,300.6008720397949,0,0
1595820170.447433,302.40190029144287,0,0
1595820170.4574213,304.1997957229614,0,0
1595820170.4674277,306.0009527206421,0,0
1595820170.47743,307.8013801574707,0,0
1595820170.4874341,309.602108001709,0,0
1595820170.497426,311.4006471633911,0,0
1595820170.5074396,313.2030916213989,0,0
1595820170.5174267,315.0007724761963,0,0
1595820170.5274212,316.79978370666504,0,0
1595820170.5374317,318.60167026519775,0,0
1595820170.5474212,320.3997802734375,0,0
1595820170.5574207,322.19969272613525,0,0
1595820170.5674243,324.00033473968506,0,0
1595820170.5774357,325.8023929595947,0,0
1595820170.5874357,327.60239124298096,0,0
1595820170.5974226,329.4000291824341,0,0
1595820170.6074228,331.20007038116455,0,0
1595820170.6174307,333.00148487091064,0,0
1595820170.627436,334.8024272918701,0,0
1595820170.6374383,336.60285472869873,0,0
1595820170.647438,338.4028100967407,0,0
1595820170.6574354,340.20233631134033,0,0
1595820170.6674237,342.0002317428589,0,0
1595820170.677429,343.80117416381836,0,0
1595820170.6874368,345.60258865356445,0,0
1595820170.6974227,347.4000549316406,0,0
1595820170.707436,349.2024564743042,0,0
1595820170.7174284,351.0010814666748,0,0
1595820170.7274325,352.8018093109131,0,0
1595820170.737437,354.60262298583984,0,0
1595820170.7474375,356.40270709991455,0,0
1595820170.757428,358.20098876953125,0,0
1595820170.767433,360,0,1
1595820170.767433,0,0,0
1595820170.7774482,1.8027448654174805,0,0
1595820170.7874427,3.6017560958862305,0,0
1595820170.7974482,5.402741432189941,0,0
1595820170.8074427,7.201752662658691,0,0
1595820170.8174489,9.002866744995117,0,0
1595820170.8274453,10.802221298217773,0,0
1595820170.837438,12.600932121276855,0,0
1595820170.8474364,14.400629997253418,0,0
1595820170.8574398,16.201229095458984,0,0
1595820170.8674362,18.00058364868164,0,0
1595820170.8774505,19.803156852722168,0,0
1595820170.8874476,21.60264015197754,0,0
1595820170.8974466,23.402466773986816,0,0
1595820170.907451,25.203237533569336,0,0
1595820170.9174454,27.002248764038086,0,0
1595820170.9274473,28.802590370178223,0,0
1595820170.9374502,30.603103637695312,0,0
1595820170.9474375,32.400827407836914,0,0
1595820170.9574459,34.202327728271484,0,0
1595820170.9674485,36.002798080444336,0,0
1595820170.9774425,37.80172348022461,0,0
1595820170.9874375,39.600820541381836,0,0
1595820170.9974403,41.401333808898926,0,0
