Timestamp,Phase,Heading,Ping?
1595874790.000101,155.11784855949142,0,0
1595874790.0001228,310.2385789595769,155.11784855949142,0
1595874790.000154,310.2442008696721,155.11784855949142,0
1595874790.0001776,310.2484494887517,155.11784855949142,0
1595874790.0002005,310.2525693617986,155.11784855949142,0
1595874790.0002236,310.2567321501897,155.11784855949142,0
1595874790.0002463,310.2608091078923,155.11784855949142,0
1595874790.0002687,310.2648431502507,155.11784855949142,0
1595874790.0002909,310.2688342772649,155.11784855949142,0
1595874790.0003147,310.2731258116887,155.11784855949142,0
1595874790.0003371,310.2771598540471,155.11784855949142,0
1595874790.0003595,310.2811938964055,155.11784855949142,0
1595874790.0003815,310.28514210807543,155.11784855949142,0
1595874790.0004034,310.28909031974536,155.11784855949142,0
1595874790.0004258,310.29312436210375,155.11784855949142,0
1595874790.000448,310.2971154891179,155.11784855949142,0
1595874790.0004702,310.3011066161321,155.11784855949142,0
1595874790.000493,310.30522648917895,155.11784855949142,0
1595874790.000515,310.30917470084887,155.11784855949142,0
1595874790.0005374,310.31320874320727,155.11784855949142,0
1595874790.0005593,310.3171569548772,155.11784855949142,0
1595874790.000581,310.3210622512029,155.11784855949142,0
1595874790.0006032,310.32505337821704,155.11784855949142,0
1595874790.000625,310.3289586745427,155.11784855949142,0
1595874790.000647,310.3329498015569,155.11784855949142,0
1595874790.000669,310.3368980132268,155.11784855949142,0
1595874790.0006917,310.34097497092944,155.11784855949142,0
1595874790.0007138,310.3449660979436,155.11784855949142,0
1595874790.000736,310.34895722495776,155.11784855949142,0
1595874790.000758,310.3529054366277,155.11784855949142,0
1595874790.00078,310.35689656364184,155.11784855949142,0
1595874790.0008023,310.360887690656,155.11784855949142,0
1595874790.000824,310.3647929869817,155.11784855949142,0
1595874790.0008464,310.3688270293401,155.11784855949142,0
1595874790.0008686,310.37281815635424,155.11784855949142,0
1595874790.0008903,310.3767234526799,155.11784855949142,0
1595874790.0009139,310.3809720717595,155.11784855949142,0
1595874790.000936,310.3849631987737,155.11784855949142,0
1595874790.0009577,310.38886849509936,155.11784855949142,0
1595874790.0009797,310.3928167067693,155.11784855949142,0
1595874790.0010018,310.39680783378344,155.11784855949142,0
1595874790.0010478,310.40509049522143,155.11784855949142,0
1595874790.0010705,310.40916745292407,155.11784855949142,0
1595874790.0010927,310.4131585799382,155.11784855949142,0
1595874790.0011146,310.41710679160815,155.11784855949142,0
1595874790.0011365,310.42105500327807,155.11784855949142,0
1595874790.0011587,310.42504613029223,155.11784855949142,0
1595874790.0011814,310.42912308799487,155.11784855949142,0
1595874790.0012038,310.43315713035327,155.11784855949142,0
1595874790.0012257,310.4371053420232,155.11784855949142,0
1595874790.001248,310.44109646903735,155.11784855949142,0
1595874790.00127,310.4450875960515,155.11784855949142,0
1595874790.001292,310.44903580772143,155.11784855949142,0
1595874790.0013142,310.4530269347356,155.11784855949142,0
1595874790.0013359,310.4569322310613,155.11784855949142,0
1595874790.001358,310.46092335807543,155.11784855949142,0
1595874790.0013797,310.4648286544011,155.11784855949142,0
1595874790.0014021,310.4688626967595,155.11784855949142,0
1595874790.0014238,310.4727679930852,155.11784855949142,0
1595874790.0014474,310.4770166121648,155.11784855949142,0
1595874790.0014694,310.4809648238347,155.11784855949142,0
1595874790.0014915,310.48495595084887,155.11784855949142,0
1595874790.0015135,310.4889041625188,155.11784855949142,0
1595874790.0015352,310.4928094588445,155.11784855949142,0
1595874790.0015574,310.49680058585864,155.11784855949142,0
1595874790.001579,310.5007058821843,155.11784855949142,0
1595874790.001601,310.50465409385424,155.11784855949142,0
1595874790.0016227,310.5085593901799,155.11784855949142,0
1595874790.0016448,310.5125505171941,155.11784855949142,0
1595874790.0016727,310.51757161246996,155.11784855949142,0
1595874790.001696,310.5217773162053,155.11784855949142,0
1595874790.001718,310.52572552787524,155.11784855949142,0
1595874790.0017397,310.5296308242009,155.11784855949142,0
1595874790.0017629,310.53379361259204,155.11784855949142,0
1595874790.0017848,310.53774182426196,155.11784855949142,0
1595874790.0018067,310.5416900359319,155.11784855949142,0
1595874790.0018287,310.5456382476018,155.11784855949142,0
1595874790.0018508,310.54962937461596,155.11784855949142,0
1595874790.0018728,310.5535775862859,155.11784855949142,0
1595874790.001895,310.55756871330004,155.11784855949142,0
1595874790.0019171,310.5615598403142,155.11784855949142,0
1595874790.001939,310.5655080519841,155.11784855949142,0
1595874790.0019608,310.5694133483098,155.11784855949142,0
1595874790.001983,310.57340447532397,155.11784855949142,0
1595874790.002005,310.57739560233813,155.11784855949142,0
1595874790.002027,310.58134381400805,155.11784855949142,0
1595874790.002049,310.585292025678,155.11784855949142,0
1595874790.0083542,311.72023121940356,155.11784855949142,0
1595874790.0183444,313.518469973676,155.11784855949142,0
1595874790.0283449,315.3185540877507,155.11784855949142,0
1595874790.0383525,317.1199256621526,155.11784855949142,0
1595874790.0483472,318.91897980796557,155.11784855949142,0
1595874790.0583575,320.72082345115405,155.11784855949142,0
1595874790.068351,322.51966302024584,155.11784855949142,0
1595874790.0783465,324.31884591209155,155.11784855949142,0
1595874790.0883489,326.11927334892016,155.11784855949142,0
1595874790.0983462,327.91879956351977,155.11784855949142,0
1595874790.1083434,329.71828286277514,155.11784855949142,0
1595874790.1183589,331.52107064353686,155.11784855949142,0
1595874790.1283498,333.31943814384204,155.11784855949142,0
1595874790.1383538,335.1201659880803,155.11784855949142,0
1595874790.1483474,336.9190055571721,155.11784855949142,0
1595874790.1583483,338.7191755019353,155.11784855949142,0
1595874790.1683567,340.52067582236987,155.11784855949142,0
1595874790.178358,342.3209315978215,155.11784855949142,0
1595874790.188355,344.12037198173266,155.11784855949142,0
1595874790.1983557,345.9204990111516,155.11784855949142,0
1595874790.2083519,347.71981064903,155.11784855949142,0
1595874790.2183404,349.5177489958928,155.11784855949142,0
1595874790.2283561,351.3205796919988,155.11784855949142,0
1595874790.2383552,353.12040631400805,155.11784855949142,0
1595874790.2483432,354.91825883018237,155.11784855949142,0
1595874790.2583427,356.7181712828801,155.11784855949142,0
1595874790.2683532,358.52005784141284,155.11784855949142,0
1595874790.2765768,360,155.11784855949142,1
1595874790.2765768,0,155.11784855949142,0
1595874790.3429844,11.953375979535366,155.11784855949142,0
1595874790.3429844,5.976687989767683,149.14116056972375,0
1595874791.1483536,150.94313295894494,149.14116056972375,0
1595874791.1583457,152.7417150359713,149.14116056972375,0
1595874791.1683493,154.54235704952112,149.14116056972375,0
1595874791.1783466,156.34188326412072,149.14116056972375,0
1595874791.1883583,158.14398439937463,149.14116056972375,0
1595874791.1983438,159.94136484676233,149.14116056972375,0
1595874791.2083614,161.7445388656222,149.14116056972375,0
1595874791.218349,163.54230555110803,149.14116056972375,0
1595874791.2283576,165.34384878688684,149.14116056972375,0
1595874791.2383533,167.14307459407678,149.14116056972375,0
1595874791.2483537,168.9431587081515,149.14116056972375,0
1595874791.258348,170.742127023276,149.14116056972375,0
1595874791.268352,172.54285486751428,149.14116056972375,0
1595874791.278346,174.34178026729455,149.14116056972375,0
1595874791.2883606,176.14439638667932,149.14116056972375,0
1595874791.2983563,177.94362219386926,149.14116056972375,0
1595874791.3083491,179.74233301692834,149.14116056972375,0
1595874791.3183591,181.54413374477258,149.14116056972375,0
1595874791.3283482,183.34215792232385,149.14116056972375,0
1595874791.3383598,185.14425905757776,149.14116056972375,0
1595874791.3483615,186.94455774837365,149.14116056972375,0
1595874791.3583484,188.74219568782678,149.14116056972375,0
1595874791.368347,190.54193647914758,149.14116056972375,0
1595874791.3783429,192.34120520168176,149.14116056972375,0
1595874791.38835,194.14249094539514,149.14116056972375,0
1595874791.3983424,195.94111593776574,149.14116056972375,0
1595874791.4083457,197.7417150359713,149.14116056972375,0
1595874791.418345,199.54158457332483,149.14116056972375,0
1595874791.42836,201.34428652339807,149.14116056972375,0
1595874791.4383469,203.1419244628512,149.14116056972375,0
1595874791.448348,204.94213732295862,149.14116056972375,0
1595874791.4583492,206.74235018306604,149.14116056972375,0
1595874791.4683611,208.54449423366418,149.14116056972375,0
1595874791.4783432,210.34127386623254,149.14116056972375,0
1595874791.4883497,212.1424308639132,149.14116056972375,0
1595874791.4983602,213.94431742244592,149.14116056972375,0
1595874791.508347,215.74195536189904,149.14116056972375,0
1595874791.5183544,217.54328402095666,149.14116056972375,0
1595874791.528352,219.3428531509005,149.14116056972375,0
1595874791.538353,221.1430230956637,149.14116056972375,0
1595874791.5483565,222.9436651092135,149.14116056972375,0
1595874791.558357,224.7437492232882,149.14116056972375,0
1595874791.5683515,226.54276045375696,149.14116056972375,0
1595874791.5783532,228.34305914455285,149.14116056972375,0
1595874791.5883613,230.14451654964319,149.14116056972375,0
1595874791.598343,231.94121035152307,149.14116056972375,0
1595874791.6083431,233.74125155025354,149.14116056972375,0
1595874791.6183515,235.5427518706881,149.14116056972375,0
1595874791.6283484,237.34219225459924,149.14116056972375,0
1595874791.638352,239.14283426814904,149.14116056972375,0
1595874791.6483572,240.94377668910852,149.14116056972375,0
1595874791.6583614,242.74454744869104,149.14116056972375,0
1595874791.668346,244.54175623470178,149.14116056972375,0
1595874791.6783583,246.3439861159884,149.14116056972375,0
1595874791.6883466,248.14188154750696,149.14116056972375,0
1595874791.6983612,249.94449766689172,149.14116056972375,0
1595874791.7083564,251.74363764339319,149.14116056972375,0
1595874791.71836,253.544279656943,149.14116056972375,0
1595874791.7283595,255.34419210964074,149.14116056972375,0
1595874791.7383473,257.1420017104708,149.14116056972375,0
1595874791.7483463,258.9418283324801,149.14116056972375,0
1595874791.7583482,260.74216993862024,149.14116056972375,0
1595874791.7683535,262.5431123595797,149.14116056972375,0
1595874791.778345,264.3416086059176,149.14116056972375,0
1595874791.788353,266.1430230956637,149.14116056972375,0
1595874791.7983484,267.9422059875094,149.14116056972375,0
1595874791.808347,269.7419467788302,149.14116056972375,0
1595874791.8183532,271.5430608611666,149.14116056972375,0
1595874791.828347,273.34194334560266,149.14116056972375,0
1595874791.838346,275.14176996761194,149.14116056972375,0
1595874791.8483546,276.94331320339074,149.14116056972375,0
1595874791.858349,278.7423244338595,149.14116056972375,0
1595874791.868361,280.54446848445764,149.14116056972375,0
1595874791.8783424,282.3411193709933,149.14116056972375,0
1595874791.8883533,284.1430917602145,149.14116056972375,0
1595874791.8983562,285.94360502773156,149.14116056972375,0
1595874791.908352,287.7428308349215,149.14116056972375,0
1595874791.9183528,289.5430007796847,149.14116056972375,0
1595874791.9283526,291.3429561477267,149.14116056972375,0
1595874791.9383445,293.1414953094088,149.14116056972375,0
1595874791.9483514,294.94273813777795,149.14116056972375,0
1595874791.9583433,296.7412772994601,149.14116056972375,0
1595874791.968347,298.5419622283541,149.14116056972375,0
1595874791.9783564,300.34363421016565,149.14116056972375,0
1595874791.9883583,302.1439758163058,149.14116056972375,0
1595874791.9983559,303.94354494624963,149.14116056972375,0
1595874792.0083447,305.74152620845666,149.14116056972375,0
1595874792.018345,307.54161032253137,149.14116056972375,0
1595874792.02836,309.3442693572604,149.14116056972375,0
1595874792.0383477,311.14207895809045,149.14116056972375,0
1595874792.048347,312.94194849544397,149.14116056972375,0
1595874792.0583582,314.7439638000094,149.14116056972375,0
1595874792.068353,316.5430179458224,149.14116056972375,0
1595874792.0783584,318.3440032821261,149.14116056972375,0
1595874792.088348,320.14211329036584,149.14116056972375,0
1595874792.098355,321.9433990340792,149.14116056972375,0
1595874792.1083508,323.74262484126916,149.14116056972375,0
1595874792.118359,325.54412516170373,149.14116056972375,0
1595874792.1283476,327.3420635085665,149.14116056972375,0
1595874792.1383598,329.1442504745089,149.14116056972375,0
1595874792.148345,330.94158800655237,149.14116056972375,0
1595874792.1583517,332.74278791957727,149.14116056972375,0
1595874792.1683424,334.5411125045382,149.14116056972375,0
1595874792.1783493,336.34235533290735,149.14116056972375,0
1595874792.1883602,338.14432772212854,149.14116056972375,0
1595874792.1983583,339.94398268276086,149.14116056972375,0
1595874792.2083485,341.7422214370333,149.14116056972375,0
1595874792.2183464,343.5418334823214,149.14116056972375,0
1595874792.2283473,345.3420034270846,149.14116056972375,0
1595874792.2383487,347.14225920253625,149.14116056972375,0
1595874792.2483592,348.94414576106897,149.14116056972375,0
1595874792.2583601,350.74431570583215,149.14116056972375,0
1595874792.2683582,352.5439706664645,149.14116056972375,0
1595874792.2783551,354.3434110503756,149.14116056972375,0
1595874792.2883577,356.14388140254846,149.14116056972375,0
1595874792.2983558,357.9435363631808,149.14116056972375,0
1595874792.308344,359.7413888793551,149.14116056972375,0
1595874792.3097994,360,149.14116056972375,1
1595874792.3097994,0,149.14116056972375,0
1595874792.3343449,4.418174348410275,149.14116056972375,0
1595874792.3343449,2.2090871742051377,146.93207339551861,0
1595874793.148364,148.73254374769147,146.93207339551861,0
1595874793.158369,150.5334432533067,146.93207339551861,0
1595874793.168365,152.33271197584088,146.93207339551861,0
1595874793.1783652,154.13275317457135,146.93207339551861,0
1595874793.1883647,155.9326656272691,146.93207339551861,0
1595874793.1983805,157.73549632337506,146.93207339551861,0
1595874793.208366,159.53287677076275,146.93207339551861,0
1595874793.2183723,161.33403376844342,146.93207339551861,0
1595874793.228376,163.13467578199322,146.93207339551861,0
1595874793.2383761,164.9347169807237,146.93207339551861,0
1595874793.2483795,166.73531607892926,146.93207339551861,0
1595874793.2583616,168.53209571149762,146.93207339551861,0
1595874793.2683737,170.33428267744,146.93207339551861,0
1595874793.2783678,172.13320807722027,146.93207339551861,0
1595874793.2883615,173.9320905616563,146.93207339551861,0
1595874793.2983716,175.73389128950055,146.93207339551861,0
1595874793.3083673,177.5331170966905,146.93207339551861,0
1595874793.3183768,179.33483199384625,146.93207339551861,0
1595874793.32838,181.13543109205182,146.93207339551861,0
1595874793.3383703,182.93366984632428,146.93207339551861,0
1595874793.3483691,184.73345355298932,146.93207339551861,0
1595874793.3583732,186.5341813972276,146.93207339551861,0
1595874793.368368,188.3332355430406,146.93207339551861,0
1595874793.378363,190.1323326041978,146.93207339551861,0
1595874793.3883762,191.9347341468614,146.93207339551861,0
1595874793.3983672,193.73310164716656,146.93207339551861,0
1595874793.408368,195.53327159192975,146.93207339551861,0
1595874793.418362,197.33215407636578,146.93207339551861,0
1595874793.428377,199.13485602643902,146.93207339551861,0
1595874793.4383736,200.93425349500592,146.93207339551861,0
1595874793.4483733,202.7342088630479,146.93207339551861,0
1595874793.4583755,204.5345933845323,146.93207339551861,0
1595874793.4683785,206.33514956739361,146.93207339551861,0
1595874793.47837,208.13360289838727,146.93207339551861,0
1595874793.4883785,209.93514613416608,146.93207339551861,0
1595874793.498378,211.73505858686383,146.93207339551861,0
1595874793.508376,213.53467063215192,146.93207339551861,0
1595874793.518372,215.33398227003033,146.93207339551861,0
1595874793.5283694,217.13350848462994,146.93207339551861,0
1595874793.5383706,218.93372134473736,146.93207339551861,0
1595874793.5483663,220.7329471519273,146.93207339551861,0
1595874793.5583773,222.5349195411485,146.93207339551861,0
1595874793.5683646,224.3326433112901,146.93207339551861,0
1595874793.5783772,226.13491610792096,146.93207339551861,0
1595874793.5883658,227.93285445478375,146.93207339551861,0
1595874793.598367,229.73306731489117,146.93207339551861,0
1595874793.6083803,231.53546885755475,146.93207339551861,0
1595874793.6183772,233.33490924146588,146.93207339551861,0
1595874793.6283705,235.13370589521344,146.93207339551861,0
1595874793.6383767,236.93481997754986,146.93207339551861,0
1595874793.6483674,238.7331445625108,146.93207339551861,0
1595874793.658374,240.5343444755357,146.93207339551861,0
1595874793.6683748,242.33447150495465,146.93207339551861,0
1595874793.6783762,244.1347272804063,146.93207339551861,0
1595874793.6883752,245.9345539024156,146.93207339551861,0
1595874793.6983728,247.73412303235943,146.93207339551861,0
1595874793.7083783,249.53510836866315,146.93207339551861,0
1595874793.7183697,251.3335616996568,146.93207339551861,0
1595874793.7283792,253.13527659681256,146.93207339551861,0
1595874793.738375,254.9345024040025,146.93207339551861,0
1595874793.7483609,256.7319686820787,146.93207339551861,0
1595874793.7583773,258.53492812421734,146.93207339551861,0
1595874793.7683747,260.33445433881695,146.93207339551861,0
1595874793.7783678,262.1332080772203,146.93207339551861,0
1595874793.7883697,263.9335496833604,146.93207339551861,0
1595874793.7983613,265.7320459296983,146.93207339551861,0
1595874793.8083754,267.5345762183946,146.93207339551861,0
1595874793.8183706,269.33371619489606,146.93207339551861,0
1595874793.8283644,271.1325986793321,146.93207339551861,0
1595874793.8383658,272.93285445478375,146.93207339551861,0
1595874793.8483627,274.7322948386949,146.93207339551861,0
1595874793.858362,276.5321643760484,146.93207339551861,0
1595874793.8683743,278.334394257335,146.93207339551861,0
1595874793.878369,280.133448403148,146.93207339551861,0
1595874793.888361,281.93198756483014,146.93207339551861,0
1595874793.8983786,283.73516158369,146.93207339551861,0
1595874793.9083786,285.53515986707623,146.93207339551861,0
1595874793.9183784,287.3351152351182,146.93207339551861,0
1595874793.9283748,289.1344697883409,146.93207339551861,0
1595874793.938362,290.93215064313824,146.93207339551861,0
1595874793.9483771,292.7348955085557,146.93207339551861,0
1595874793.9583619,294.5321472099107,146.93207339551861,0
1595874793.9683626,296.33227423932965,146.93207339551861,0
1595874793.9783797,298.13536242750104,146.93207339551861,0
1595874793.9883673,299.9331291129869,146.93207339551861,0
1595874793.9983714,301.73385695722516,146.93207339551861,0
1595874794.0083728,303.5341127326768,146.93207339551861,0
1595874794.0183794,305.3353126457017,146.93207339551861,0
1595874794.028367,307.13307933118756,146.93207339551861,0
1595874794.0383706,308.93372134473736,146.93207339551861,0
1595874794.0483744,310.7344062736314,146.93207339551861,0
1595874794.0583725,312.53406123426373,146.93207339551861,0
1595874794.0683775,314.33496073987897,146.93207339551861,0
1595874794.0783744,316.1344011237901,146.93207339551861,0
1595874794.0883718,317.9339273383897,146.93207339551861,0
1595874794.098367,319.7330673148912,146.93207339551861,0
1595874794.1083632,321.5323789527696,146.93207339551861,0
1595874794.1183605,323.3319051673692,146.93207339551861,0
1595874794.128378,325.1350362708848,146.93207339551861,0
1595874794.138362,326.9321592262071,146.93207339551861,0
1595874794.1483746,328.73443202283795,146.93207339551861,0
1595874794.1583676,330.53318576124127,146.93207339551861,0
1595874794.1683755,332.33460025098736,146.93207339551861,0
1595874794.1783688,334.1333969047349,146.93207339551861,0
1595874794.1883721,335.9339960029405,146.93207339551861,0
1595874794.1983619,337.7321489265245,146.93207339551861,0
1595874794.2083704,339.5336921623033,146.93207339551861,0
1595874794.2183697,341.3335616996568,146.93207339551861,0
1595874794.2283716,343.13390330579693,146.93207339551861,0
1595874794.2383657,344.9328287055772,146.93207339551861,0
1595874794.2483735,346.7342431953233,146.93207339551861,0
1595874794.2583737,348.53428439405377,146.93207339551861,0
1595874794.2683737,350.33428267744,146.93207339551861,0
1595874794.2783675,352.13316516187604,146.93207339551861,0
1595874794.2883651,353.9327342918199,146.93207339551861,0
1595874794.298369,355.7334192207139,146.93207339551861,0
1595874794.308369,357.53341750410016,146.93207339551861,0
1595874794.3183653,359.3327720573228,146.93207339551861,0
1595874794.3220885,360,146.93207339551861,1
1595874794.3220885,0,146.93207339551861,0
1595874794.3344338,2.2221763541978135,146.93207339551861,0
1595874794.3344338,1.1110881770989067,145.8209852184197,0
1595874795.148383,147.62192763937918,145.8209852184197,0
1595874795.1583917,149.42351379050223,145.8209852184197,0
1595874795.1683905,151.22329749716727,145.8209852184197,0
1595874795.1783893,153.0230812038323,145.8209852184197,0
1595874795.1883857,154.82243575705496,145.8209852184197,0
1595874795.1983855,156.62239112509695,145.8209852184197,0
1595874795.2083836,158.42204608572928,145.8209852184197,0
1595874795.2183838,160.22208728445975,145.8209852184197,0
1595874795.22838,162.02139892233816,145.8209852184197,0
1595874795.2383795,163.82131137503592,145.8209852184197,0
1595874795.2483914,165.62345542563406,145.8209852184197,0
1595874795.2583835,167.42203750266043,145.8209852184197,0
1595874795.2683809,169.22156371726004,145.8209852184197,0
1595874795.2783868,171.02263488425223,145.8209852184197,0
1595874795.2883916,172.82349147452322,145.8209852184197,0
1595874795.298384,174.62211646689383,145.8209852184197,0
1595874795.3083968,176.42443217886893,145.8209852184197,0
1595874795.3183794,178.22129764212576,145.8209852184197,0
1595874795.3283875,180.0227550472161,145.8209852184197,0
1595874795.3383958,181.82425536765066,145.8209852184197,0
1595874795.3483813,183.62163581503836,145.8209852184197,0
1595874795.3583782,185.4210761989495,145.8209852184197,0
1595874795.3683848,187.2222761119744,145.8209852184197,0
1595874795.3783875,189.02274646414725,145.8209852184197,0
1595874795.388386,190.82248725546805,145.8209852184197,0
1595874795.3983846,192.62222804678885,145.8209852184197,0
1595874795.4083798,194.4213680232903,145.8209852184197,0
1595874795.4183934,196.22381248129813,145.8209852184197,0
1595874795.42838,198.021407505407,145.8209852184197,0
1595874795.438392,199.82355155600516,145.8209852184197,0
1595874795.4483826,201.6218761409661,145.8209852184197,0
1595874795.458387,203.4226469005486,145.8209852184197,0
1595874795.4683945,205.22401847495047,145.8209852184197,0
1595874795.4783854,207.02238597525565,145.8209852184197,0
1595874795.4883852,208.82234134329764,145.8209852184197,0
1595874795.4983869,210.62264003409354,145.8209852184197,0
1595874795.5083828,212.42190875662772,145.8209852184197,0
1595874795.518396,214.22426738394705,145.8209852184197,0
1595874795.5283773,216.0209182704827,145.8209852184197,0
1595874795.5383866,217.82259025229422,145.8209852184197,0
1595874795.5483792,219.62125816000906,145.8209852184197,0
1595874795.5583808,221.42155685080496,145.8209852184197,0
1595874795.5683947,223.224044224157,145.8209852184197,0
1595874795.5783904,225.02327003134695,145.8209852184197,0
1595874795.5883882,226.82288207663504,145.8209852184197,0
1595874795.598394,228.623910328283,145.8209852184197,0
1595874795.608389,230.42300738944022,145.8209852184197,0
1595874795.6183805,232.2215036357781,145.8209852184197,0
1595874795.628392,234.02356185568777,145.8209852184197,0
1595874795.6383877,235.82278766287772,145.8209852184197,0
1595874795.6483824,237.6218418086907,145.8209852184197,0
1595874795.6583962,239.42432918204275,145.8209852184197,0
1595874795.6683922,241.22359790457693,145.8209852184197,0
1595874795.6783893,243.0230812038323,145.8209852184197,0
1595874795.6883888,244.82299365653006,145.8209852184197,0
1595874795.6983933,246.62380733145682,145.8209852184197,0
1595874795.7083955,248.4241918529412,145.8209852184197,0
1595874795.7183917,250.2235034908196,145.8209852184197,0
1595874795.7283916,252.02350177420584,145.8209852184197,0
1595874795.7383854,253.82238425864188,145.8209852184197,0
1595874795.7483842,255.62216796530691,145.8209852184197,0
1595874795.7583787,257.42117919577566,145.8209852184197,0
1595874795.7683837,259.2220787013909,145.8209852184197,0
1595874795.7783916,261.023493191137,145.8209852184197,0
1595874795.788389,262.8230194057366,145.8209852184197,0
1595874795.7983842,264.62215938223807,145.8209852184197,0
1595874795.8083773,266.4209131206414,145.8209852184197,0
1595874795.81838,268.2214263881585,145.8209852184197,0
1595874795.8283792,270.02125301016775,145.8209852184197,0
1595874795.8383906,271.8233112300774,145.8209852184197,0
1595874795.8483813,273.62163581503836,145.8209852184197,0
1595874795.8583791,275.42124786032645,145.8209852184197,0
1595874795.8683877,277.22279109610525,145.8209852184197,0
1595874795.8783922,279.023604771032,145.8209852184197,0
1595874795.888395,280.8241180385491,145.8209852184197,0
1595874795.8983788,282.62119807852713,145.8209852184197,0
1595874795.9083812,284.42162551535574,145.8209852184197,0
1595874795.9183784,286.2211088146111,145.8209852184197,0
1595874795.9283898,288.0231670345208,145.8209852184197,0
1595874795.9383943,289.82398070944754,145.8209852184197,0
1595874795.9483838,291.6220907176873,145.8209852184197,0
1595874795.958383,293.4219602550408,145.8209852184197,0
1595874795.968385,295.22230186118094,145.8209852184197,0
1595874795.9783936,297.02384509695975,145.8209852184197,0
1595874795.988378,298.8210538829705,145.8209852184197,0
1595874795.9983811,300.6216100658318,145.8209852184197,0
1595874796.0083954,302.42418326987234,145.8209852184197,0
1595874796.0183935,304.22383823050467,145.8209852184197,0
1595874796.0283842,306.0221628154656,145.8209852184197,0
1595874796.0383844,307.8222040141961,145.8209852184197,0
1595874796.0483882,309.6228889430901,145.8209852184197,0
1595874796.0583937,311.42387427939383,145.8209852184197,0
1595874796.0683796,313.22134055747,145.8209852184197,0
1595874796.078386,315.02249755515066,145.8209852184197,0
1595874796.088385,316.82232417715994,145.8209852184197,0
1595874796.0983832,318.62197913779227,145.8209852184197,0
1595874796.1083798,320.42137660635916,145.8209852184197,0
1595874796.1183784,322.22111739767996,145.8209852184197,0
1595874796.128393,324.0237335170647,145.8209852184197,0
1595874796.138394,325.82394637717215,145.8209852184197,0
1595874796.148384,327.62214221610037,145.8209852184197,0
1595874796.1583903,329.4232562984368,145.8209852184197,0
1595874796.1683886,331.22295417441336,145.8209852184197,0
1595874796.1783812,333.0216220821282,145.8209852184197,0
1595874796.1883857,334.82243575705496,145.8209852184197,0
1595874796.1983805,336.62148990286795,145.8209852184197,0
1595874796.2083848,338.42226066245047,145.8209852184197,0
1595874796.2183945,340.22401847495047,145.8209852184197,0
1595874796.228382,342.0217851604363,145.8209852184197,0
1595874796.2383816,343.82169761313406,145.8209852184197,0
1595874796.2483947,345.6240562404534,145.8209852184197,0
1595874796.2583852,347.4223379100701,145.8209852184197,0
1595874796.2683904,349.22328033102957,145.8209852184197,0
1595874796.2783768,351.0208324397942,145.8209852184197,0
1595874796.2883856,352.82241859091727,145.8209852184197,0
1595874796.2983851,354.622331043615,145.8209852184197,0
1595874796.3083894,356.42310180319754,145.8209852184197,0
1595874796.3183765,358.2207826579949,145.8209852184197,0
1595874796.3282719,360,145.8209852184197,1
1595874796.3282719,0,145.8209852184197,0
1595874796.3345454,1.1292413677116997,145.8209852184197,0
1595874796.3345454,0.5646206838558498,145.25636453456386,0
1595874797.1483967,147.05786485499843,145.25636453456386,0
1595874797.1584053,148.85940809077724,145.25636453456386,0
1595874797.1684012,150.65867681331142,145.25636453456386,0
1595874797.178396,152.4577309591244,145.25636453456386,0
1595874797.1884007,154.2585875493954,145.25636453456386,0
1595874797.1983974,156.0579850179623,145.25636453456386,0
1595874797.2084038,157.85914201564296,145.25636453456386,0
1595874797.2184029,159.65896863765224,145.25636453456386,0
1595874797.2284014,161.45870942897304,145.25636453456386,0
1595874797.2383974,163.25797815150722,145.25636453456386,0
1595874797.2483919,165.05698938197597,145.25636453456386,0
1595874797.258403,166.8590046865414,145.25636453456386,0
1595874797.2684064,168.65960378474696,145.25636453456386,0
1595874797.2783988,170.45822877711757,145.25636453456386,0
1595874797.2884052,172.25938577479823,145.25636453456386,0
1595874797.2983909,174.05680913753017,145.25636453456386,0
1595874797.3083937,175.85732240504726,145.25636453456386,0
1595874797.3183918,177.65697736567958,145.25636453456386,0
1595874797.3283958,179.45770520991786,145.25636453456386,0
1595874797.3384037,181.25911969966396,145.25636453456386,0
1595874797.3483992,183.05830259150966,145.25636453456386,0
1595874797.3584023,184.858858774371,145.25636453456386,0
1595874797.3683918,186.65696878261073,145.25636453456386,0
1595874797.3784022,188.45885534114345,145.25636453456386,0
1595874797.3884063,190.25958318538173,145.25636453456386,0
1595874797.3984005,192.05855150050624,145.25636453456386,0
1595874797.408405,193.859365175433,145.25636453456386,0
1595874797.418403,195.65897722072108,145.25636453456386,0
1595874797.4283922,197.4570443136166,145.25636453456386,0
1595874797.4383888,199.2564417821835,145.25636453456386,0
1595874797.4483998,201.05841417140468,145.25636453456386,0
1595874797.4583962,202.85776872462733,145.25636453456386,0
1595874797.4683971,204.65793866939052,145.25636453456386,0
1595874797.478393,206.4572073919247,145.25636453456386,0
1595874797.488391,208.25681943721278,145.25636453456386,0
1595874797.4983938,210.05733270472987,145.25636453456386,0
1595874797.5083957,211.85767431087,145.25636453456386,0
1595874797.5183985,213.6581875783871,145.25636453456386,0
1595874797.5284016,215.45874376124843,145.25636453456386,0
1595874797.5384047,217.25929994410976,145.25636453456386,0
1595874797.5483968,219.05788202113612,145.25636453456386,0
1595874797.5584056,220.85946817225917,145.25636453456386,0
1595874797.5683994,222.6583506566952,145.25636453456386,0
1595874797.5783963,224.45779104060634,145.25636453456386,0
1595874797.5883996,226.2583901388119,145.25636453456386,0
1595874797.5983949,228.05753011531337,145.25636453456386,0
1595874797.608401,229.8586441976498,145.25636453456386,0
1595874797.6183915,231.6569258672665,145.25636453456386,0
1595874797.628401,233.45864076442226,145.25636453456386,0
1595874797.6384065,235.25962610072597,145.25636453456386,0
1595874797.6483984,237.0581652624081,145.25636453456386,0
1595874797.6584072,238.85975141353114,145.25636453456386,0
1595874797.6683893,240.6565310460995,145.25636453456386,0
1595874797.6783895,242.45657224482997,145.25636453456386,0
1595874797.6883917,244.25695676631435,145.25636453456386,0
1595874797.6983893,246.0565258962582,145.25636453456386,0
1595874797.7084062,247.85957116908534,145.25636453456386,0
1595874797.7183979,249.65806741542323,145.25636453456386,0
1595874797.7284036,251.45909566707118,145.25636453456386,0
1595874797.7384067,253.2596518499325,145.25636453456386,0
1595874797.7484026,255.0589205724667,145.25636453456386,0
1595874797.7584105,256.8603350622128,145.25636453456386,0
1595874797.7684066,258.65964670009123,145.25636453456386,0
1595874797.7784069,260.4596878988217,145.25636453456386,0
1595874797.788405,262.259342859454,145.25636453456386,0
1595874797.7984025,264.05891198939787,145.25636453456386,0
1595874797.8083882,265.8563353521298,145.25636453456386,0
1595874797.8184047,267.6592947942685,145.25636453456386,0
1595874797.8284023,269.4588639242123,145.25636453456386,0
1595874797.8383985,271.25817556209074,145.25636453456386,0
1595874797.848391,273.0568434698056,145.25636453456386,0
1595874797.8584044,274.85924501246916,145.25636453456386,0
1595874797.868403,276.65898580378996,145.25636453456386,0
1595874797.8783896,278.45658082789885,145.25636453456386,0
1595874797.8883944,280.25743741816984,145.25636453456386,0
1595874797.8984053,282.05940980739103,145.25636453456386,0
1595874797.9084022,283.85885019130217,145.25636453456386,0
1595874797.9184046,285.6592776281308,145.25636453456386,0
1595874797.928393,287.45717305964934,145.25636453456386,0
1595874797.938394,289.25738591975676,145.25636453456386,0
1595874797.9484057,291.05948705501066,145.25636453456386,0
1595874797.958403,292.8590132696103,145.25636453456386,0
1595874797.968398,294.6581103307675,145.25636453456386,0
1595874797.9784038,296.45913858241545,145.25636453456386,0
1595874797.988397,298.25789232081877,145.25636453456386,0
1595874797.9983983,300.05814809627043,145.25636453456386,0
1595874798.0083966,301.857845972247,145.25636453456386,0
1595874798.0183904,303.656728456683,145.25636453456386,0
1595874798.028397,305.45792836970793,145.25636453456386,0
1595874798.0383945,307.25745458430754,145.25636453456386,0
1595874798.048394,309.0573670370053,145.25636453456386,0
1595874798.058395,310.8575369817685,145.25636453456386,0
1595874798.0684028,312.65895147151457,145.25636453456386,0
1595874798.0784016,314.4587351781796,145.25636453456386,0
1595874798.0884013,316.2586905462216,145.25636453456386,0
1595874798.098394,318.05735845393644,145.25636453456386,0
1595874798.108404,319.8591591817807,145.25636453456386,0
1595874798.1183982,321.6581274969052,145.25636453456386,0
1595874798.128396,323.4577395421933,145.25636453456386,0
1595874798.1384025,325.25889653987394,145.25636453456386,0
1595874798.1484008,327.0585944158505,145.25636453456386,0
1595874798.158396,328.857734392352,145.25636453456386,0
1595874798.1683967,330.6578614217709,145.25636453456386,0
1595874798.1784008,332.4585892660092,145.25636453456386,0
1595874798.188395,334.2575575811337,145.25636453456386,0
1595874798.1983914,336.05691213435637,145.25636453456386,0
1595874798.208389,337.8564812643002,145.25636453456386,0
1595874798.218392,339.6569945318173,145.25636453456386,0
1595874798.228404,341.4591814977597,145.25636453456386,0
1595874798.2383883,343.2563473684262,145.25636453456386,0
1595874798.2483985,345.05819101161467,145.25636453456386,0
1595874798.258403,346.8590046865414,145.25636453456386,0
1595874798.2683907,348.65677137202726,145.25636453456386,0
1595874798.2784054,350.45943040675627,145.25636453456386,0
1595874798.2883902,352.25668210811125,145.25636453456386,0
1595874798.2983956,354.05766744441496,145.25636453456386,0
1595874798.3083966,355.85783738917814,145.25636453456386,0
1595874798.3183997,357.6583935720395,145.25636453456386,0
1595874798.3283966,359.4578339559506,145.25636453456386,0
1595874798.3314168,360,145.25636453456386,1
1595874798.3314168,0,145.25636453456386,0
1595874799.1484013,147.05717820949062,145.25636453456386,0
1595874799.158397,148.85640401668056,145.25636453456386,0
1595874799.1684067,150.65816182918056,145.25636453456386,0
1595874799.1783984,152.45665807551845,145.25636453456386,0
1595874799.188403,154.2574717504452,145.25636453456386,0
1595874799.1984153,156.05970163173183,145.25636453456386,0
1595874799.2084045,157.85776872462733,145.25636453456386,0
1595874799.218414,159.6594836217831,145.25636453456386,0
1595874799.228406,161.45802278346522,145.25636453456386,0
1595874799.2384143,163.2595231038998,145.25636453456386,0
1595874799.2484074,165.05827684230312,145.25636453456386,0
1595874799.2584143,166.85951967067226,145.25636453456386,0
1595874799.2684052,168.65788717097743,145.25636453456386,0
1595874799.2783973,170.4564692480038,145.25636453456386,0
1595874799.288404,172.2576691610287,145.25636453456386,0
1595874799.2984126,174.0592123968075,145.25636453456386,0
1595874799.3084087,175.85852403468593,145.25636453456386,0
1595874799.3184054,177.65792150325282,145.25636453456386,0
1595874799.3283975,179.4565035802792,145.25636453456386,0
1595874799.338402,181.25731725520595,145.25636453456386,0
1595874799.3484106,183.05886049098476,145.25636453456386,0
1595874799.358407,184.8582150442074,145.25636453456386,0
1595874799.3684063,186.65808458156093,145.25636453456386,0
1595874799.3784053,188.4579112035702,145.25636453456386,0
1595874799.3884044,190.25773782557948,145.25636453456386,0
1595874799.398414,192.05945272273524,145.25636453456386,0
1595874799.4084063,193.85807771510585,145.25636453456386,0
1595874799.4184139,195.6594492895077,145.25636453456386,0
1595874799.4284153,197.45970506495937,145.25636453456386,0
1595874799.438405,199.25785798854335,145.25636453456386,0
1595874799.4484146,201.0595728856991,145.25636453456386,0
1595874799.4583976,202.85652417964442,145.25636453456386,0
1595874799.4684103,204.65879697627528,145.25636453456386,0
1595874799.4784076,206.4583231908749,145.25636453456386,0
1595874799.488401,208.25711984462245,145.25636453456386,0
1595874799.4984157,210.05977887935146,145.25636453456386,0
1595874799.5083969,211.85638685054286,145.25636453456386,0
1595874799.5184152,213.65968961543544,145.25636453456386,0
1595874799.5284104,215.4588295919369,145.25636453456386,0
1595874799.5384116,217.25904245204433,145.25636453456386,0
1595874799.548401,219.05715246028407,145.25636453456386,0
1595874799.558406,220.8580519658993,145.25636453456386,0
1595874799.5684109,222.6589085561703,145.25636453456386,0
1595874799.5783992,224.45680398768886,145.25636453456386,0
1595874799.5883973,226.25645894832118,145.25636453456386,0
1595874799.5984116,228.0590321523617,145.25636453456386,0
1595874799.608415,229.85963125056728,145.25636453456386,0
1595874799.6183987,231.6567112905453,145.25636453456386,0
1595874799.6284132,233.45932740993007,145.25636453456386,0
1595874799.6384146,235.25958318538173,145.25636453456386,0
1595874799.6484125,237.05919523066981,145.25636453456386,0
1595874799.6584089,238.85854978389247,145.25636453456386,0
1595874799.6684003,240.65700311488612,145.25636453456386,0
1595874799.6784108,242.45888967341884,145.25636453456386,0
1595874799.6884103,244.2588021261166,145.25636453456386,0
1595874799.6984076,246.0583283407162,145.25636453456386,0
1595874799.7083962,247.856266687579,145.25636453456386,0
1595874799.718406,249.658024500079,145.25636453456386,0
1595874799.728399,251.45677823848231,145.25636453456386,0
1595874799.7383988,253.2567336065243,145.25636453456386,0
1595874799.7484114,255.05900640315517,145.25636453456386,0
1595874799.7584019,256.8572880727719,145.25636453456386,0
1595874799.7684107,258.65887422389494,145.25636453456386,0
1595874799.7784085,260.458486269183,145.25636453456386,0
1595874799.7884052,262.2578837377499,145.25636453456386,0
1595874799.7983994,264.05685205287443,145.25636453456386,0
1595874799.8084018,265.85727948970305,145.25636453456386,0
1595874799.8184078,267.65835065669523,145.25636453456386,0
1595874799.8284097,269.45869226283537,145.25636453456386,0
1595874799.838396,271.2562443716,145.25636453456386,0
1595874799.8483968,273.05637140101896,145.25636453456386,0
1595874799.8583987,274.8567130071591,145.25636453456386,0
1595874799.8684094,276.65864248103605,145.25636453456386,0
1595874799.878412,278.4591128332089,145.25636453456386,0
1595874799.8884037,280.2576090795468,145.25636453456386,0
1595874799.898396,282.0562340719174,145.25636453456386,0
1595874799.908413,283.85927934474455,145.25636453456386,0
1595874799.918408,285.6583764059018,145.25636453456386,0
1595874799.9283962,287.45627183742033,145.25636453456386,0
1595874799.938404,289.2576863271664,145.25636453456386,0
1595874799.9484055,291.0579421026181,145.25636453456386,0
1595874799.9584026,292.85742540187346,145.25636453456386,0
1595874799.9684122,294.6591402990292,145.25636453456386,0
1595874799.9784012,296.4571644765805,145.25636453456386,0
1595874799.9884095,298.25866479701506,145.25636453456386,0
1595874799.9983983,300.0566460592221,145.25636453456386,0
1595874800.008411,301.85891885585295,145.25636453456386,0
1595874800.0184143,303.6595179540585,145.25636453456386,0
1595874800.0283988,305.45672674006926,145.25636453456386,0
1595874800.0384138,307.2594286901425,145.25636453456386,0
1595874800.048415,309.0596415502499,145.25636453456386,0
1595874800.0584135,310.8593823415707,145.25636453456386,0
1595874800.0684028,312.65744943446623,145.25636453456386,0
1595874800.0784125,314.45920724696623,145.25636453456386,0
1595874800.088396,316.2562443716,145.25636453456386,0
1595874800.098412,318.0591179830502,145.25636453456386,0
1595874800.108409,319.85855836696135,145.25636453456386,0
1595874800.1184037,321.65761251277434,145.25636453456386,0
1595874800.128412,323.4591128332089,145.25636453456386,0
1595874800.1384091,325.2585961324643,145.25636453456386,0
1595874800.148407,327.05820817775236,145.25636453456386,0
1595874800.1583993,328.85683317012297,145.25636453456386,0
1595874800.168406,330.65803308314787,145.25636453456386,0
1595874800.1784034,332.4575592977475,145.25636453456386,0
1595874800.1884136,334.25940294093596,145.25636453456386,0
1595874800.1984005,336.0570408803891,145.25636453456386,0
1595874800.2084053,337.8578974706601,145.25636453456386,0
1595874800.2184038,339.6576382619809,145.25636453456386,0
1595874800.2284012,341.4571644765805,145.25636453456386,0
1595874800.2384028,343.2574631673764,145.25636453456386,0
1595874800.248412,345.05909223384367,145.25636453456386,0
1595874800.2583961,346.8562581045102,145.25636453456386,0
1595874800.2684114,348.65900296992766,145.25636453456386,0
1595874800.278397,350.4564263326596,145.25636453456386,0
1595874800.2884102,352.2587849599789,145.25636453456386,0
1595874800.2984135,354.0593840581845,145.25636453456386,0
1595874800.3083994,355.85685033626066,145.25636453456386,0
1595874800.3184016,357.65723485774504,145.25636453456386,0
1595874800.3284137,359.4594218236874,145.25636453456386,0
1595874800.331422,360,145.25636453456386,1
1595874800.331422,0,145.25636453456386,0
1595874800.340897,1.7054821950863186,145.25636453456386,0
1595874800.340897,0.8527410975431593,144.4036234370207,0
1595874801.1484163,146.20619664106124,144.4036234370207,0
1595874801.1584074,148.00460705671065,144.4036234370207,0
1595874801.1684196,149.80679402265304,144.4036234370207,0
1595874801.178402,151.60361657056563,144.4036234370207,0
1595874801.1884065,153.4044302454924,144.4036234370207,0
1595874801.1984208,155.20700344953292,144.4036234370207,0
1595874801.208408,157.00472721967452,144.4036234370207,0
1595874801.2184203,158.8069141856169,144.4036234370207,0
1595874801.2284052,160.60420880231612,144.4036234370207,0
1595874801.2384088,162.40485081586593,144.4036234370207,0
1595874801.2484107,164.20519242200606,144.4036234370207,0
1595874801.2584062,166.00437531385177,144.4036234370207,0
1595874801.2684193,167.8067339411711,144.4036234370207,0
1595874801.2784083,169.60475811872237,144.4036234370207,0
1595874801.2884197,171.40681633863204,144.4036234370207,0
1595874801.298417,173.20634255323165,144.4036234370207,0
1595874801.3084025,175.00372300061935,144.4036234370207,0
1595874801.318406,176.80436501416915,144.4036234370207,0
1595874801.32841,178.6050499430632,144.4036234370207,0
1595874801.3384154,180.4060352793669,144.4036234370207,0
1595874801.3484197,182.20680603894942,144.4036234370207,0
1595874801.3584042,184.00401482496017,144.4036234370207,0
1595874801.368412,185.80542931470626,144.4036234370207,0
1595874801.378416,187.60615715894454,144.4036234370207,0
1595874801.3884068,189.40448174390548,144.4036234370207,0
1595874801.398414,191.20576748761886,144.4036234370207,0
1595874801.408414,193.0057657710051,144.4036234370207,0
1595874801.4184113,194.8052919856047,144.4036234370207,0
1595874801.4284027,196.60374531659835,144.4036234370207,0
1595874801.4384203,198.4069193354582,144.4036234370207,0
1595874801.4484117,200.20537266645186,144.4036234370207,0
1595874801.4584186,202.006615494821,144.4036234370207,0
1595874801.4684098,203.80502591047042,144.4036234370207,0
1595874801.478416,205.60613999280685,144.4036234370207,0
1595874801.4884093,207.4049366465544,144.4036234370207,0
1595874801.498419,209.2066944590544,144.4036234370207,0
1595874801.5084124,211.00549111280196,144.4036234370207,0
1595874801.518402,212.80364403638595,144.4036234370207,0
1595874801.5284195,214.60677513990157,144.4036234370207,0
1595874801.5384066,216.40445599469894,144.4036234370207,0
1595874801.5484183,218.20655712995284,144.4036234370207,0
1595874801.5584087,220.00483879956954,144.4036234370207,0
1595874801.568412,221.8054378977751,144.4036234370207,0
1595874801.5784042,223.60401997480147,144.4036234370207,0
1595874801.5884063,225.40440449628585,144.4036234370207,0
1595874801.598413,227.20560440931075,144.4036234370207,0
1595874801.6084104,229.00513062391036,144.4036234370207,0
1595874801.6184125,230.80551514539474,144.4036234370207,0
1595874801.6284077,232.6046551218962,144.4036234370207,0
1595874801.6384165,234.40624127301925,144.4036234370207,0
1595874801.6484063,236.20439419660323,144.4036234370207,0
1595874801.6584063,238.00439247998946,144.4036234370207,0
1595874801.6684015,239.80353245649093,144.4036234370207,0
1595874801.678409,241.60490403089278,144.4036234370207,0
1595874801.6884205,243.40696225080245,144.4036234370207,0
1595874801.6984134,245.20567307386153,144.4036234370207,0
1595874801.70842,247.00687298688644,144.4036234370207,0
1595874801.7184193,248.80674252423995,144.4036234370207,0
1595874801.7284167,250.60626873883956,144.4036234370207,0
1595874801.7384183,252.40656742963546,144.4036234370207,0
1595874801.7484176,254.20643696698897,144.4036234370207,0
1595874801.7584114,256.005319451425,144.4036234370207,0
1595874801.768419,257.80669102582686,144.4036234370207,0
1595874801.778417,259.6063459864592,144.4036234370207,0
1595874801.7884047,261.40411267194503,144.4036234370207,0
1595874801.7984033,263.20385346326583,144.4036234370207,0
1595874801.8084037,265.00393757734054,144.4036234370207,0
1595874801.8184156,266.8060816279387,144.4036234370207,0
1595874801.8284144,268.6058653346037,144.4036234370207,0
1595874801.8384192,270.4067219248747,144.4036234370207,0
1595874801.848415,272.20594773206466,144.4036234370207,0
1595874801.8584096,274.00500187787765,144.4036234370207,0
1595874801.868405,275.80418476972335,144.4036234370207,0
1595874801.8784103,277.6051271906828,144.4036234370207,0
1595874801.8884103,279.40512547406905,144.4036234370207,0
1595874801.8984141,281.2058104029631,144.4036234370207,0
1595874801.9084063,283.00439247998946,144.4036234370207,0
1595874801.918407,284.8045195094084,144.4036234370207,0
1595874801.9284103,286.605118607614,144.4036234370207,0
1595874801.9384167,288.40627560529464,144.4036234370207,0
1595874801.9484086,290.20481476697677,144.4036234370207,0
1595874801.9584033,292.00386891278976,144.4036234370207,0
1595874801.968413,293.80562672528976,144.4036234370207,0
1595874801.978408,295.604723786447,144.4036234370207,0
1595874801.9884114,297.40532288465255,144.4036234370207,0
1595874801.9984095,299.2049778452849,144.4036234370207,0
1595874802.0084093,301.00493321332686,144.4036234370207,0
1595874802.0184026,302.8037298670744,144.4036234370207,0
1595874802.0284116,304.6053589335417,144.4036234370207,0
1595874802.0384176,306.4064301005339,144.4036234370207,0
1595874802.0484061,308.2043684473967,144.4036234370207,0
1595874802.0584054,310.0042379847502,144.4036234370207,0
1595874802.0684028,311.8037641993498,144.4036234370207,0
1595874802.078407,313.60453495893233,144.4036234370207,0
1595874802.088411,315.4052628031706,144.4036234370207,0
1595874802.098408,317.20470318708175,144.4036234370207,0
1595874802.1084049,319.0041435709929,144.4036234370207,0
1595874802.1184053,320.8042276850676,144.4036234370207,0
1595874802.1284165,322.606242989633,144.4036234370207,0
1595874802.1384146,324.40589795026534,144.4036234370207,0
1595874802.1484137,326.2057245722746,144.4036234370207,0
1595874802.1584098,328.00503621015304,144.4036234370207,0
1595874802.1684084,329.80477700147384,144.4036234370207,0
1595874802.178418,331.6064918986296,144.4036234370207,0
1595874802.18841,333.40507397565597,144.4036234370207,0
1595874802.1984088,335.204857682321,144.4036234370207,0
1595874802.20842,337.00687298688644,144.4036234370207,0
1595874802.218411,338.8052404871916,144.4036234370207,0
1595874802.2284086,340.60480961713546,144.4036234370207,0
1595874802.2384124,342.4054945460295,144.4036234370207,0
1595874802.2484157,344.20609364423507,144.4036234370207,0
1595874802.258418,346.0065210810637,144.4036234370207,0
1595874802.26841,347.8050602427458,144.4036234370207,0
1595874802.278407,349.6045435420012,144.4036234370207,0
1595874802.2884154,351.40604386243575,144.4036234370207,0
1595874802.2984195,353.20677170667403,144.4036234370207,0
1595874802.3084106,355.00518212232345,144.4036234370207,0
1595874802.3184125,356.8055237284636,144.4036234370207,0
1595874802.328405,358.6041487208342,144.4036234370207,0
1595874802.3361752,360,144.4036234370207,1
1595874802.3361752,0,144.4036234370207,0
1595874802.3422558,1.09452614698165,144.4036234370207,0
1595874802.3422558,0.547263073490825,143.8563603635299,0
1595874803.1484354,145.659577297734,143.8563603635299,0
1595874803.1584282,147.45828812079307,143.8563603635299,0
1595874803.1684198,149.25678436713096,143.8563603635299,0
1595874803.1784263,151.05794136481163,143.8563603635299,0
1595874803.188426,152.85789673285362,143.8563603635299,0
1595874803.1984222,154.65720837073204,143.8563603635299,0
1595874803.2084198,156.45677750067588,143.8563603635299,0
1595874803.2184262,158.25793449835655,143.8563603635299,0
1595874803.2284212,160.05703155951377,143.8563603635299,0
1595874803.2384186,161.85655777411338,143.8563603635299,0
1595874803.248423,163.65737144904014,143.8563603635299,0
1595874803.2584345,165.4594296689498,143.8563603635299,0
1595874803.2684298,167.25856964545127,143.8563603635299,0
1595874803.278428,169.05826752142784,143.8563603635299,0
1595874803.288428,170.85826580481407,143.8563603635299,0
1595874803.2984357,172.65963737921592,143.8563603635299,0
1595874803.308424,174.45753281073448,143.8563603635299,0
1595874803.3184357,176.25963394598838,143.8563603635299,0
1595874803.3284328,178.05911724524375,143.8563603635299,0
1595874803.3384366,179.8598021741378,143.8563603635299,0
1595874803.348424,181.6575259442794,143.8563603635299,0
1595874803.358425,183.45769588904258,143.8563603635299,0
1595874803.3684318,185.25893871741172,143.8563603635299,0
1595874803.3784192,187.05666248755333,143.8563603635299,0
1595874803.3884237,188.85747616248008,143.8563603635299,0
1595874803.3984208,190.65695946173545,143.8563603635299,0
1595874803.4084184,192.4565285916793,143.8563603635299,0
1595874803.4184237,194.25747101263877,143.8563603635299,0
1595874803.4284356,196.05961506323692,143.8563603635299,0
1595874803.4384336,197.85927002386924,143.8563603635299,0
1595874803.4484198,199.65677921728965,143.8563603635299,0
1595874803.45843,201.45862286047813,143.8563603635299,0
1595874803.46843,203.25862114386436,143.8563603635299,0
1595874803.4784193,205.05668823675987,143.8563603635299,0
1595874803.4884236,206.8574589963424,143.8563603635299,0
1595874803.498422,208.65715687231895,143.8563603635299,0
1595874803.5084186,210.45655434088584,143.8563603635299,0
1595874803.5184338,212.25929920630333,143.8563603635299,0
1595874803.528426,214.0578812833297,143.8563603635299,0
1595874803.538428,215.85826580481407,143.8563603635299,0
1595874803.5484219,217.6571482892501,143.8563603635299,0
1595874803.5584197,219.4567603345382,143.8563603635299,0
1595874803.5684283,221.258303570317,143.8563603635299,0
1595874803.578423,223.05735771612999,143.8563603635299,0
1595874803.5884264,224.85795681433555,143.8563603635299,0
1595874803.5984254,226.65778343634483,143.8563603635299,0
1595874803.6084208,228.45696632819053,143.8563603635299,0
1595874803.618429,230.25842373328086,143.8563603635299,0
1595874803.628435,232.05949490027305,143.8563603635299,0
1595874803.638423,233.85734741644737,143.8563603635299,0
1595874803.6484237,235.6574744458663,143.8563603635299,0
1595874803.6584265,237.4579877133834,143.8563603635299,0
1595874803.668433,239.25914471106407,143.8563603635299,0
1595874803.6784298,241.0585850949752,143.8563603635299,0
1595874803.6884344,242.85939876990196,143.8563603635299,0
1595874803.6984253,244.65776627020713,143.8563603635299,0
1595874803.7084224,246.4572495694625,143.8563603635299,0
1595874803.718421,248.2569903607833,143.8563603635299,0
1595874803.728431,250.05879108862754,143.8563603635299,0
1595874803.7384334,251.85921852545616,143.8563603635299,0
1595874803.7484226,253.65728561835166,143.8563603635299,0
1595874803.7584348,255.45947258429405,143.8563603635299,0
1595874803.7684288,257.25839798407435,143.8563603635299,0
1595874803.7784247,259.05766670660853,143.8563603635299,0
1595874803.7884283,260.85830872015833,143.8563603635299,0
1595874803.7984343,262.6593798871505,143.8563603635299,0
1595874803.8084238,264.45748989539027,143.8563603635299,0
1595874803.8184216,266.25710194067835,143.8563603635299,0
1595874803.8284202,268.05684273199915,143.8563603635299,0
1595874803.8384311,269.85881512122035,143.8563603635299,0
1595874803.8484347,271.65945713477015,143.8563603635299,0
1595874803.8584213,273.45705215887904,143.8563603635299,0
1595874803.8684282,275.2582949872482,143.8563603635299,0
1595874803.8784325,277.0590657468307,143.8563603635299,0
1595874803.888427,278.85807697729945,143.8563603635299,0
1595874803.8984187,280.65657322363734,143.8563603635299,0
1595874803.9084258,282.4578589673507,143.8563603635299,0
1595874803.9184284,284.25832931952357,143.8563603635299,0
1595874803.9284303,286.0586709256637,143.8563603635299,0
1595874803.938422,287.8571671720016,143.8563603635299,0
1595874803.948425,289.6577233548629,143.8563603635299,0
1595874803.9584217,291.4571208234298,143.8563603635299,0
1595874803.9684362,293.2597369428146,143.8563603635299,0
1595874803.9784338,295.05930607275843,143.8563603635299,0
1595874803.9884288,296.85840313391566,143.8563603635299,0
1595874803.9984362,298.6597317929733,143.8563603635299,0
1595874804.0084267,300.45801346259,143.8563603635299,0
1595874804.0184238,302.25749676184535,143.8563603635299,0
1595874804.0284288,304.0583962674606,143.8563603635299,0
1595874804.0384176,305.8563775296676,143.8563603635299,0
1595874804.0484347,307.659465717839,143.8563603635299,0
1595874804.058431,309.4587773557174,143.8563603635299,0
1595874804.0684316,311.25890438513636,143.8563603635299,0
1595874804.078429,313.05843059973597,143.8563603635299,0
1595874804.0884216,314.8570985074508,143.8563603635299,0
1595874804.0984228,316.65731136755824,143.8563603635299,0
1595874804.1084275,318.45816795782923,143.8563603635299,0
1595874804.1184294,320.25850956396937,143.8563603635299,0
1595874804.1284282,322.0582932706344,143.8563603635299,0
1595874804.1384232,323.85739033179163,143.8563603635299,0
1595874804.1484191,325.6566590543258,143.8563603635299,0
1595874804.1584222,327.45721523718714,143.8563603635299,0
1595874804.1684198,329.256784367131,143.8563603635299,0
1595874804.1784327,331.0591000791061,143.8563603635299,0
1595874804.188428,332.85824005560755,143.8563603635299,0
1595874804.1984186,334.6565646405685,143.8563603635299,0
1595874804.2084277,336.4581937070358,143.8563603635299,0
1595874804.2184234,338.2574195142257,143.8563603635299,0
1595874804.2284317,340.0589198346603,143.8563603635299,0
1595874804.238417,341.85625736670374,143.8563603635299,0
1595874804.2484186,343.65655605749964,143.8563603635299,0
1595874804.2584214,345.45706932501673,143.8563603635299,0
1595874804.2684295,347.25852673010706,143.8563603635299,0
1595874804.2784166,349.0562075849044,143.8563603635299,0
1595874804.2884297,350.85856621222376,143.8563603635299,0
1595874804.2984276,352.65817825751185,143.8563603635299,0
1595874804.3084354,354.45959274725794,143.8563603635299,0
1595874804.3184345,356.2594193692672,143.8563603635299,0
1595874804.3284283,358.05830185370326,143.8563603635299,0
1595874804.338424,359.8575276608932,143.8563603635299,0
1595874804.3392293,360,143.8563603635299,1
1595874804.3392293,0,143.8563603635299,0
1595874804.3486295,1.6920298810469774,143.8563603635299,0
1595874804.3486295,0.8460149405234887,143.0103454230064,0
1595874805.148448,144.81334778048932,143.0103454230064,0
1595874805.158432,146.6104707358116,143.0103454230064,0
1595874805.168437,148.41137024142682,143.0103454230064,0
1595874805.178439,150.21171184756696,143.0103454230064,0
1595874805.1884408,152.0120534537071,143.0103454230064,0
1595874805.1984394,153.8117942450279,143.0103454230064,0
1595874805.2084503,155.6137666342491,143.0103454230064,0
1595874805.218432,157.41046043612897,143.0103454230064,0
1595874805.2284336,159.21075912692487,143.0103454230064,0
1595874805.2384388,161.01170154788434,143.0103454230064,0
1595874805.248437,162.81135650851667,143.0103454230064,0
1595874805.2584336,164.61075397708356,143.0103454230064,0
1595874805.2684314,166.41036602237165,143.0103454230064,0
1595874805.2784438,168.21259590365827,143.0103454230064,0
1595874805.2884316,170.01040550448835,143.0103454230064,0
1595874805.2984443,171.8126783011192,143.0103454230064,0
1595874805.3084323,173.61053081729352,143.0103454230064,0
1595874805.3184376,175.411473238253,143.0103454230064,0
1595874805.3284316,177.21039863803327,143.0103454230064,0
1595874805.3384378,179.0115127203697,143.0103454230064,0
1595874805.3484483,180.8133992789024,143.0103454230064,0
1595874805.3584318,182.6104364035362,143.0103454230064,0
1595874805.3684344,184.41090675570905,143.0103454230064,0
1595874805.3784409,186.2120637533897,143.0103454230064,0
1595874805.3884425,188.0123624441856,143.0103454230064,0
1595874805.3984346,189.81094452121198,143.0103454230064,0
1595874805.408437,191.6113719580406,143.0103454230064,0
1595874805.4184391,193.41175647952497,143.0103454230064,0
1595874805.4284503,195.2137717840904,143.0103454230064,0
1595874805.4384346,197.0109376547569,143.0103454230064,0
1595874805.4484494,198.8135966894859,143.0103454230064,0
1595874805.4584315,200.61037632205426,143.0103454230064,0
1595874805.4684434,202.4125203726524,143.0103454230064,0
1595874805.478436,204.21118828036725,143.0103454230064,0
1595874805.4884443,206.01268860080182,143.0103454230064,0
1595874805.4984467,207.81311603763044,143.0103454230064,0
1595874805.5084429,209.61242767550885,143.0103454230064,0
1595874805.51845,211.41371341922223,143.0103454230064,0
1595874805.5284355,213.21109386660993,143.0103454230064,0
1595874805.538432,215.01044841983258,143.0103454230064,0
1595874805.5484347,216.81096168734967,143.0103454230064,0
1595874805.5584357,218.61113163211286,143.0103454230064,0
1595874805.568432,220.41048618533551,143.0103454230064,0
1595874805.5784435,222.21254440524518,143.0103454230064,0
1595874805.5884361,224.01121231296003,143.0103454230064,0
1595874805.5984445,225.8127126333946,143.0103454230064,0
1595874805.6084392,227.61176677920758,143.0103454230064,0
1595874805.6184335,229.4107350943321,143.0103454230064,0
1595874805.6284418,231.21223541476667,143.0103454230064,0
1595874805.638446,233.0130061743492,143.0103454230064,0
1595874805.6484382,234.81158825137555,143.0103454230064,0
1595874805.6584444,236.61270233371198,143.0103454230064,0
1595874805.6684422,238.41231437900007,143.0103454230064,0
1595874805.6784494,240.21360012271344,143.0103454230064,0
1595874805.6884377,242.011495554232,143.0103454230064,0
1595874805.6984487,243.8134679434532,143.0103454230064,0
1595874805.7084358,245.61114879825055,143.0103454230064,0
1595874805.7184446,247.4127349493736,143.0103454230064,0
1595874805.728446,249.21299072482526,143.0103454230064,0
1595874805.738448,251.0133323309654,143.0103454230064,0
1595874805.7484314,252.8103694555992,143.0103454230064,0
1595874805.7584472,254.61320015170514,143.0103454230064,0
1595874805.7684364,256.41126724460065,143.0103454230064,0
1595874805.7784455,258.21289631106794,143.0103454230064,0
1595874805.788441,260.01207920291364,143.0103454230064,0
1595874805.798446,261.8129787085289,143.0103454230064,0
1595874805.8084457,263.61293407657087,143.0103454230064,0
1595874805.818431,265.4102716086143,143.0103454230064,0
1595874805.828443,267.2124585745567,143.0103454230064,0
1595874805.8384485,269.0134439108604,143.0103454230064,0
1595874805.8484488,270.8134851095909,143.0103454230064,0
1595874805.8584309,272.61026474215925,143.0103454230064,0
1595874805.8684316,274.4103917715782,143.0103454230064,0
1595874805.878445,276.21279331424176,143.0103454230064,0
1595874805.888445,278.012791597628,143.0103454230064,0
1595874805.8984377,279.8115024206871,143.0103454230064,0
1595874805.9084406,281.61201568820417,143.0103454230064,0
1595874805.9184325,283.4105548498863,143.0103454230064,0
1595874805.9284344,285.21089645602643,143.0103454230064,0
1595874805.9384446,287.0127400992149,143.0103454230064,0
1595874805.948448,288.8133391974205,143.0103454230064,0
1595874805.958448,290.6133374808067,143.0103454230064,0
1595874805.9684465,292.4130782721275,143.0103454230064,0
1595874805.9784498,294.2136773703331,143.0103454230064,0
1595874805.9884315,296.01037117221296,143.0103454230064,0
1595874805.9984477,297.8132876990074,143.0103454230064,0
1595874806.0084407,299.6120414374107,143.0103454230064,0
1595874806.0184484,301.41341301181257,143.0103454230064,0
1595874806.0284376,303.2114801047081,143.0103454230064,0
1595874806.0384445,305.0127229330772,143.0103454230064,0
1595874806.0484397,306.8118629095787,143.0103454230064,0
1595874806.058444,308.6126336691612,143.0103454230064,0
1595874806.0684454,310.41288944461286,143.0103454230064,0
1595874806.0784369,312.2113427756065,143.0103454230064,0
1595874806.088437,314.011383974337,143.0103454230064,0
1595874806.0984352,315.8110389349693,143.0103454230064,0
1595874806.1084342,317.6108655569786,143.0103454230064,0
1595874806.1184354,319.411078417086,143.0103454230064,0
1595874806.1284485,321.21343704440534,143.0103454230064,0
1595874806.138438,323.0115470526451,143.0103454230064,0
1595874806.1484306,324.81021496035993,143.0103454230064,0
1595874806.1584349,326.61098571994245,143.0103454230064,0
1595874806.1684387,328.4116706488365,143.0103454230064,0
1595874806.1784468,330.2131280539268,143.0103454230064,0
1595874806.1884494,332.0135984060997,143.0103454230064,0
1595874806.1984422,333.81230922915876,143.0103454230064,0
1595874806.208437,335.61136337497175,143.0103454230064,0
1595874806.2184443,337.41269203402936,143.0103454230064,0
1595874806.2284393,339.2117890951866,143.0103454230064,0
1595874806.2384486,341.0134610769981,143.0103454230064,0
1595874806.248434,342.8108415243858,143.0103454230064,0
1595874806.258437,344.6113547919029,143.0103454230064,0
1595874806.268435,346.4110097525352,143.0103454230064,0
1595874806.2784364,348.2112655279869,143.0103454230064,0
1595874806.2884467,350.01310917117536,143.0103454230064,0
1595874806.2984338,351.8107900259727,143.0103454230064,0
1595874806.3084302,353.6101445791954,143.0103454230064,0
1595874806.3184416,355.41220279910505,143.0103454230064,0
1595874806.3284357,357.2111281988853,143.0103454230064,0
1595874806.3384361,359.01121231296,143.0103454230064,0
1595874806.343936,360,143.0103454230064,1
1595874806.343936,0,143.0103454230064,0
1595874806.3499804,1.0879716513389326,143.0103454230064,0
1595874806.3499804,0.5439858256694663,142.46635959733695,0
1595874807.148454,144.26923320878714,142.46635959733695,0
1595874807.1584456,146.06772945512503,142.46635959733695,0
1595874807.168449,147.8683285533306,142.46635959733695,0
1595874807.178449,149.66832683671683,142.46635959733695,0
1595874807.1884496,151.46845386613577,142.46635959733695,0
1595874807.1984532,153.26909587968558,142.46635959733695,0
1595874807.2084568,155.06973789323538,142.46635959733695,0
1595874807.2184527,156.86900661576956,142.46635959733695,0
1595874807.228442,158.66707370866507,142.46635959733695,0
1595874807.238455,160.4694323359844,142.46635959733695,0
1595874807.248445,162.26762817491263,142.46635959733695,0
1595874807.2584555,164.06951473344535,142.46635959733695,0
1595874807.2684424,165.86715267289847,142.46635959733695,0
1595874807.2784395,167.66663597215384,142.46635959733695,0
1595874807.2884405,169.46680591691702,142.46635959733695,0
1595874807.2984438,171.2674050151226,142.46635959733695,0
1595874807.3084567,173.0697207270977,142.46635959733695,0
1595874807.3184428,174.8672299205181,142.46635959733695,0
1595874807.3284497,176.66847274888724,142.46635959733695,0
1595874807.3384495,178.46842811692923,142.46635959733695,0
1595874807.3484523,180.26894138444632,142.46635959733695,0
1595874807.358447,182.0679955302593,142.46635959733695,0
1595874807.3684497,183.86846588243216,142.46635959733695,0
1595874807.3784413,185.66696212877005,142.46635959733695,0
1595874807.3884504,187.46859119523734,142.46635959733695,0
1595874807.3984416,189.26700161088675,142.46635959733695,0
1595874807.4084523,191.0689310847637,142.46635959733695,0
1595874807.4184513,192.86875770677298,142.46635959733695,0
1595874807.4284532,194.66909931291312,142.46635959733695,0
1595874807.438454,196.46922634233206,142.46635959733695,0
1595874807.448444,198.2674221812603,142.46635959733695,0
1595874807.4584403,200.06677673448294,142.46635959733695,0
1595874807.4684436,201.8673758326885,142.46635959733695,0
1595874807.4784436,203.66737411607474,142.46635959733695,0
1595874807.4884481,205.4681877910015,142.46635959733695,0
1595874807.4984412,207.26694152940482,142.46635959733695,0
1595874807.5084548,209.06938598741263,142.46635959733695,0
1595874807.5184534,210.86912677873343,142.46635959733695,0
1595874807.5284476,212.66809509385794,142.46635959733695,0
1595874807.538448,214.46817920793265,142.46635959733695,0
1595874807.5484397,216.26667545427054,142.46635959733695,0
1595874807.5584552,218.06946323503226,142.46635959733695,0
1595874807.568439,219.8665432750103,142.46635959733695,0
1595874807.5784411,221.66692779649466,142.46635959733695,0
1595874807.588453,223.4690718470928,142.46635959733695,0
1595874807.5984397,225.2666668712017,142.46635959733695,0
1595874807.6084392,227.06657932389945,142.46635959733695,0
1595874807.6184423,228.86713550676077,142.46635959733695,0
1595874807.6284406,230.66683338273734,142.46635959733695,0
1595874807.6384492,232.46837661851615,142.46635959733695,0
1595874807.6484482,234.26820324052542,142.46635959733695,0
1595874807.6584423,236.0671286403057,142.46635959733695,0
1595874807.66845,237.8685431300518,142.46635959733695,0
1595874807.6784446,239.66755436052054,142.46635959733695,0
1595874807.6884522,241.4689259349224,142.46635959733695,0
1595874807.698444,243.2674221812603,142.46635959733695,0
1595874807.7084498,245.06849334825247,142.46635959733695,0
1595874807.7184389,246.86651752580374,142.46635959733695,0
1595874807.7284548,248.66939113725394,142.46635959733695,0
1595874807.7384424,250.46715782273978,142.46635959733695,0
1595874807.7484376,252.26629779924124,142.46635959733695,0
1595874807.7584565,254.0696863948223,142.46635959733695,0
1595874807.7684438,255.8674101649639,142.46635959733695,0
1595874807.7784412,257.6669363795635,142.46635959733695,0
1595874807.7884424,259.4671492396709,142.46635959733695,0
1595874807.7984521,261.2689070521709,142.46635959733695,0
1595874807.8084526,263.0689911662456,142.46635959733695,0
1595874807.8184521,264.86890361894336,142.46635959733695,0
1595874807.8284454,266.6677002726909,142.46635959733695,0
1595874807.8384416,268.46701191056934,142.46635959733695,0
1595874807.848442,270.26709602464405,142.46635959733695,0
1595874807.858443,272.06726596940723,142.46635959733695,0
1595874807.8684385,273.86644886125293,142.46635959733695,0
1595874807.8784492,275.6683783351299,142.46635959733695,0
1595874807.8884501,277.46854827989307,142.46635959733695,0
1595874807.8984456,279.2677311717388,142.46635959733695,0
1595874807.9084451,281.0676436244365,142.46635959733695,0
1595874807.9184415,282.8669981776592,142.46635959733695,0
1595874807.9284475,284.66806934465137,142.46635959733695,0
1595874807.9384537,286.4691834269878,142.46635959733695,0
1595874807.9484544,288.26931045640674,142.46635959733695,0
1595874807.9584537,290.06917999376026,142.46635959733695,0
1595874807.9684558,291.86956451524463,142.46635959733695,0
1595874807.9784417,293.6670307933208,142.46635959733695,0
1595874807.9884493,295.46840236772266,142.46635959733695,0
1595874807.9984431,297.2672848521587,142.46635959733695,0
1595874808.008444,299.0674547969219,142.46635959733695,0
1595874808.01844,300.86672351945606,142.46635959733695,0
1595874808.0284557,302.669554215562,142.46635959733695,0
1595874808.0384374,304.4662480174419,142.46635959733695,0
1595874808.0484385,306.2664608775493,142.46635959733695,0
1595874808.0584493,308.0683903514263,142.46635959733695,0
1595874808.0684419,309.8670582591411,142.46635959733695,0
1595874808.0784502,311.6685585795757,142.46635959733695,0
1595874808.088451,313.46868560899463,142.46635959733695,0
1595874808.0984426,315.2671818553325,142.46635959733695,0
1595874808.1084554,317.0694975673076,142.46635959733695,0
1595874808.118453,318.86906669725147,142.46635959733695,0
1595874808.128446,320.6678204356548,142.46635959733695,0
1595874808.1384373,322.4662308513042,142.46635959733695,0
1595874808.1484425,324.2671732722637,142.46635959733695,0
1595874808.1584513,326.0687594233867,142.46635959733695,0
1595874808.1684453,327.867684823167,142.46635959733695,0
1595874808.1784542,329.66927097429004,142.46635959733695,0
1595874808.1884413,331.4669518290874,142.46635959733695,0
1595874808.1984425,333.26716468919483,142.46635959733695,0
1595874808.2084494,335.06840751756397,142.46635959733695,0
1595874808.2184448,336.8675904094097,142.46635959733695,0
1595874808.228448,338.668146592271,142.46635959733695,0
1595874808.2384381,340.46638534654346,142.46635959733695,0
1595874808.248437,342.2661690532085,142.46635959733695,0
1595874808.2584398,344.0666823207256,142.46635959733695,0
1595874808.2684436,345.86736724961963,142.46635959733695,0
1595874808.2784476,347.6680950938579,142.46635959733695,0
1595874808.288454,349.4692520915386,142.46635959733695,0
1595874808.2984502,351.268563729417,142.46635959733695,0
1595874808.308443,353.0672745524761,142.46635959733695,0
1595874808.3184533,354.86911819566456,142.46635959733695,0
1595874808.3284547,356.6693739711162,142.46635959733695,0
1595874808.3384504,358.46859977830616,142.46635959733695,0
1595874808.3469596,360,142.46635959733695,1
1595874808.3469596,0,142.46635959733695,0
1595874808.3576071,1.9165472804424155,142.46635959733695,0
1595874808.3576071,0.9582736402212078,141.50808595711572,0
1595874809.14844,143.30817007119043,141.50808595711572,0
1595874809.15844,145.1082112699209,141.50808595711572,0
1595874809.168447,146.90945409829004,141.50808595711572,0
1595874809.1784577,148.711383572167,141.50808595711572,0
1595874809.1884425,150.50863527352197,141.50808595711572,0
1595874809.1984494,152.30987810189112,141.50808595711572,0
1595874809.2084527,154.11047720009668,141.50808595711572,0
1595874809.2184505,155.91008924538477,141.50808595711572,0
1595874809.22845,157.71000169808252,141.50808595711572,0
1595874809.2384524,159.51042913491113,141.50808595711572,0
1595874809.248445,161.30909704262598,141.50808595711572,0
1595874809.2584512,163.1102111249624,141.50808595711572,0
1595874809.268442,164.90853570992334,141.50808595711572,0
1595874809.2784455,166.70917772347315,141.50808595711572,0
1595874809.2884524,168.5104205518423,141.50808595711572,0
1595874809.298448,170.30964635903223,141.50808595711572,0
1595874809.3084564,172.1111466794668,141.50808595711572,0
1595874809.3184538,173.9106728940664,141.50808595711572,0
1595874809.3284407,175.70831083351953,141.50808595711572,0
1595874809.338457,177.5112702756582,141.50808595711572,0
1595874809.348453,179.31053899819238,141.50808595711572,0
1595874809.3584578,181.11139558846338,141.50808595711572,0
1595874809.3684556,182.91100763375147,141.50808595711572,0
1595874809.3784525,184.7104480176626,141.50808595711572,0
1595874809.3884447,186.50903009468897,141.50808595711572,0
1595874809.398451,188.31018709236963,141.50808595711572,0
1595874809.408454,190.11070035988672,141.50808595711572,0
1595874809.4184477,191.90958284432276,141.50808595711572,0
1595874809.4284399,193.70816492134912,141.50808595711572,0
1595874809.4384444,195.50897859627588,141.50808595711572,0
1595874809.4484463,197.30932020241602,141.50808595711572,0
1595874809.4584515,199.1102626233755,141.50808595711572,0
1595874809.4684432,200.90875886971338,141.50808595711572,0
1595874809.478456,202.71107458168848,141.50808595711572,0
1595874809.4884453,204.509141674584,141.50808595711572,0
1595874809.4984417,206.30849622780664,141.50808595711572,0
1595874809.5084498,208.10995363289697,141.50808595711572,0
1595874809.5184448,209.9090506940542,141.50808595711572,0
1595874809.5284557,211.7110230832754,141.50808595711572,0
1595874809.5384452,213.50913309151514,141.50808595711572,0
1595874809.548456,215.3110625653921,141.50808595711572,0
1595874809.5584562,217.11110376412256,141.50808595711572,0
1595874809.56845,218.9099862485586,141.50808595711572,0
1595874809.578453,220.71054243141992,141.50808595711572,0
1595874809.5884392,222.50805162484033,141.50808595711572,0
1595874809.5984468,224.3094231992422,141.50808595711572,0
1595874809.60844,226.1081769376455,141.50808595711572,0
1595874809.6184547,227.9108359723745,141.50808595711572,0
1595874809.6284397,229.70813058907373,141.50808595711572,0
1595874809.6384501,231.51001714760645,141.50808595711572,0
1595874809.6484501,233.31001543099268,141.50808595711572,0
1595874809.6584425,235.10864042336328,141.50808595711572,0
1595874809.6684418,236.9085099607168,141.50808595711572,0
1595874809.6784573,238.71129774147852,141.50808595711572,0
1595874809.6884496,240.50992273384912,141.50808595711572,0
1595874809.6984556,242.3109939008413,141.50808595711572,0
1595874809.7084396,244.10811685616358,141.50808595711572,0
1595874809.7184536,245.91064714485987,141.50808595711572,0
1595874809.7284443,247.7089717298208,141.50808595711572,0
1595874809.738441,249.5083691983877,141.50808595711572,0
1595874809.7484446,251.3090112119375,141.50808595711572,0
1595874809.7584407,253.10832284981592,141.50808595711572,0
1595874809.7684536,254.91063856179102,141.50808595711572,0
1595874809.7784443,256.70896314675196,141.50808595711572,0
1595874809.7884424,258.5086181073843,141.50808595711572,0
1595874809.7984421,260.3085734754263,141.50808595711572,0
1595874809.8084435,262.10882925087793,141.50808595711572,0
1595874809.8184512,263.9102008252798,141.50808595711572,0
1595874809.8284464,265.70934080178125,141.50808595711572,0
1595874809.8384519,267.51032613808496,141.50808595711572,0
1595874809.8484454,269.30916570717676,141.50808595711572,0
1595874809.8584433,271.10877775246485,141.50808595711572,0
1595874809.8684518,272.91032098824365,141.50808595711572,0
1595874809.878448,274.7096326261221,141.50808595711572,0
1595874809.8884387,276.507957211083,141.50808595711572,0
1595874809.8984456,278.30920003945215,141.50808595711572,0
1595874809.9084466,280.10936998421533,141.50808595711572,0
1595874809.918447,281.90945409829004,141.50808595711572,0
1595874809.9284415,283.7084653287588,141.50808595711572,0
1595874809.9384525,285.51043771798,141.50808595711572,0
1595874809.9484553,287.3109509854971,141.50808595711572,0
1595874809.9584408,289.10833143288477,141.50808595711572,0
1595874809.9684536,290.91064714485987,141.50808595711572,0
1595874809.9784489,292.70978712136133,141.50808595711572,0
1595874809.988443,294.5087125211416,141.50808595711572,0
1595874809.9984388,296.3079812436758,141.50808595711572,0
1595874810.008444,298.10892366463526,141.50808595711572,0
1595874810.0184538,299.91068147713526,141.50808595711572,0
1595874810.028449,301.7098214536367,141.50808595711572,0
1595874810.038457,303.5112359433828,141.50808595711572,0
1595874810.0484538,305.31067632729395,141.50808595711572,0
1595874810.0584552,307.1109321027456,141.50808595711572,0
1595874810.0684428,308.90869878823145,141.50808595711572,0
1595874810.0784552,310.71092866951807,141.50808595711572,0
1595874810.0884464,312.5093390851675,141.50808595711572,0
1595874810.0984404,314.30826448494776,141.50808595711572,0
1595874810.1084428,316.10869192177637,141.50808595711572,0
1595874810.118454,317.9107072263418,141.50808595711572,0
1595874810.1284435,319.70881723458155,141.50808595711572,0
1595874810.1384563,321.51113294655664,141.50808595711572,0
1595874810.1484485,323.309715023583,141.50808595711572,0
1595874810.158454,325.1107003598867,141.50808595711572,0
1595874810.1684384,326.90790914589746,141.50808595711572,0
1595874810.17845,328.71001028115137,141.50808595711572,0
1595874810.188443,330.50872110421045,141.50808595711572,0
1595874810.198447,332.30944894844873,141.50808595711572,0
1595874810.2084427,334.1086747556387,141.50808595711572,0
1595874810.2184405,335.90828680092676,141.50808595711572,0
1595874810.2284508,337.71013044411524,141.50808595711572,0
1595874810.2384408,339.50832628304346,141.50808595711572,0
1595874810.2484426,341.3086678891836,141.50808595711572,0
1595874810.2584555,343.1109836011587,141.50808595711572,0
1595874810.2684574,344.91132520729883,141.50808595711572,0
1595874810.278449,346.7098214536367,141.50808595711572,0
1595874810.2884452,348.50913309151514,141.50808595711572,0
1595874810.298449,350.3098180204092,141.50808595711572,0
1595874810.3084476,352.10955881173,141.50808595711572,0
1595874810.3184543,353.9107587247549,141.50808595711572,0
1595874810.3284497,355.7099416166006,141.50808595711572,0
1595874810.3384535,357.51062654549463,141.50808595711572,0
1595874810.3484511,359.3101956754385,141.50808595711572,0
1595874810.3522837,360,141.50808595711572,1
1595874810.3522837,0,141.50808595711572,0
1595874810.3577185,0.9782721906362326,141.50808595711572,0
1595874810.3577185,0.4891360953181163,141.0189498617976,0
1595874811.1484494,142.8207076742976,141.0189498617976,0
1595874811.1584404,144.61907517460278,141.0189498617976,0
1595874811.1684437,146.41967427280835,141.0189498617976,0
1595874811.1784463,148.2201446249812,141.0189498617976,0
1595874811.1884515,150.02108704594067,141.0189498617976,0
1595874811.1984565,151.8219865515559,141.0189498617976,0
1595874811.208456,153.62189900425366,141.0189498617976,0
1595874811.2184513,155.42103898075513,141.0189498617976,0
1595874811.2284489,157.22060811069898,141.0189498617976,0
1595874811.2384534,159.02142178562573,141.0189498617976,0
1595874811.248451,160.82099091556958,141.0189498617976,0
1595874811.2584422,162.619401331219,141.0189498617976,0
1595874811.2684417,164.41931378391675,141.0189498617976,0
1595874811.2784472,166.22029912022046,141.0189498617976,0
1595874811.2884517,168.02111279514722,141.0189498617976,0
1595874811.2984467,169.82020985630444,141.0189498617976,0
1595874811.3084483,171.62050854710034,141.0189498617976,0
1595874811.318454,173.4215367987483,141.0189498617976,0
1595874811.3284445,175.219818468365,141.0189498617976,0
1595874811.338458,177.0222629263728,141.0189498617976,0
1595874811.3484435,178.8196433737605,141.0189498617976,0
1595874811.3584566,180.62200200107984,141.0189498617976,0
1595874811.368453,182.4213565543025,141.0189498617976,0
1595874811.378447,184.22028195408276,141.0189498617976,0
1595874811.3884475,186.02036606815747,141.0189498617976,0
1595874811.3984575,187.8221667960017,141.0189498617976,0
1595874811.4084558,189.62186467197827,141.0189498617976,0
1595874811.4184568,191.42203461674146,141.0189498617976,0
1595874811.4284575,193.2221616461604,141.0189498617976,0
1595874811.4384525,195.02125870731763,141.0189498617976,0
1595874811.4484503,196.8208707526057,141.0189498617976,0
1595874811.4584537,198.62146985081128,141.0189498617976,0
1595874811.468446,200.4200948431819,141.0189498617976,0
1595874811.478451,202.22099434879712,141.0189498617976,0
1595874811.488451,204.02099263218335,141.0189498617976,0
1595874811.498447,205.82026135471753,141.0189498617976,0
1595874811.5084486,207.62056004551343,141.0189498617976,0
1595874811.5184577,209.4221891119807,141.0189498617976,0
1595874811.5284448,211.21986996677808,141.0189498617976,0
1595874811.538451,213.0209840491145,141.0189498617976,0
1595874811.548446,214.82008111027173,141.0189498617976,0
1595874811.5584397,216.61896359470776,141.0189498617976,0
1595874811.5684457,218.42003476169995,141.0189498617976,0
1595874811.5784528,220.22132050541333,141.0189498617976,0
1595874811.5884402,222.01904427555493,141.0189498617976,0
1595874811.5984428,223.81951462772778,141.0189498617976,0
1595874811.60845,225.62080037144116,141.0189498617976,0
1595874811.6184442,227.41976868656567,141.0189498617976,0
1595874811.6284518,229.22114026096753,141.0189498617976,0
1595874811.6384459,231.0200656607478,141.0189498617976,0
1595874811.6484525,232.8212655737727,141.0189498617976,0
1595874811.6584482,234.62049138096265,141.0189498617976,0
1595874811.6684394,236.41890179661206,141.0189498617976,0
1595874811.6784465,238.22018754032544,141.0189498617976,0
1595874811.6884415,240.01928460148267,141.0189498617976,0
1595874811.698441,241.81919705418042,141.0189498617976,0
1595874811.7084465,243.62018239048413,141.0189498617976,0
1595874811.7184396,245.41893612888745,141.0189498617976,0
1595874811.7284474,247.22035061863355,141.0189498617976,0
1595874811.7384422,249.01940476444653,141.0189498617976,0
1595874811.7484555,250.8218063071101,141.0189498617976,0
1595874811.7584426,252.61948716190747,141.0189498617976,0
1595874811.7684538,254.4215024664729,141.0189498617976,0
1595874811.7784517,256.221114511761,141.0189498617976,0
1595874811.7884402,258.0190528586238,141.0189498617976,0
1595874811.7984521,259.82119690922195,141.0189498617976,0
1595874811.808455,261.62171017673904,141.0189498617976,0
1595874811.818445,263.41990601566727,141.0189498617976,0
1595874811.8284504,265.220891351971,141.0189498617976,0
1595874811.8384485,267.0205463126033,141.0189498617976,0
1595874811.8484402,268.8190425589412,141.0189498617976,0
1595874811.8584478,270.62041413334305,141.0189498617976,0
1595874811.8684433,272.41959702518875,141.0189498617976,0
1595874811.8784425,274.21946656254227,141.0189498617976,0
1595874811.8884473,276.02032315281326,141.0189498617976,0
1595874811.8984432,277.81959187534744,141.0189498617976,0
1595874811.9084527,279.6213067725032,141.0189498617976,0
1595874811.91844,281.4190305426448,141.0189498617976,0
1595874811.9284396,283.21894299534256,141.0189498617976,0
1595874811.9384432,285.01958500889236,141.0189498617976,0
1595874811.9484534,286.82142865208084,141.0189498617976,0
1595874811.9584482,288.6204827978938,141.0189498617976,0
1595874811.9684434,290.4196227743953,141.0189498617976,0
1595874811.9784546,292.2216380789607,141.0189498617976,0
1595874811.9884546,294.02163636234695,141.0189498617976,0
1595874811.9984462,295.82013260868484,141.0189498617976,0
1595874812.0084527,297.6212896063655,141.0189498617976,0
1595874812.0184455,299.4200004294246,141.0189498617976,0
1595874812.0284545,301.2216294958919,141.0189498617976,0
1595874812.0384402,303.0190528586238,141.0189498617976,0
1595874812.0484457,304.8200381949275,141.0189498617976,0
1595874812.0584464,306.62016522434647,141.0189498617976,0
1595874812.0684388,308.41879021671707,141.0189498617976,0
1595874812.078456,310.22187840488846,141.0189498617976,0
1595874812.0884583,312.02230584171707,141.0189498617976,0
1595874812.0984545,313.8216174795955,141.0189498617976,0
1595874812.1084394,315.6189120962947,141.0189498617976,0
1595874812.1184545,317.42161404636795,141.0189498617976,0
1595874812.1284409,319.2191661551326,141.0189498617976,0
1595874812.1384459,321.02006566074783,141.0189498617976,0
1595874812.1484544,322.82160889652664,141.0189498617976,0
1595874812.158446,324.62010514286453,141.0189498617976,0
1595874812.1684537,326.4214767172664,141.0189498617976,0
1595874812.1784573,328.2221187308162,141.0189498617976,0
1595874812.1884508,330.020958299908,141.0189498617976,0
1595874812.1984513,331.8210424139827,141.0189498617976,0
1595874812.2084436,333.6196674063533,141.0189498617976,0
1595874812.2184548,335.42168271091873,141.0189498617976,0
1595874812.2284524,337.2212518408626,141.0189498617976,0
1595874812.2384505,339.0209068014949,141.0189498617976,0
1595874812.2484562,340.82193505314285,141.0189498617976,0
1595874812.2584538,342.6215041830867,141.0189498617976,0
1595874812.2684574,344.4221461966365,141.0189498617976,0
1595874812.2784445,346.21982705143387,141.0189498617976,0
1595874812.2884529,348.02132737186844,141.0189498617976,0
1595874812.2984402,349.81905114201004,141.0189498617976,0
1595874812.3084476,351.62037980106766,141.0189498617976,0
1595874812.31844,353.41900479343826,141.0189498617976,0
1595874812.3284442,355.2197755530208,141.0189498617976,0
1595874812.3384423,357.0194305136531,141.0189498617976,0
1595874812.3484414,358.8192571356624,141.0189498617976,0
1595874812.3550165,360,141.0189498617976,1
1595874812.3550165,0,141.0189498617976,0
1595874812.3640754,1.630598421367921,141.0189498617976,0
1595874812.3640754,0.8152992106839605,140.20365065111366,0
1595874813.148461,142.00472181810585,140.20365065111366,0
1595874813.158468,143.805964646475,140.20365065111366,0
1595874813.1684692,145.6061775065824,140.20365065111366,0
1595874813.1784623,147.40493124498573,140.20365065111366,0
1595874813.1884677,149.20591658128944,140.20365065111366,0
1595874813.1984613,151.00475615038124,140.20365065111366,0
1595874813.2084734,152.80694311632362,140.20365065111366,0
1595874813.21847,154.60634058489052,140.20365065111366,0
1595874813.2284663,156.40565222276894,140.20365065111366,0
1595874813.2384555,158.20371931566444,140.20365065111366,0
1595874813.2484572,160.00401800646034,140.20365065111366,0
1595874813.2584743,161.80710619463173,140.20365065111366,0
1595874813.268467,163.60577410234657,140.20365065111366,0
1595874813.278466,165.40560072435585,140.20365065111366,0
1595874813.2884598,167.20448320879188,140.20365065111366,0
1595874813.2984653,169.0054685450956,140.20365065111366,0
1595874813.308455,170.80362146867958,140.20365065111366,0
1595874813.3184721,172.60670965685097,140.20365065111366,0
1595874813.3284557,174.40374678148476,140.20365065111366,0
1595874813.338455,176.20361631883827,140.20365065111366,0
1595874813.3484728,178.00683325304237,140.20365065111366,0
1595874813.3584578,179.8041278697416,140.20365065111366,0
1595874813.3684587,181.60429781450478,140.20365065111366,0
1595874813.378463,183.4050685740873,140.20365065111366,0
1595874813.3884704,185.2063972331449,140.20365065111366,0
1595874813.398464,187.0052368022367,140.20365065111366,0
1595874813.408462,188.80489176286903,140.20365065111366,0
1595874813.4184594,190.60441797746864,140.20365065111366,0
1595874813.4284625,192.40497416032997,140.20365065111366,0
1595874813.4384649,194.20540159715858,140.20365065111366,0
1595874813.4484575,196.00406950487343,140.20365065111366,0
1595874813.458473,197.80685728563515,140.20365065111366,0
1595874813.4684572,199.60402315630165,140.20365065111366,0
1595874813.4784691,201.4061672068998,140.20365065111366,0
1595874813.4884696,203.2062513209745,140.20365065111366,0
1595874813.4984593,205.0044042445585,140.20365065111366,0
1595874813.5084548,206.8035871364042,140.20365065111366,0
1595874813.518474,208.60706156267372,140.20365065111366,0
1595874813.5284579,210.40414160265175,140.20365065111366,0
1595874813.5384727,212.20680063738075,140.20365065111366,0
1595874813.5484586,214.00426691545692,140.20365065111366,0
1595874813.5584562,215.80383604540077,140.20365065111366,0
1595874813.568467,217.60576551927772,140.20365065111366,0
1595874813.5784585,219.40426176561562,140.20365065111366,0
1595874813.5884576,221.2040883876249,140.20365065111366,0
1595874813.5984633,223.00511663927284,140.20365065111366,0
1595874813.608472,224.8067027903959,140.20365065111366,0
1595874813.618464,226.60524195207802,140.20365065111366,0
1595874813.628468,228.4059697963163,140.20365065111366,0
1595874813.6384592,230.2043802119657,140.20365065111366,0
1595874813.6484604,232.00459307207313,140.20365065111366,0
1595874813.6584592,233.80437677873817,140.20365065111366,0
1595874813.6684618,235.60484713091103,140.20365065111366,0
1595874813.6784644,237.40531748308388,140.20365065111366,0
1595874813.6884642,239.20527285112587,140.20365065111366,0
1595874813.698463,241.0050565577909,140.20365065111366,0
1595874813.7084694,242.80621355547157,140.20365065111366,0
1595874813.718472,244.60668390764442,140.20365065111366,0
1595874813.7284594,246.40440767778603,140.20365065111366,0
1595874813.7384725,248.20676630510536,140.20365065111366,0
1595874813.7484603,250.00457590593544,140.20365065111366,0
1595874813.7584631,251.80508917345253,140.20365065111366,0
1595874813.7684672,253.6058170176908,140.20365065111366,0
1595874813.7784717,255.40663069261757,140.20365065111366,0
1595874813.788467,257.20577066911903,140.20365065111366,0
1595874813.7984636,259.0051681376859,140.20365065111366,0
1595874813.8084714,260.806582627432,140.20365065111366,0
1595874813.8184638,262.6052076198026,140.20365065111366,0
1595874813.8284626,264.40499132646767,140.20365065111366,0
1595874813.8384562,266.20383089555946,140.20365065111366,0
1595874813.848464,268.00524538530556,140.20365065111366,0
1595874813.8584666,269.8057157374784,140.20365065111366,0
1595874813.868458,271.60416906847206,140.20365065111366,0
1595874813.8784616,273.40481108202187,140.20365065111366,0
1595874813.8884718,275.20665472521034,140.20365065111366,0
1595874813.8984637,277.00519388689247,140.20365065111366,0
1595874813.9084601,278.8045484401151,140.20365065111366,0
1595874813.9184635,280.6051475383207,140.20365065111366,0
1595874813.9284554,282.4036867000028,140.20365065111366,0
1595874813.9384718,284.2066461421415,140.20365065111366,0
1595874813.948473,286.0068590022489,140.20365065111366,0
1595874813.9584634,287.8051406718656,140.20365065111366,0
1595874813.968469,289.6061260081693,140.20365065111366,0
1595874813.9784553,291.403678116934,140.20365065111366,0
1595874813.9884655,293.20552176012245,140.20365065111366,0
1595874813.998456,295.00380342973915,140.20365065111366,0
1595874814.0084708,296.80646246446815,140.20365065111366,0
1595874814.0184658,298.6055595256254,140.20365065111366,0
1595874814.0284555,300.40371244920937,140.20365065111366,0
1595874814.0384676,302.20589941515175,140.20365065111366,0
1595874814.048466,304.0055972911283,140.20365065111366,0
1595874814.0584583,305.8042222834989,140.20365065111366,0
1595874814.068466,307.6055938579008,140.20365065111366,0
1595874814.0784655,309.4055063105985,140.20365065111366,0
1595874814.0884655,311.20550459398476,140.20365065111366,0
1595874814.0984592,313.0043870784208,140.20365065111366,0
1595874814.1084661,314.80562990678993,140.20365065111366,0
1595874814.1184547,316.6035682536527,140.20365065111366,0
1595874814.1284575,318.4040815211698,140.20365065111366,0
1595874814.138471,320.2064830638334,140.20365065111366,0
1595874814.1484678,322.0059234477445,140.20365065111366,0
1595874814.1584673,323.8058359004423,140.20365065111366,0
1595874814.1684647,325.6053621150419,140.20365065111366,0
1595874814.1784647,327.4053603984281,140.20365065111366,0
1595874814.1884701,329.2063457347318,140.20365065111366,0
1595874814.198456,331.003812012808,140.20365065111366,0
1595874814.2084677,332.8059131480619,140.20365065111366,0
1595874814.218459,334.6043235637113,140.20365065111366,0
1595874814.2284553,336.403678116934,140.20365065111366,0
1595874814.2384682,338.2059938289091,140.20365065111366,0
1595874814.248462,340.0048763133451,140.20365065111366,0
1595874814.2584648,341.8053895808622,140.20365065111366,0
1595874814.268463,343.6050445414945,140.20365065111366,0
1595874814.2784636,345.40517157091347,140.20365065111366,0
1595874814.2884648,347.2053844310209,140.20365065111366,0
1595874814.2984676,349.005897698538,140.20365065111366,0
1595874814.3084555,350.80370729936806,140.20365065111366,0
1595874814.3184636,352.6051647044584,140.20365065111366,0
1595874814.3284647,354.4053775645658,140.20365065111366,0
1595874814.3384674,356.20584791673866,140.20365065111366,0
1595874814.348473,358.0068761683866,140.20365065111366,0
1595874814.3584685,359.8060590602323,140.20365065111366,0
1595874814.3595607,360,140.20365065111366,1
1595874814.3595607,0,140.20365065111366,0
1595874815.1484706,142.0037776805326,140.20365065111366,0
1595874815.158474,143.80437677873817,140.20365065111366,0
1595874815.1684804,145.60553377641884,140.20365065111366,0
1595874815.178483,147.4060041285917,140.20365065111366,0
1595874815.1884725,149.20411413683144,140.20365065111366,0
1595874815.198487,151.0067302562162,140.20365065111366,0
1595874815.208471,152.80385321153847,140.20365065111366,0
1595874815.2184794,154.60535353197304,140.20365065111366,0
1595874815.2284853,156.40642469896522,140.20365065111366,0
1595874815.2384791,158.20530718340126,140.20365065111366,0
1595874815.248488,160.0068933345243,140.20365065111366,0
1595874815.2584825,161.80590456499306,140.20365065111366,0
1595874815.2684803,163.60551661028114,140.20365065111366,0
1595874815.278473,165.404184517996,140.20365065111366,0
1595874815.2884746,167.20448320879188,140.20365065111366,0
1595874815.2984817,169.00576895250526,140.20365065111366,0
1595874815.3084743,170.8044368602201,140.20365065111366,0
1595874815.318476,172.604735551016,140.20365065111366,0
1595874815.3284798,174.40542047991005,140.20365065111366,0
1595874815.3384845,176.20627707018105,140.20365065111366,0
1595874815.3484824,178.00588911546913,140.20365065111366,0
1595874815.358478,179.80511492265907,140.20365065111366,0
1595874815.3684804,181.60554235948769,140.20365065111366,0
1595874815.378483,183.40601271166054,140.20365065111366,0
1595874815.3884778,185.20506685747353,140.20365065111366,0
1595874815.3984745,187.00446432604042,140.20365065111366,0
1595874815.4084818,188.80579298509804,140.20365065111366,0
1595874815.4184842,190.60622042192665,140.20365065111366,0
1595874815.4284837,192.4061328746244,140.20365065111366,0
1595874815.4384723,194.2040712214872,140.20365065111366,0
1595874815.4484787,196.00522821916786,140.20365065111366,0
1595874815.458473,197.80419653429237,140.20365065111366,0
1595874815.468476,199.6047527171537,140.20365065111366,0
1595874815.4784727,201.4041501857206,140.20365065111366,0
1595874815.488473,203.20419138445106,140.20365065111366,0
1595874815.4984696,205.00358885301796,140.20365065111366,0
1595874815.5084813,206.80568998827187,140.20365065111366,0
1595874815.5184858,208.60650366319862,140.20365065111366,0
1595874815.528474,210.40439909471718,140.20365065111366,0
1595874815.5384836,212.20611399187294,140.20365065111366,0
1595874815.5484736,214.00430983080116,140.20365065111366,0
1595874815.558487,215.80671137346474,140.20365065111366,0
1595874815.5684776,217.60503595842567,140.20365065111366,0
1595874815.5784805,219.40554922594276,140.20365065111366,0
1595874815.588476,221.20473211778847,140.20365065111366,0
1595874815.5984707,223.00378626360146,140.20365065111366,0
1595874815.6084836,224.80610197557655,140.20365065111366,0
1595874815.618472,226.60404032243935,140.20365065111366,0
1595874815.6284747,228.4045106746122,140.20365065111366,0
1595874815.638488,230.20691221727577,140.20365065111366,0
1595874815.6484838,232.0061380244657,140.20365065111366,0
1595874815.65847,233.80364721788612,140.20365065111366,0
1595874815.6684864,235.6066066600248,140.20365065111366,0
1595874815.678475,237.4045450068876,140.20365065111366,0
1595874815.688474,239.20437162889687,140.20365065111366,0
1595874815.6984751,241.0045844890043,140.20365065111366,0
1595874815.708488,242.80690020097938,140.20365065111366,0
1595874815.7184803,244.60552519335,140.20365065111366,0
1595874815.7284718,246.40397852434364,140.20365065111366,0
1595874815.7384713,248.2038909770414,140.20365065111366,0
1595874815.7484713,250.00388926042763,140.20365065111366,0
1595874815.7584782,251.80513208879677,140.20365065111366,0
1595874815.76848,253.6054736949369,140.20365065111366,0
1595874815.7784727,255.40414160265175,140.20365065111366,0
1595874815.788481,257.2056419230863,140.20365065111366,0
1595874815.7984767,259.00486773027626,140.20365065111366,0
1595874815.8084862,260.806582627432,140.20365065111366,0
1595874815.8184838,262.60615175737587,140.20365065111366,0
1595874815.828473,264.4042188502714,140.20365065111366,0
1595874815.838472,266.2040025569364,140.20365065111366,0
1595874815.8484879,268.0068761683866,140.20365065111366,0
1595874815.8584712,269.80387037767616,140.20365065111366,0
1595874815.8684878,271.6068727351591,140.20365065111366,0
1595874815.878488,273.40691393388954,140.20365065111366,0
1595874815.888484,275.2061826564237,140.20365065111366,0
1595874815.8984804,277.0055372096464,140.20365065111366,0
1595874815.9084804,278.8055354930326,140.20365065111366,0
1595874815.91847,280.60364550127235,140.20365065111366,0
1595874815.9284766,282.40484541429726,140.20365065111366,0
1595874815.9384875,284.20681780351845,140.20365065111366,0
1595874815.948486,286.00655859483925,140.20365065111366,0
1595874815.958486,287.8065568782255,140.20365065111366,0
1595874815.968475,289.60458105577675,140.20365065111366,0
1595874815.9784796,291.4053947307035,140.20365065111366,0
1595874815.988472,293.2040197230741,140.20365065111366,0
1595874815.9984858,295.00650709642616,140.20365065111366,0
1595874816.0084858,296.8065053798124,140.20365065111366,0
1595874816.0184834,298.60607450975624,140.20365065111366,0
1595874816.028487,300.40671652330605,140.20365065111366,0
1595874816.0384784,302.2051698542997,140.20365065111366,0
1595874816.048488,304.00688475145546,140.20365065111366,0
1595874816.058473,305.8042222834989,140.20365065111366,0
1595874816.06847,307.60366266741005,140.20365065111366,0
1595874816.078478,309.4051200725004,140.20365065111366,0
1595874816.0884855,311.206448731558,140.20365065111366,0
1595874816.098484,313.0061895228788,140.20365065111366,0
1595874816.108486,314.80653112901894,140.20365065111366,0
1595874816.118486,316.60652941240517,140.20365065111366,0
1595874816.1284847,318.4063131190702,140.20365065111366,0
1595874816.1384845,320.2062684871122,140.20365065111366,0
1595874816.1484783,322.00515097154823,140.20365065111366,0
1595874816.1584845,323.80626505388466,140.20365065111366,0
1595874816.168479,325.6052762843534,140.20365065111366,0
1595874816.1784692,327.40351503862587,140.20365065111366,0
1595874816.1884737,329.2043287135526,140.20365065111366,0
1595874816.1984808,331.005614457266,140.20365065111366,0
1595874816.2084727,332.80415361894813,140.20365065111366,0
1595874816.2184741,334.6044093943998,140.20365065111366,0
