Timestamp,Phase,Heading,Ping?
1595878786.010141,31.690960970315857,29.8881302742099,0
1595878786.0201292,33.48885640183441,29.8881302742099,0
1595878786.03014,35.290785875711364,29.8881302742099,0
1595878786.0401437,37.09147080460541,29.8881302742099,0
1595878786.050131,38.88919457474701,29.8881302742099,0
1595878786.0601308,40.689149942789,29.8881302742099,0
1595878786.0701303,42.489062395486755,29.8881302742099,0
1595878786.0801423,44.2912064460849,29.8881302742099,0
1595878786.0901356,46.09000309983246,29.8881302742099,0
1595878786.1001344,47.8897868064975,29.8881302742099,0
1595878786.1101382,49.69047173539154,29.8881302742099,0
1595878786.1201384,51.49051293412201,29.8881302742099,0
1595878786.1301358,53.29003914872162,29.8881302742099,0
1595878786.1401393,55.09068116227142,29.8881302742099,0
1595878786.145021,55.96937283555023,29.8881302742099,0
1595878786.145021,39.178560984885166,13.09731842354483,0
1595878786.1501434,40.10059715584464,13.09731842354483,0
1595878786.1601298,41.89814926460929,13.09731842354483,0
1595878786.1701357,43.699220431601475,13.09731842354483,0
1595878786.180136,45.499261630331944,13.09731842354483,0
1595878786.1901412,47.300204051291416,13.09731842354483,0
1595878786.2001407,49.10011650398917,13.09731842354483,0
1595878786.2101407,50.9001147873754,13.09731842354483,0
1595878786.2201347,52.699040187155674,13.09731842354483,0
1595878786.2301257,54.49740768746085,13.09731842354483,0
1595878786.240129,56.298006785666416,13.09731842354483,0
1595878786.2501397,58.09993625954337,13.09731842354483,0
1595878786.2601378,59.899591220175694,13.09731842354483,0
1595878786.2701292,61.698044551169346,13.09731842354483,0
1595878786.2801268,63.497613681113194,13.09731842354483,0
1595878786.2901344,65.29898525551505,13.09731842354483,0
1595878786.3001409,67.10014225319571,13.09731842354483,0
1595878786.3101408,68.90014053658194,13.09731842354483,0
1595878786.3201344,70.69898010567374,13.09731842354483,0
1595878786.3301423,72.50039459541983,13.09731842354483,0
1595878786.3401272,74.29768921211905,13.09731842354483,0
1595878786.3501425,76.10043407753653,13.09731842354483,0
1595878786.360141,77.90017486885733,13.09731842354483,0
1595878786.3701348,79.69905735329337,13.09731842354483,0
1595878786.3801377,81.49957062081046,13.09731842354483,0
1595878786.390139,83.29982639626212,13.09731842354483,0
1595878786.4001422,85.10038257912345,13.09731842354483,0
1595878786.4101422,86.90038086250968,13.09731842354483,0
1595878786.4201298,88.69814754799552,13.09731842354483,0
1595878786.4301274,90.49771667793937,13.09731842354483,0
1595878786.4401317,92.29848743752189,13.09731842354483,0
1595878786.4501338,94.09887195900626,13.09731842354483,0
1595878786.4601302,95.89822651222892,13.09731842354483,0
1595878786.470127,97.69766689614005,13.09731842354483,0
1595878786.480143,99.50054050759024,13.09731842354483,0
1595878786.4901316,101.29847885445304,13.09731842354483,0
1595878786.5001347,103.09903503731437,13.09731842354483,0
1595878786.5101402,104.90002037361808,13.09731842354483,0
1595878786.520135,106.69907451943106,13.09731842354483,0
1595878786.5301378,108.49958778694815,13.09731842354483,0
1595878786.5401251,110.29731155708976,13.09731842354483,0
1595878786.5501308,112.0983398087377,13.09731842354483,0
1595878786.5601408,113.90014053658194,13.09731842354483,0
1595878786.57013,115.69820762947745,13.09731842354483,0
1595878786.5801268,117.49760509804435,13.09731842354483,0
1595878786.5901408,119.30013538674064,13.09731842354483,0
1595878786.6001422,121.1003911621923,13.09731842354483,0
1595878786.6101308,122.89832950905509,13.09731842354483,0
1595878786.6201248,124.69725490883536,13.09731842354483,0
1595878786.6301348,126.4990556366796,13.09731842354483,0
1595878786.6401348,128.29905392006583,13.09731842354483,0
1595878786.650133,130.09870888069815,13.09731842354483,0
1595878786.6601431,131.90055252388663,13.09731842354483,0
1595878786.6701436,133.70063663796134,13.09731842354483,0
1595878786.680128,135.49784542397208,13.09731842354483,0
1595878786.690133,137.29874492958731,13.09731842354483,0
1595878786.7001257,139.09741283730216,13.09731842354483,0
1595878786.7101285,140.89792610481925,13.09731842354483,0
1595878786.7201247,142.69723774269767,13.09731842354483,0
1595878786.7301369,144.49942470864005,13.09731842354483,0
1595878786.7401247,146.29723430947013,13.09731842354483,0
1595878786.7501266,148.09757591561026,13.09731842354483,0
1595878786.7601278,149.8977887757177,13.09731842354483,0
1595878786.7701423,151.70040489510245,13.09731842354483,0
1595878786.780138,153.4996307022924,13.09731842354483,0
1595878786.790138,155.29962898567862,13.09731842354483,0
1595878786.8001277,157.0977819092626,13.09731842354483,0
1595878786.8101282,158.89786602333731,13.09731842354483,0
1595878786.8201392,160.6998384125585,13.09731842354483,0
1595878786.8301342,162.49893547371573,13.09731842354483,0
1595878786.8401356,164.2991912491674,13.09731842354483,0
1595878786.8501432,166.10056282356925,13.09731842354483,0
1595878786.860135,167.89910198525138,13.09731842354483,0
1595878786.8701286,169.69794155434317,13.09731842354483,0
1595878786.880127,171.49763943031974,13.09731842354483,0
1595878786.8901255,173.29738022164054,13.09731842354483,0
1595878786.9001255,175.09737850502677,13.09731842354483,0
1595878786.9101386,176.8997371323461,13.09731842354483,0
1595878786.920142,178.70033623055167,13.09731842354483,0
1595878786.93014,180.499991191184,13.09731842354483,0
1595878786.9401338,182.29887367562003,13.09731842354483,0
1595878786.950142,184.10033108071036,13.09731842354483,0
1595878786.96013,185.89818359688468,13.09731842354483,0
1595878786.9701312,187.6983964569921,13.09731842354483,0
1595878786.9801247,189.4972360260839,13.09731842354483,0
1595878786.9901311,191.29839302376456,13.09731842354483,0
1595878787.0001392,193.0998504288549,13.09731842354483,0
1595878787.0101292,194.89804626778312,13.09731842354483,0
1595878787.0201285,196.69791580513663,13.09731842354483,0
1595878787.030126,198.49748493508048,13.09731842354483,0
1595878787.0401404,200.300058139121,13.09731842354483,0
1595878787.0501397,202.09992767647452,13.09731842354483,0
1595878787.0601382,203.89966846779532,13.09731842354483,0
1595878787.070128,205.6978213913793,13.09731842354483,0
1595878787.0801404,207.50005127266593,13.09731842354483,0
1595878787.09014,209.30000664070792,13.09731842354483,0
1595878787.1001296,211.09811664894767,13.09731842354483,0
1595878787.1101327,212.898672831809,13.09731842354483,0
1595878787.1201375,214.69952942208,13.09731842354483,0
1595878787.1301403,216.50004268959708,13.09731842354483,0
1595878787.1401312,218.29841018990226,13.09731842354483,0
1595878787.1501386,220.09973884895987,13.09731842354483,0
1595878787.1601372,221.89947964028067,13.09731842354483,0
1595878787.1701303,223.698233378684,13.09731842354483,0
1595878787.1801424,225.50042034462638,13.09731842354483,0
1595878787.190124,227.29711414650626,13.09731842354483,0
1595878787.2001293,229.09805656746573,13.09731842354483,0
1595878787.2101374,230.89951397255606,13.09731842354483,0
1595878787.220142,232.70032764748282,13.09731842354483,0
1595878787.2301304,234.49826599434562,13.09731842354483,0
1595878787.2401364,236.2993371613378,13.09731842354483,0
1595878787.250128,238.0978334076757,13.09731842354483,0
1595878787.2601302,239.89821792916007,13.09731842354483,0
1595878787.2701302,241.6982162125463,13.09731842354483,0
1595878787.28013,243.4981715805883,13.09731842354483,0
1595878787.2901394,245.29988647774405,13.09731842354483,0
1595878787.3001354,247.09915520027823,13.09731842354483,0
1595878787.310142,248.90035511330314,13.09731842354483,0
1595878787.3201246,250.69722057655997,13.09731842354483,0
1595878787.330134,252.4988925583715,13.09731842354483,0
1595878787.3401387,254.2997491486425,13.09731842354483,0
1595878787.350136,256.0992753632421,13.09731842354483,0
1595878787.3601272,257.8976857788915,13.09731842354483,0
1595878787.3701274,259.697726977622,13.09731842354483,0
1595878787.3801365,261.49935604408927,13.09731842354483,0
1595878787.3901372,263.2994830735082,13.09731842354483,0
1595878787.4001377,265.0995671875829,13.09731842354483,0
1595878787.4101245,266.89720512703605,13.09731842354483,0
1595878787.420136,268.6992633469457,13.09731842354483,0
1595878787.4301345,270.4990041382665,13.09731842354483,0
1595878787.4401343,272.2989595063085,13.09731842354483,0
1595878787.450139,274.0998160965795,13.09731842354483,0
1595878787.4601297,275.89814068154044,13.09731842354483,0
1595878787.4701335,277.6988256104345,13.09731842354483,0
1595878787.4801333,279.4987809784765,13.09731842354483,0
1595878787.4901283,281.2978780396337,13.09731842354483,0
1595878787.5001304,283.0982625611181,13.09731842354483,0
1595878787.5101252,284.89731670693106,13.09731842354483,0
1595878787.5201259,286.69744373635,13.09731842354483,0
1595878787.5301325,288.4986436493749,13.09731842354483,0
1595878787.5401306,290.29829861000724,13.09731842354483,0
1595878787.550139,292.0997989304418,13.09731842354483,0
1595878787.5601313,293.8984239228124,13.09731842354483,0
1595878787.5701365,295.6993663437719,13.09731842354483,0
1595878787.5801263,297.49751926735587,13.09731842354483,0
1595878787.5901248,299.29726005867667,13.09731842354483,0
1595878787.6001256,301.0973870880956,13.09731842354483,0
1595878787.6101382,302.8996598847265,13.09731842354483,0
1595878787.6201267,304.69759823158927,13.09731842354483,0
1595878787.6301415,306.5002572663183,13.09731842354483,0
1595878787.640132,308.29853893593497,13.09731842354483,0
1595878787.6501293,310.0980651505346,13.09731842354483,0
1595878787.660137,311.89943672493644,13.09731842354483,0
1595878787.6701376,313.6995637543554,13.09731842354483,0
1595878787.6801248,315.49724460915274,13.09731842354483,0
1595878787.6901248,317.297242892539,13.09731842354483,0
1595878787.7001338,319.09887195900626,13.09731842354483,0
1595878787.7101371,320.8994710572118,13.09731842354483,0
1595878787.720138,322.699641001975,13.09731842354483,0
1595878787.7301373,324.4995105393285,13.09731842354483,0
1595878787.7401345,326.2989938385839,13.09731842354483,0
1595878787.750126,328.09744716957755,13.09731842354483,0
1595878787.7601337,329.89886165932364,13.09731842354483,0
1595878787.7701242,331.69714332894034,13.09731842354483,0
1595878787.7801323,333.4986007340307,13.09731842354483,0
1595878787.790138,335.2996289856786,13.09731842354483,0
1595878787.8001366,337.0993697769994,13.09731842354483,0
1595878787.8101306,338.8982951767797,13.09731842354483,0
1595878787.8201282,340.69786430672355,13.09731842354483,0
1595878787.8301373,342.49949337319083,13.09731842354483,0
1595878787.8401392,344.29983497933097,13.09731842354483,0
1595878787.8501368,346.0994041092748,13.09731842354483,0
1595878787.8601294,347.89807201698966,13.09731842354483,0
1595878787.8701384,349.69970108345694,13.09731842354483,0
1595878787.8801308,351.49832607582755,13.09731842354483,0
1595878787.890128,353.2978093750829,13.09731842354483,0
1595878787.9001355,355.0991809494848,13.09731842354483,0
1595878787.9101384,356.89969421700187,13.09731842354483,0
1595878787.9201257,358.69741798714347,13.09731842354483,0
1595878787.927374,360,13.09731842354483,1
1595878787.927374,0,13.09731842354483,0
1595878788.010141,14.898046267783112,13.09731842354483,0
1595878788.0201561,16.700791133200592,13.09731842354483,0
1595878788.0301414,18.49812866524405,13.09731842354483,0
1595878788.0401456,20.29889942482657,13.09731842354483,0
1595878788.0501387,22.09765316322989,13.09731842354483,0
1595878788.060149,23.899496806418366,13.09731842354483,0
1595878788.070143,25.69842220619864,13.09731842354483,0
1595878788.0801375,27.49743343666739,13.09731842354483,0
1595878788.0839205,28.178371203696198,13.09731842354483,0
1595878788.0839205,19.72485984258734,4.643807062435972,0
1595878788.0901382,20.844049104977476,4.643807062435972,0
1595878788.1001418,22.64469111852728,4.643807062435972,0
1595878788.11014,24.444388994503843,4.643807062435972,0
1595878788.1201532,26.24674762182318,4.643807062435972,0
1595878788.1301522,28.046574243832456,4.643807062435972,0
1595878788.140153,29.8467012732514,4.643807062435972,0
1595878788.1501477,31.64575541906439,4.643807062435972,0
1595878788.160139,33.44420875005804,4.643807062435972,0
1595878788.1701381,35.244035372067316,4.643807062435972,0
1595878788.1801474,37.04570735387884,4.643807062435972,0
1595878788.1901522,38.846563944149835,4.643807062435972,0
1595878788.2001548,40.64703429632269,4.643807062435972,0
1595878788.2101433,42.44497264318548,4.643807062435972,0
1595878788.2201524,44.246601709652765,4.643807062435972,0
1595878788.2301543,46.0469433157929,4.643807062435972,0
1595878788.2401412,47.84458125524603,4.643807062435972,0
1595878788.2501404,49.64445079259954,4.643807062435972,0
1595878788.2601407,51.44449199133001,4.643807062435972,0
1595878788.2701492,53.24603522710882,4.643807062435972,0
1595878788.2801526,55.046634325314386,4.643807062435972,0
1595878788.2901454,56.84534514837347,4.643807062435972,0
1595878788.300146,58.64547217779241,4.643807062435972,0
1595878788.3101413,60.44461215429388,4.643807062435972,0
1595878788.3201392,62.244224199581964,4.643807062435972,0
1595878788.3301535,64.04679740362249,4.643807062435972,0
1595878788.3401406,65.84447825841985,4.643807062435972,0
1595878788.3501456,67.64537776403509,4.643807062435972,0
1595878788.3601437,69.44503272466741,4.643807062435972,0
1595878788.3701465,71.2455459921845,4.643807062435972,0
1595878788.3801532,73.0467459052094,4.643807062435972,0
1595878788.390151,74.84635795049749,4.643807062435972,0
1595878788.4001374,76.64391005926214,4.643807062435972,0
1595878788.4101539,78.44686950140081,4.643807062435972,0
1595878788.4201481,80.24583781652532,4.643807062435972,0
1595878788.4301417,82.04467738561712,4.643807062435972,0
1595878788.440151,83.84634936742864,4.643807062435972,0
1595878788.4501524,85.6466051428803,4.643807062435972,0
1595878788.460149,87.4460026114472,4.643807062435972,0
1595878788.4701493,89.24604381017767,4.643807062435972,0
1595878788.480155,91.04707206182562,4.643807062435972,0
1595878788.490138,92.84402335577093,4.643807062435972,0
1595878788.5001376,94.64393580846868,4.643807062435972,0
1595878788.5101416,96.44466365270696,4.643807062435972,0
1595878788.5201485,98.2459064810761,4.643807062435972,0
1595878788.530145,100.04526103429876,4.643807062435972,0
1595878788.5401547,101.84701884679876,4.643807062435972,0
1595878788.5501506,103.64628756933294,4.643807062435972,0
1595878788.5601444,105.44517005376898,4.643807062435972,0
1595878788.5701435,107.24499667577825,4.643807062435972,0
1595878788.5801446,109.04520953588568,4.643807062435972,0
1595878788.5901484,110.84589446477972,4.643807062435972,0
1595878788.600137,112.64383281164251,4.643807062435972,0
1595878788.6101527,114.44666350774847,4.643807062435972,0
1595878788.6201408,116.24451602392278,4.643807062435972,0
1595878788.6301394,118.04425681524359,4.643807062435972,0
1595878788.6401541,119.84691584997259,4.643807062435972,0
1595878788.650145,121.64528335027777,4.643807062435972,0
1595878788.6601527,123.44665492467962,4.643807062435972,0
1595878788.6701462,125.24549449377142,4.643807062435972,0
1595878788.6801436,127.04502070837103,4.643807062435972,0
1595878788.6901526,128.8466497748383,4.643807062435972,0
1595878788.7001474,130.6457039206513,4.643807062435972,0
1595878788.7101424,132.44480098180853,4.643807062435972,0
1595878788.7201371,134.24385512762152,4.643807062435972,0
1595878788.730152,136.04651416235052,4.643807062435972,0
1595878788.740152,137.84651244573675,4.643807062435972,0
1595878788.7501545,139.6469827979096,4.643807062435972,0
1595878788.760142,141.44474948339544,4.643807062435972,0
1595878788.7701488,143.24594939642034,4.643807062435972,0
1595878788.7801378,145.0439735739716,4.643807062435972,0
1595878788.7901492,146.84603179388128,4.643807062435972,0
1595878788.8001535,148.6468025534638,4.643807062435972,0
1595878788.8101447,150.44521296911321,4.643807062435972,0
1595878788.8201427,152.24486792974554,4.643807062435972,0
1595878788.8301454,154.0453382819184,4.643807062435972,0
1595878788.840142,155.84473575048528,4.643807062435972,0
1595878788.8501475,157.645721086789,4.643807062435972,0
1595878788.8601506,159.44627726965032,4.643807062435972,0
1595878788.870138,161.24400103979193,4.643807062435972,0
1595878788.8801415,163.04464305334173,4.643807062435972,0
1595878788.8901546,164.84700168066107,4.643807062435972,0
1595878788.9001508,166.64631331853948,4.643807062435972,0
1595878788.910143,168.44489539556585,4.643807062435972,0
1595878788.9201543,170.24695361547552,4.643807062435972,0
1595878788.9301412,172.04459155492864,4.643807062435972,0
1595878788.9401402,173.84441817693792,4.643807062435972,0
1595878788.950145,175.64527476720892,4.643807062435972,0
1595878788.9601374,177.44389975957952,4.643807062435972,0
1595878788.9701457,179.2454000800141,4.643807062435972,0
1595878788.98015,181.0461708395966,4.643807062435972,0
1595878788.9901428,182.8448816626557,4.643807062435972,0
1595878789.0001495,184.6460815756806,4.643807062435972,0
1595878789.0101547,186.44702399664007,4.643807062435972,0
1595878789.0201366,188.2437607138642,4.643807062435972,0
1595878789.0301485,190.04590476446234,4.643807062435972,0
1595878789.0401378,191.84397185735784,4.643807062435972,0
1595878789.0501466,193.6455580084809,4.643807062435972,0
1595878789.0601377,195.4439684241303,4.643807062435972,0
1595878789.070154,197.24688495092474,4.643807062435972,0
1595878789.0801396,199.04430831365667,4.643807062435972,0
1595878789.0901546,200.8470102637299,4.643807062435972,0
1595878789.1001492,202.64602149419866,4.643807062435972,0
1595878789.1101503,204.44623435430609,4.643807062435972,0
1595878789.1201525,206.24661887579046,4.643807062435972,0
1595878789.1301453,208.04532969884954,4.643807062435972,0
1595878789.1401384,209.84408343725286,4.643807062435972,0
1595878789.1501405,211.64446795873724,4.643807062435972,0
1595878789.1601357,213.4436079352387,4.643807062435972,0
1595878789.1701422,215.24476493291937,4.643807062435972,0
1595878789.1801372,217.0438619940766,4.643807062435972,0
1595878789.1901453,218.84531939916693,4.643807062435972,0
1595878789.2001536,220.6468197196015,4.643807062435972,0
1595878789.2101378,222.443985590268,4.643807062435972,0
1595878789.2201476,224.245743402768,4.643807062435972,0
1595878789.230136,226.04363883428655,4.643807062435972,0
1595878789.240148,227.84582580022894,4.643807062435972,0
1595878789.2501395,229.6442791312226,4.643807062435972,0
1595878789.2601502,231.44620860509954,4.643807062435972,0
1595878789.2701373,233.2438894598969,4.643807062435972,0
1595878789.280149,235.0459905951508,4.643807062435972,0
1595878789.2901435,236.84500182561956,4.643807062435972,0
1595878789.3001447,238.64521468572698,4.643807062435972,0
1595878789.3101487,240.44594252996527,4.643807062435972,0
1595878789.32014,242.24435294561468,4.643807062435972,0
1595878789.3301528,244.04666865758978,4.643807062435972,0
1595878789.3401473,245.84567988805853,4.643807062435972,0
1595878789.3501537,247.6468368857392,4.643807062435972,0
1595878789.3601377,249.44395984106146,4.643807062435972,0
1595878789.3701437,251.24503100805364,4.643807062435972,0
1595878789.3801537,253.04683173589788,4.643807062435972,0
1595878789.3901362,254.84369719915472,4.643807062435972,0
1595878789.4001396,256.6442962973603,4.643807062435972,0
1595878789.4101481,258.4458395331391,4.643807062435972,0
1595878789.4201362,260.24369204931344,4.643807062435972,0
1595878789.4301474,262.04570735387887,4.643807062435972,0
1595878789.440141,263.84454692297066,4.643807062435972,0
1595878789.4501436,265.6450172751435,4.643807062435972,0
1595878789.460146,267.44544471197213,4.643807062435972,0
1595878789.4701467,269.2455717413911,4.643807062435972,0
1595878789.4801514,271.04642833166207,4.643807062435972,0
1595878789.4901466,272.84556830816354,4.643807062435972,0
1595878789.5001426,274.6448370306977,4.643807062435972,0
1595878789.5101364,276.44371951513375,4.643807062435972,0
1595878789.5201468,278.24560607366647,4.643807062435972,0
1595878789.5301447,280.04521811895455,4.643807062435972,0
1595878789.540146,281.8454738944062,4.643807062435972,0
1595878789.5501401,283.6443992941865,4.643807062435972,0
1595878789.5601478,285.44577086858834,4.643807062435972,0
1595878789.5701427,287.24486792974557,4.643807062435972,0
1595878789.5801525,289.04662574224557,4.643807062435972,0
1595878789.5901432,290.8449503272065,4.643807062435972,0
1595878789.6001492,292.6460214941987,4.643807062435972,0
1595878789.6101415,294.4446464865693,4.643807062435972,0
1595878789.6201525,296.2466188757905,4.643807062435972,0
1595878789.630144,298.04507220678414,4.643807062435972,0
1595878789.6401536,299.84683001928414,4.643807062435972,0
1595878789.650136,301.64365256719674,4.643807062435972,0
1595878789.6601353,303.44352210455025,4.643807062435972,0
1595878789.6701443,305.24515117101754,4.643807062435972,0
1595878789.6801538,307.0468660681733,4.643807062435972,0
1595878789.6901429,308.84489024572457,4.643807062435972,0
1595878789.7001524,310.64660514288033,4.643807062435972,0
1595878789.7101421,312.4447580664643,4.643807062435972,0
1595878789.7201388,314.2441555350312,4.643807062435972,0
1595878789.7301528,316.0466858237275,4.643807062435972,0
1595878789.740146,317.8454395621308,4.643807062435972,0
1595878789.7501416,319.64466536932076,4.643807062435972,0
1595878789.7601433,321.44496406011666,4.643807062435972,0
1595878789.7701397,323.2443186133393,4.643807062435972,0
1595878789.7801363,325.0437160819062,4.643807062435972,0
1595878789.790138,326.8440147727021,4.643807062435972,0
1595878789.8001423,328.64478553228463,4.643807062435972,0
1595878789.810144,330.4450842230805,4.643807062435972,0
1595878789.8201537,332.2468420355805,4.643807062435972,0
1595878789.830145,334.04525245122994,4.643807062435972,0
1595878789.8401444,335.8451649039277,4.643807062435972,0
1595878789.8501422,337.6447769492158,4.643807062435972,0
1595878789.8601365,339.4437452643403,4.643807062435972,0
1595878789.8701499,341.24614680700387,4.643807062435972,0
1595878789.8801448,343.0452438681611,4.643807062435972,0
1595878789.8901443,344.84515632085885,4.643807062435972,0
1595878789.9001355,346.64356673650826,4.643807062435972,0
1595878789.9101512,348.4463974326142,4.643807062435972,0
1595878789.92014,350.24437869482125,4.643807062435972,0
1595878789.930143,352.0449348776826,4.643807062435972,0
1595878789.9401503,353.84622062139596,4.643807062435972,0
1595878789.9501457,355.64540351324166,4.643807062435972,0
1595878789.9601483,357.4458738654145,4.643807062435972,0
1595878789.9701483,359.24587214880074,4.643807062435972,0
1595878789.9743507,360,4.643807062435972,1
1595878789.9743507,0,4.643807062435972,0
1595878790.0101686,6.447195658017026,4.643807062435972,0
1595878790.0201557,8.24487651281439,4.643807062435972,0
1595878790.030166,10.046720156002866,4.643807062435972,0
1595878790.040152,11.844229349423276,4.643807062435972,0
1595878790.0501628,13.64615882330023,4.643807062435972,0
1595878790.0552454,14.56102813177191,4.643807062435972,0
1595878790.0552454,10.192719692240336,0.27549862290439897,0
1595878790.06016,11.077333683024028,0.27549862290439897,0
1595878790.070165,12.878233188639262,0.27549862290439897,0
1595878790.0801566,14.676729434977153,0.27549862290439897,0
1595878790.0901594,16.477242702494244,0.27549862290439897,0
1595878790.1001503,18.27561020279942,0.27549862290439897,0
1595878790.1101682,20.078827137003522,0.27549862290439897,0
1595878790.1201653,21.878310436258893,0.27549862290439897,0
1595878790.1301508,23.67569088364659,0.27549862290439897,0
1595878790.1401603,25.47740578080235,0.27549862290439897,0
1595878790.1501498,27.275515789042096,0.27549862290439897,0
1595878790.1601517,29.075857395182233,0.27549862290439897,0
1595878790.1701543,30.876327747355084,0.27549862290439897,0
1595878790.1801581,32.67701267624913,0.27549862290439897,0
1595878790.1901503,34.475594753275494,0.27549862290439897,0
1595878790.2001524,36.27597927475987,0.27549862290439897,0
1595878790.210157,38.07679294968663,0.27549862290439897,0
1595878790.2201545,39.876362079630475,0.27549862290439897,0
1595878790.2301645,41.67816280747471,0.27549862290439897,0
1595878790.2401543,43.4763157310587,0.27549862290439897,0
1595878790.2501585,45.27708649064122,0.27549862290439897,0
1595878790.2601633,47.07794308091221,0.27549862290439897,0
1595878790.270157,48.87682556534825,0.27549862290439897,0
1595878790.280164,50.67806839371739,0.27549862290439897,0
1595878790.290161,52.47750877762852,0.27549862290439897,0
1595878790.300151,54.27574753190098,0.27549862290439897,0
1595878790.3101578,56.076947444925885,0.27549862290439897,0
1595878790.3201668,57.87857651139317,0.27549862290439897,0
1595878790.3301632,59.67793106461583,0.27549862290439897,0
1595878790.3401563,61.47668480301915,0.27549862290439897,0
1595878790.350168,63.27878593827305,0.27549862290439897,0
1595878790.3601632,65.07792591477451,0.27549862290439897,0
1595878790.370157,66.87680839921055,0.27549862290439897,0
1595878790.3801548,68.67642044449863,0.27549862290439897,0
1595878790.3901634,70.47796368027744,0.27549862290439897,0
1595878790.4001646,72.27817654038486,0.27549862290439897,0
1595878790.4101584,74.0770590248209,0.27549862290439897,0
1595878790.4201524,75.87598442460117,0.27549862290439897,0
1595878790.430152,77.67589687729892,0.27549862290439897,0
1595878790.4401617,79.47765468979892,0.27549862290439897,0
1595878790.4501684,81.27885460282383,0.27549862290439897,0
1595878790.4601562,83.0766642036539,0.27549862290439897,0
1595878790.470152,84.87589001084385,0.27549862290439897,0
1595878790.4801588,86.67713283921299,0.27549862290439897,0
1595878790.490167,88.47859024430332,0.27549862290439897,0
1595878790.5001671,90.27863144303379,0.27549862290439897,0
1595878790.5101495,92.07545399094639,0.27549862290439897,0
1595878790.520156,93.87661098862705,0.27549862290439897,0
1595878790.530162,95.67772507096348,0.27549862290439897,0
1595878790.5401576,97.47690796280918,0.27549862290439897,0
1595878790.5501635,99.27797912980137,0.27549862290439897,0
1595878790.560154,101.07626079941807,0.27549862290439897,0
1595878790.5701635,102.87797569657383,0.27549862290439897,0
1595878790.5801642,104.67810272599277,0.27549862290439897,0
1595878790.590163,106.47788643265781,0.27549862290439897,0
1595878790.6001503,108.27561020279941,0.27549862290439897,0
1595878790.610152,110.07590889359531,0.27549862290439897,0
1595878790.6201537,111.87620758439121,0.27549862290439897,0
1595878790.630155,113.67646335984287,0.27549862290439897,0
1595878790.6401634,115.47796368027744,0.27549862290439897,0
1595878790.650159,117.27714657212314,0.27549862290439897,0
1595878790.6601508,119.07568573380527,0.27549862290439897,0
1595878790.6701684,120.87885975266514,0.27549862290439897,0
1595878790.6801515,122.67581104661045,0.27549862290439897,0
1595878790.6901608,124.47748302842197,0.27549862290439897,0
1595878790.7001636,126.27799629593906,0.27549862290439897,0
1595878790.7101667,128.0785524788004,0.27549862290439897,0
1595878790.7201645,129.87816452408848,0.27549862290439897,0
1595878790.7301538,131.67623161698398,0.27549862290439897,0
1595878790.7401652,133.47828983689365,0.27549862290439897,0
1595878790.750162,135.27768730546055,0.27549862290439897,0
1595878790.7601557,137.07656978989658,0.27549862290439897,0
1595878790.7701566,138.87673973465976,0.27549862290439897,0
1595878790.7801585,140.6770813407999,0.27549862290439897,0
1595878790.790149,142.4753630104166,0.27549862290439897,0
1595878790.8001645,144.27815079117832,0.27549862290439897,0
1595878790.810164,146.07806324387607,0.27549862290439897,0
1595878790.820153,147.87608742142734,0.27549862290439897,0
1595878790.8301578,149.67694401169834,0.27549862290439897,0
1595878790.8401573,151.4768564643961,0.27549862290439897,0
1595878790.8501637,153.27801346207676,0.27549862290439897,0
1595878790.8601556,155.0765526237589,0.27549862290439897,0
1595878790.8701613,156.87758087540684,0.27549862290439897,0
1595878790.8801525,158.67599129105625,0.27549862290439897,0
1595878790.8901532,160.4761183204752,0.27549862290439897,0
1595878790.900161,162.2775328102213,0.27549862290439897,0
1595878790.9101639,164.07804607773838,0.27549862290439897,0
1595878790.9201524,165.87598442460117,0.27549862290439897,0
1595878790.930166,167.67842888260898,0.27549862290439897,0
1595878790.9401555,169.47653889084873,0.27549862290439897,0
1595878790.950166,171.27842544938144,0.27549862290439897,0
1595878790.960151,173.07572006608066,0.27549862290439897,0
1595878790.9701555,174.87653374100742,0.27549862290439897,0
1595878790.9801493,176.67541622544346,0.27549862290439897,0
1595878790.990154,178.47627281571445,0.27549862290439897,0
1595878791.0001638,180.27803062821445,0.27549862290439897,0
1595878791.010156,182.07661270524082,0.27549862290439897,0
1595878791.0201595,183.87725471879062,0.27549862290439897,0
1595878791.0301611,185.67755340958652,0.27549862290439897,0
1595878791.0401607,187.47746586228428,0.27549862290439897,0
1595878791.0501647,189.27819370652256,0.27549862290439897,0
1595878791.0601633,191.07793449784336,0.27549862290439897,0
1595878791.070151,192.87574409867344,0.27549862290439897,0
1595878791.080156,194.67664360428867,0.27549862290439897,0
1595878791.0901575,196.47689937974033,0.27549862290439897,0
1595878791.1001527,198.2760393562418,0.27549862290439897,0
1595878791.1101635,200.07796883011875,0.27549862290439897,0
1595878791.1201541,201.8762934150797,0.27549862290439897,0
1595878791.1301546,203.6763775291544,0.27549862290439897,0
1595878791.1401668,205.47856449509678,0.27549862290439897,0
1595878791.1501532,207.27611660386142,0.27549862290439897,0
1595878791.1601543,209.07632946396885,0.27549862290439897,0
1595878791.1701527,210.8760273399454,0.27549862290439897,0
1595878791.1801615,212.67761349106846,0.27549862290439897,0
1595878791.1901493,214.47542309189853,0.27549862290439897,0
1595878791.2001615,216.27761005784092,0.27549862290439897,0
1595878791.210155,218.0764496269327,0.27549862290439897,0
1595878791.2201664,219.87850784684238,0.27549862290439897,0
1595878791.2301605,221.67743324662266,0.27549862290439897,0
1595878791.240166,223.47841858292637,0.27549862290439897,0
1595878791.2501671,225.2786314430338,0.27549862290439897,0
1595878791.2601564,227.0766985359293,0.27549862290439897,0
1595878791.2701597,228.87729763413486,0.27549862290439897,0
1595878791.280157,230.67682384873447,0.27549862290439897,0
1595878791.2901618,232.47768043900547,0.27549862290439897,0
1595878791.3001652,234.27827953721103,0.27549862290439897,0
1595878791.3101635,236.0779774131876,0.27549862290439897,0
1595878791.3201642,237.87810444260654,0.27549862290439897,0
1595878791.3301566,239.67672943497715,0.27549862290439897,0
1595878791.3401494,241.47544025803623,0.27549862290439897,0
1595878791.350159,243.277155155192,0.27549862290439897,0
1595878791.3601518,245.07586597825107,0.27549862290439897,0
1595878791.370155,246.87646507645664,0.27549862290439897,0
1595878791.3801506,248.67564796830234,0.27549862290439897,0
1595878791.3901608,250.47749161149082,0.27549862290439897,0
1595878791.400149,252.27538704300937,0.27549862290439897,0
1595878791.410155,254.07645821000156,0.27549862290439897,0
1595878791.4201596,255.87727188492832,0.27549862290439897,0
1595878791.4301655,257.67834305192054,0.27549862290439897,0
1595878791.440155,259.4764530601603,0.27549862290439897,0
1595878791.4501579,261.27696632767737,0.27549862290439897,0
1595878791.4601533,263.0761492195231,0.27549862290439897,0
1595878791.4701524,264.87597584153235,0.27549862290439897,0
1595878791.480159,266.67717575455725,0.27549862290439897,0
1595878791.4901586,268.477088207255,0.27549862290439897,0
1595878791.500163,270.27790188218177,0.27549862290439897,0
1595878791.5101602,272.07738518143714,0.27549862290439897,0
1595878791.5201592,273.8772118034464,0.27549862290439897,0
1595878791.5301652,275.6782829704386,0.27549862290439897,0
1595878791.5401533,277.4761354866129,0.27549862290439897,0
1595878791.5501666,279.2785370292765,0.27549862290439897,0
1595878791.5601528,281.0760462226969,0.27549862290439897,0
1595878791.570159,282.8771603050333,0.27549862290439897,0
1595878791.5801563,284.67668651963294,0.27549862290439897,0
1595878791.5901582,286.4770281257731,0.27549862290439897,0
1595878791.6001575,288.2768976631266,0.27549862290439897,0
1595878791.610151,290.0757372322184,0.27549862290439897,0
1595878791.6201618,291.87766670609534,0.27549862290439897,0
1595878791.6301622,293.67775082017005,0.27549862290439897,0
1595878791.640162,295.47770618821204,0.27549862290439897,0
1595878791.6501522,297.2759449424845,0.27549862290439897,0
1595878791.660152,299.0759003105265,0.27549862290439897,0
1595878791.6701527,300.87602733994544,0.27549862290439897,0
1595878791.6801553,302.6764976921183,0.27549862290439897,0
1595878791.6901655,304.47834133530677,0.27549862290439897,0
1595878791.7001543,306.2763225975138,0.27549862290439897,0
1595878791.7101505,308.0756342353922,0.27549862290439897,0
1595878791.7201607,309.8774778785807,0.27549862290439897,0
1595878791.7301583,311.67704700852454,0.27549862290439897,0
1595878791.7401597,313.4773027839762,0.27549862290439897,0
1595878791.750164,315.2780735435587,0.27549862290439897,0
1595878791.760161,317.07751392746985,0.27549862290439897,0
1595878791.7701657,318.87837051774085,0.27549862290439897,0
1595878791.7801502,320.6755793037516,0.27549862290439897,0
1595878791.7901638,322.4780237617594,0.27549862290439897,0
1595878791.8001559,324.27660583878577,0.27549862290439897,0
1595878791.8101604,326.0774195137125,0.27549862290439897,0
1595878791.820148,327.87518619919837,0.27549862290439897,0
1595878791.8301597,329.6772873344523,0.27549862290439897,0
1595878791.8401597,331.4772856178385,0.27549862290439897,0
1595878791.8501534,333.27616810227454,0.27549862290439897,0
1595878791.8601644,335.07814049149573,0.27549862290439897,0
1595878791.8701584,336.877065891276,0.27549862290439897,0
1595878791.8801534,338.67616295243323,0.27549862290439897,0
1595878791.8901556,340.4765474739176,0.27549862290439897,0
1595878791.9001622,342.2777473869425,0.27549862290439897,0
1595878791.9101486,344.07529949570716,0.27549862290439897,0
1595878791.9201608,345.87748646164954,0.27549862290439897,0
1595878791.9301593,347.67722725297034,0.27549862290439897,0
1595878791.9401605,349.47744011307776,0.27549862290439897,0
1595878791.950163,351.2778675499064,0.27549862290439897,0
1595878791.9601495,353.07546257401526,0.27549862290439897,0
1595878791.9701521,354.8759329261881,0.27549862290439897,0
1595878791.980148,356.6752016487223,0.27549862290439897,0
1595878791.9901557,358.47657322312415,0.27549862290439897,0
1595878791.9986298,360,0.27549862290439897,1
1595878791.9986298,0,0.27549862290439897,0
1595878792.010161,2.075582736979106,0.27549862290439897,0
1595878792.0201757,3.87824177170811,0.27549862290439897,0
1595878792.030171,5.677381748209575,0.27549862290439897,0
1595878792.0401697,7.477165454874614,0.27549862290439897,0
1595878792.0428748,7.964082950602153,0.27549862290439897,0
1595878792.0428748,7.688584327697754,0,0
1595878792.0501692,9.001579284667969,0,0
1595878792.0601647,10.800762176513672,0,0
1595878792.07017,12.601704597473145,0,0
1595878792.0801616,14.400200843811035,0,0
1595878792.0901709,16.20187282562256,0,0
1595878792.100165,18.000798225402832,0,0
1595878792.1101773,19.803028106689453,0,0
1595878792.1201646,21.600751876831055,0,0
1595878792.1301696,23.40165138244629,0,0
1595878792.1401618,25.200233459472656,0,0
1595878792.1501734,27.002334594726562,0,0
1595878792.1601768,28.80293369293213,0,0
1595878792.1701708,30.601859092712402,0,0
1595878792.1801717,32.402029037475586,0,0
1595878792.190161,34.200096130371094,0,0
1595878792.2001727,36.002197265625,0,0
1595878792.2101738,37.80241012573242,0,0
1595878792.2201676,39.60129261016846,0,0
1595878792.2301707,41.401848793029785,0,0
1595878792.2401621,43.20030212402344,0,0
1595878792.2501764,45.002875328063965,0,0
1595878792.260165,46.80081367492676,0,0
1595878792.2701602,48.59995365142822,0,0
1595878792.2801797,50.40347099304199,0,0
1595878792.2901618,52.20025062561035,0,0
1595878792.3001778,54.00312423706055,0,0
1595878792.3101676,55.80127716064453,0,0
1595878792.3201663,57.60106086730957,0,0
1595878792.330167,59.401187896728516,0,0
1595878792.3401623,61.20032787322998,0,0
1595878792.3501678,63.00131320953369,0,0
1595878792.3601625,64.80036735534668,0,0
1595878792.3701603,66.59997940063477,0,0
1595878792.3801725,68.40216636657715,0,0
1595878792.3901722,70.20212173461914,0,0
1595878792.4001753,72.00267791748047,0,0
1595878792.4101648,73.80078792572021,0,0
1595878792.4201639,75.60061454772949,0,0
1595878792.4301732,77.40228652954102,0,0
1595878792.4401784,79.20322895050049,0,0
1595878792.4501648,81.00078105926514,0,0
1595878792.4601736,82.80236721038818,0,0
1595878792.4701762,84.60283756256104,0,0
1595878792.4801695,86.4016342163086,0,0
1595878792.490165,88.2008171081543,0,0
1595878792.5001743,90.00248908996582,0,0
1595878792.510171,91.80188655853271,0,0
1595878792.5201733,93.60231399536133,0,0
1595878792.5301788,95.40329933166504,0,0
1595878792.5401745,97.20252513885498,0,0
1595878792.5501647,99.00076389312744,0,0
1595878792.5601737,100.80239295959473,0,0
1595878792.5701728,102.602219581604,0,0
1595878792.5801795,104.4034194946289,0,0
1595878792.5901747,106.20255947113037,0,0
1595878792.6001706,108.00182819366455,0,0
1595878792.6101742,109.80247020721436,0,0
1595878792.6201751,111.60264015197754,0,0
1595878792.63017,113.40173721313477,0,0
1595878792.6401615,115.20019054412842,0,0
1595878792.6501606,117.0000171661377,0,0
1595878792.6601672,118.8012170791626,0,0
1595878792.67016,120.59992790222168,0,0
1595878792.680179,122.40335941314697,0,0
1595878792.6901765,124.20288562774658,0,0
1595878792.7001746,126.0025405883789,0,0
1595878792.7101624,127.80035018920898,0,0
1595878792.7201731,129.60227966308594,0,0
1595878792.7301636,131.40056133270264,0,0
1595878792.7401602,133.19995880126953,0,0
1595878792.750174,135.00244617462158,0,0
1595878792.7601628,136.8004274368286,0,0
1595878792.7701666,138.60111236572266,0,0
1595878792.7801657,140.40093898773193,0,0
1595878792.7901678,142.2013235092163,0,0
1595878792.8001688,144.0014934539795,0,0
1595878792.8101716,145.80200672149658,0,0
1595878792.820161,147.60011672973633,0,0
1595878792.8301785,149.40324783325195,0,0
1595878792.840179,151.20333194732666,0,0
1595878792.850164,153.00062656402588,0,0
1595878792.860172,154.8020839691162,0,0
1595878792.8701751,156.60264015197754,0,0
1595878792.880167,158.40117931365967,0,0
1595878792.8901744,160.20250797271729,0,0
1595878792.9001672,162.00121879577637,0,0
1595878792.9101775,163.80306243896484,0,0
1595878792.9201686,165.60147285461426,0,0
1595878792.9301758,167.40275859832764,0,0
1595878792.9401617,169.2002248764038,0,0
1595878792.9501686,171.00146770477295,0,0
1595878792.9601722,172.80210971832275,0,0
1595878792.970176,174.6027946472168,0,0
1595878792.980161,176.40008926391602,0,0
1595878792.9901679,178.20133209228516,0,0
1595878793.000171,180.00188827514648,0,0
1595878793.010164,181.8006420135498,0,0
1595878793.020174,183.60244274139404,0,0
1595878793.0301783,185.40321350097656,0,0
1595878793.0401602,187.19995021820068,0,0
1595878793.05017,189.00170803070068,0,0
1595878793.0601666,190.80110549926758,0,0
1595878793.0701735,192.60234832763672,0,0
1595878793.0801754,194.40268993377686,0,0
1595878793.0901716,196.20200157165527,0,0
1595878793.100164,198.00062656402588,0,0
1595878793.110163,199.80045318603516,0,0
1595878793.1201708,201.60186767578125,0,0
1595878793.1301641,203.4006643295288,0,0
1595878793.1401684,205.20143508911133,0,0
1595878793.1501782,207.00319290161133,0,0
1595878793.1601777,208.80310535430908,0,0
1595878793.1701741,210.60245990753174,0,0
1595878793.1801608,212.40005493164062,0,0
1595878793.1901727,214.20219898223877,0,0
1595878793.2001617,216.00022315979004,0,0
1595878793.2101765,217.80288219451904,0,0
1595878793.2201736,219.6023654937744,0,0
1595878793.2301657,221.40094757080078,0,0
1595878793.2401724,223.20214748382568,0,0
1595878793.2501655,225.000901222229,0,0
1595878793.2601635,226.80055618286133,0,0
1595878793.2701783,228.60321521759033,0,0
1595878793.2801764,230.40287017822266,0,0
1595878793.2901757,232.20273971557617,0,0
1595878793.3001702,234.00175094604492,0,0
1595878793.3101726,235.80217838287354,0,0
1595878793.3201678,237.601318359375,0,0
1595878793.3301606,239.40002918243408,0,0
1595878793.3401723,241.202130317688,0,0
1595878793.350168,243.00135612487793,0,0
1595878793.3601692,244.80156898498535,0,0
1595878793.37017,246.60173892974854,0,0
1595878793.3801591,248.3997631072998,0,0
1595878793.3901591,250.19976139068604,0,0
1595878793.400166,252.00100421905518,0,0
1595878793.4101758,253.80276203155518,0,0
1595878793.420163,255.60044288635254,0,0
1595878793.430161,257.40009784698486,0,0
1595878793.4401612,259.20013904571533,0,0
1595878793.450167,261.0011672973633,0,0
1595878793.4601636,262.8005647659302,0,0
1595878793.4701753,264.6026659011841,0,0
1595878793.4801717,266.40202045440674,0,0
1595878793.4901712,268.2019329071045,0,0
1595878793.500163,270.0004720687866,0,0
1595878793.5101593,271.79978370666504,0,0
1595878793.5201607,273.6000394821167,0,0
1595878793.5301683,275.40141105651855,0,0
1595878793.5401778,277.2031259536743,0,0
1595878793.5501611,279.00012016296387,0,0
1595878793.5601752,280.80265045166016,0,0
1595878793.570178,282.60316371917725,0,0
1595878793.5801718,284.4020462036133,0,0
1595878793.5901656,286.2009286880493,0,0
1595878793.6001759,288.0027723312378,0,0
1595878793.610173,289.80225563049316,0,0
1595878793.6201718,291.6020393371582,0,0
1595878793.6301723,293.4021234512329,0,0
1595878793.6401668,295.20113468170166,0,0
1595878793.6501677,297.00130462646484,0,0
1595878793.6601768,298.80293369293213,0,0
1595878793.6701598,300.59988498687744,0,0
1595878793.680171,302.40190029144287,0,0
1595878793.6901765,304.2028856277466,0,0
1595878793.7001595,305.9998369216919,0,0
1595878793.7101681,307.8013801574707,0,0
1595878793.7201777,309.60309505462646,0,0
1595878793.7301614,311.4001750946045,0,0
1595878793.7401602,313.19995880126953,0,0
1595878793.7501705,315.001802444458,0,0
1595878793.760166,316.8009853363037,0,0
1595878793.7701716,318.60201358795166,0,0
1595878793.780167,320.40119647979736,0,0
1595878793.790162,322.2002935409546,0,0
1595878793.8001692,324.00157928466797,0,0
1595878793.810168,325.801362991333,0,0
1595878793.8201706,327.60183334350586,0,0
1595878793.8301752,329.4026470184326,0,0
1595878793.8401642,331.2006711959839,0,0
1595878793.8501735,333.0023431777954,0,0
1595878793.8601654,334.80088233947754,0,0
1595878793.8701777,336.60311222076416,0,0
1595878793.8801737,338.40238094329834,0,0
1595878793.890163,340.20044803619385,0,0
1595878793.9001615,342.00018882751465,0,0
1595878793.91016,343.79992961883545,0,0
1595878793.9201744,345.602502822876,0,0
1595878793.930176,347.4028015136719,0,0
1595878793.9401636,349.2005681991577,0,0
1595878793.950177,351.0029697418213,0,0
1595878793.960167,352.8011655807495,0,0
1595878793.9701746,354.60253715515137,0,0
1595878793.980162,356.40026092529297,0,0
1595878793.990161,358.20008754730225,0,0
1595878794.0001595,359.99982833862305,0,0
1595878794.0001817,360,0,1
1595878794.0001817,0,0,0
1595878794.0101857,1.8007278442382812,0,0
1595878794.0201943,3.60227108001709,0,0
1595878794.0301912,5.401711463928223,0,0
1595878794.0354671,6.351385116577148,0,0
1595878794.0354671,6.351385116577148,0,0
1595878794.0402014,7.203555107116699,0,0
1595878794.050192,9.001879692077637,0,0
1595878794.0601985,10.8030366897583,0,0
1595878794.0701857,12.600717544555664,0,0
1595878794.0801864,14.40084457397461,0,0
1595878794.0901985,16.203031539916992,0,0
1595878794.100182,18.00006866455078,0,0
1595878794.1101902,19.801526069641113,0,0
1595878794.120182,21.600065231323242,0,0
1595878794.1301932,23.402080535888672,0,0
1595878794.1401935,25.20212173461914,0,0
1595878794.1501977,27.00289249420166,0,0
1595878794.160182,28.800058364868164,0,0
1595878794.1701994,30.60318946838379,0,0
1595878794.1801891,32.40134239196777,0,0
1595878794.1901832,34.20026779174805,0,0
1595878794.2001925,36.00193977355957,0,0
1595878794.2101884,37.80120849609375,0,0
1595878794.2202003,39.603352546691895,0,0
1595878794.2301967,41.40270709991455,0,0
1595878794.2401943,43.2022762298584,0,0
1595878794.2501836,45.000343322753906,0,0
1595878794.2601972,46.80278778076172,0,0
1595878794.2701888,48.60128402709961,0,0
1595878794.2801971,50.40278434753418,0,0
1595878794.2901843,52.20046520233154,0,0
1595878794.3001826,54.000163078308105,0,0
1595878794.310198,55.802950859069824,0,0
1595878794.3201878,57.60110378265381,0,0
1595878794.330183,59.40024375915527,0,0
1595878794.3401933,61.20208740234375,0,0
1595878794.3501832,63.00028324127197,0,0
1595878794.3601894,64.8013973236084,0,0
1595878794.370184,66.60040855407715,0,0
1595878794.380189,68.40130805969238,0,0
1595878794.390198,70.20293712615967,0,0
1595878794.4001884,72.00121879577637,0,0
1595878794.4101844,73.80048751831055,0,0
1595878794.4201815,75.59997081756592,0,0
1595878794.4301968,77.4027156829834,0,0
1595878794.4401948,79.20237064361572,0,0
1595878794.4502003,81.00335597991943,0,0
1595878794.4601839,82.80039310455322,0,0
1595878794.4701962,84.60262298583984,0,0
1595878794.4801874,86.40103340148926,0,0
1595878794.490198,88.20291996002197,0,0
1595878794.5001929,90.0020170211792,0,0
1595878794.5101895,91.8014144897461,0,0
1595878794.5201986,93.60304355621338,0,0
1595878794.5301914,95.40175437927246,0,0
1595878794.5402005,97.20338344573975,0,0
1595878794.5502005,99.00338172912598,0,0
1595878794.5601947,100.80235004425049,0,0
1595878794.5701869,102.60093212127686,0,0
1595878794.5802002,104.40333366394043,0,0
1595878794.5901952,106.20243072509766,0,0
1595878794.6001825,108.00015449523926,0,0
1595878794.6101935,109.80212688446045,0,0
1595878794.6201942,111.6022539138794,0,0
1595878794.630201,113.40349674224854,0,0
1595878794.6401937,115.20216464996338,0,0
1595878794.650183,117.00023174285889,0,0
1595878794.6601973,118.80280494689941,0,0
1595878794.6701944,120.60228824615479,0,0
1595878794.680198,122.40293025970459,0,0
1595878794.6901913,124.20172691345215,0,0
1595878794.7002,126.0033130645752,0,0
1595878794.7101839,127.80039310455322,0,0
1595878794.7201948,129.6023654937744,0,0
1595878794.7301927,131.4019775390625,0,0
1595878794.7401855,133.20068836212158,0,0
1595878794.7501976,135.00287532806396,0,0
1595878794.7601984,136.8030023574829,0,0
1595878794.7701828,138.60021114349365,0,0
1595878794.780196,140.402569770813,0,0
1595878794.7901914,142.2017526626587,0,0
1595878794.80019,144.0014934539795,0,0
1595878794.8102014,145.80355167388916,0,0
1595878794.8201957,147.60251998901367,0,0
1595878794.8301992,149.40316200256348,0,0
1595878794.8401818,151.2000274658203,0,0
1595878794.8501863,153.00084114074707,0,0
1595878794.8601835,154.80032444000244,0,0
1595878794.8701832,156.60027980804443,0,0
1595878794.880198,158.40293884277344,0,0
1595878794.8901973,160.20280838012695,0,0
1595878794.9001884,162.00121879577637,0,0
1595878794.910189,163.80130290985107,0,0
1595878794.9201899,165.60147285461426,0,0
1595878794.930197,167.40275859832764,0,0
1595878794.9401839,169.20039653778076,0,0
1595878794.9501963,171.00262641906738,0,0
1595878794.9601874,172.8010368347168,0,0
1595878794.970186,174.6007776260376,0,0
1595878794.9801943,176.40227794647217,0,0
1595878794.9901958,178.20253372192383,0,0
1595878795.0001953,180.00244617462158,0,0
1595878795.0101855,181.80068492889404,0,0
1595878795.0201998,183.60325813293457,0,0
1595878795.0301814,185.39995193481445,0,0
1595878795.0401895,187.20140933990479,0,0
1595878795.050181,188.99986267089844,0,0
1595878795.0601907,190.80162048339844,0,0
1595878795.0701852,192.6006317138672,0,0
1595878795.0801969,194.4027328491211,0,0
1595878795.090192,196.20187282562256,0,0
1595878795.100201,198.0034589767456,0,0
1595878795.1101902,199.8015260696411,0,0
1595878795.1201987,201.60306930541992,0,0
1595878795.1301858,203.40075016021729,0,0
1595878795.1401918,205.20182132720947,0,0
1595878795.1501906,207.0016050338745,0,0
1595878795.1601985,208.8030195236206,0,0
1595878795.170181,210.59988498687744,0,0
1595878795.1801953,212.40245819091797,0,0
1595878795.1901968,214.20271396636963,0,0
1595878795.200184,216.00043773651123,0,0
1595878795.2101977,217.80288219451904,0,0
1595878795.2201846,219.60052013397217,0,0
1595878795.2301977,221.4028787612915,0,0
1595878795.2401972,223.20279121398926,0,0
1595878795.2501829,225.0002145767212,0,0
1595878795.2601845,226.8005132675171,0,0
1595878795.270198,228.6029577255249,0,0
1595878795.280197,230.40274143218994,0,0
1595878795.2901957,232.20252513885498,0,0
1595878795.3001974,234.00282382965088,0,0
1595878795.3101978,235.8029079437256,0,0
1595878795.3201842,237.60046005249023,0,0
1595878795.330187,239.40097332000732,0,0
1595878795.340185,241.2005853652954,0,0
1595878795.3501968,243.00272941589355,0,0
1595878795.3601859,244.80075359344482,0,0
1595878795.370181,246.5998935699463,0,0
1595878795.380183,248.40023517608643,0,0
1595878795.3901854,250.20066261291504,0,0
1595878795.4001825,252.0001459121704,0,0
1595878795.4101963,253.80263328552246,0,0
1595878795.4201896,255.60142993927002,0,0
1595878795.430198,257.4029302597046,0,0
1595878795.4401872,259.2009973526001,0,0
1595878795.4501994,261.0031843185425,0,0
1595878795.4601917,262.8018093109131,0,0
1595878795.4701908,264.60163593292236,0,0
1595878795.4801815,266.3999605178833,0,0
1595878795.4901917,268.2018041610718,0,0
1595878795.500192,270.00184535980225,0,0
1595878795.5101848,271.8005561828613,0,0
1595878795.520193,273.6020565032959,0,0
1595878795.5301979,275.4029130935669,0,0
1595878795.540195,277.20239639282227,0,0
1595878795.5501895,279.001407623291,0,0
1595878795.5601869,280.8009338378906,0,0
1595878795.5701878,282.6011037826538,0,0
1595878795.5801952,284.4024324417114,0,0
1595878795.590183,286.2002420425415,0,0
1595878795.600195,288.00238609313965,0,0
1595878795.6101954,289.80247020721436,0,0
1595878795.6201851,291.60062313079834,0,0
1595878795.63019,293.40147972106934,0,0
1595878795.6401854,295.20066261291504,0,0
1595878795.650192,297.00186252593994,0,0
1595878795.6601963,298.80263328552246,0,0
1595878795.6701999,300.60327529907227,0,0
1595878795.6801822,302.40009784698486,0,0
1595878795.690193,304.2020273208618,0,0
1595878795.7001894,306.0013818740845,0,0
1595878795.7101848,307.8005647659302,0,0
1595878795.7201817,309.6000051498413,0,0
1595878795.7301805,311.39978885650635,0,0
1595878795.7401993,313.2031774520874,0,0
1595878795.7501957,315.00253200531006,0,0
1595878795.7601972,316.8027877807617,0,0
1595878795.770182,318.6000394821167,0,0
1595878795.7801816,320.3999948501587,0,0
1595878795.790193,322.20205307006836,0,0
1595878795.8001988,324.0030813217163,0,0
1595878795.8101883,325.80119132995605,0,0
1595878795.8201907,327.60161876678467,0,0
1595878795.8301814,329.3999433517456,0,0
1595878795.8401883,331.20118618011475,0,0
1595878795.8501852,333.0006265640259,0,0
1595878795.8601956,334.8025131225586,0,0
1595878795.870188,336.6011381149292,0,0
1595878795.8801966,338.402681350708,0,0
1595878795.890183,340.20023345947266,0,0
1595878795.9001977,342.00289249420166,0,0
1595878795.910194,343.8022041320801,0,0
1595878795.9201915,345.6017732620239,0,0
1595878795.9301908,347.40164279937744,0,0
1595878795.9401937,349.20215606689453,0,0
1595878795.9501991,351.00314140319824,0,0
1595878795.9601872,352.80099391937256,0,0
1595878795.9701908,354.60163593292236,0,0
1595878795.9801903,356.4015483856201,0,0
1595878795.990199,358.20313453674316,0,0
1595878796.00019,360,0,1
1595878796.00019,0,0,0
1595878796.0102024,1.802229881286621,0,0
1595878796.020204,3.6025285720825195,0,0
1595878796.0280612,5.016803741455078,0,0
1595878796.0280612,5.016803741455078,0,0
1595878796.0301971,5.40128231048584,0,0
1595878796.0402071,7.203083038330078,0,0
1595878796.0502086,9.003338813781738,0,0
1595878796.0601928,10.800504684448242,0,0
1595878796.0701952,12.600932121276855,0,0
1595878796.0801911,14.400200843811035,0,0
1595878796.0902014,16.20204448699951,0,0
1595878796.1002014,18.002042770385742,0,0
1595878796.1101995,19.801697731018066,0,0
1595878796.120192,21.60036563873291,0,0
1595878796.1301951,23.40092182159424,0,0
1595878796.140191,25.200190544128418,0,0
1595878796.1501968,27.001218795776367,0,0
1595878796.1601932,28.800573348999023,0,0
1595878796.1702073,30.603103637695312,0,0
1595878796.1802025,32.40224361419678,0,0
1595878796.1902,34.201812744140625,0,0
1595878796.2002027,36.00228309631348,0,0
1595878796.2102027,37.80228137969971,0,0
1595878796.2201993,39.6016788482666,0,0
1595878796.2302003,41.401848793029785,0,0
1595878796.240207,43.20304870605469,0,0
1595878796.2502012,45.0020170211792,0,0
1595878796.260197,46.80124282836914,0,0
1595878796.270199,48.601627349853516,0,0
1595878796.2801943,50.40076732635498,0,0
1595878796.2902057,52.20282554626465,0,0
1595878796.3001897,53.999948501586914,0,0
1595878796.3102086,55.80333709716797,0,0
1595878796.320207,57.60307788848877,0,0
1595878796.3301966,59.401187896728516,0,0
1595878796.3402002,61.20182991027832,0,0
1595878796.3501973,63.00131320953369,0,0
1595878796.3601983,64.80148315429688,0,0
1595878796.3701925,66.60045146942139,0,0
1595878796.3802028,68.40229511260986,0,0
1595878796.3901935,70.2006196975708,0,0
1595878796.400199,72.00160503387451,0,0
1595878796.4101906,73.8001012802124,0,0
1595878796.4202058,75.60284614562988,0,0
1595878796.4302018,77.40211486816406,0,0
1595878796.4402049,79.20267105102539,0,0
1595878796.450196,81.0010814666748,0,0
1595878796.460194,82.80073642730713,0,0
1595878796.4701896,84.59991931915283,0,0
1595878796.4802043,86.40257835388184,0,0
1595878796.4902043,88.20257663726807,0,0
1595878796.500207,90.00304698944092,0,0
1595878796.5101929,91.80051326751709,0,0
1595878796.5201905,93.60008239746094,0,0
1595878796.5302033,95.40239810943604,0,0
1595878796.5401924,97.2004222869873,0,0
1595878796.5501966,99.00119304656982,0,0
1595878796.5602078,100.80320835113525,0,0
1595878796.570191,102.60015964508057,0,0
1595878796.5801926,104.40045833587646,0,0
1595878796.5901988,106.20157241821289,0,0
1595878796.600207,108.00307273864746,0,0
1595878796.6102083,109.80328559875488,0,0
1595878796.6202068,111.60302639007568,0,0
1595878796.6301904,113.40006351470947,0,0
1595878796.6402042,115.20255088806152,0,0
1595878796.6501994,117.00169086456299,0,0
1595878796.6601923,118.80040168762207,0,0
1595878796.670197,120.60125827789307,0,0
1595878796.6802044,122.40258693695068,0,0
1595878796.690195,124.20091152191162,0,0
1595878796.7001927,126.00048065185547,0,0
1595878796.7101994,127.80168056488037,0,0
1595878796.7202024,129.6022367477417,0,0
1595878796.730198,131.4014196395874,0,0
1595878796.7402062,133.20291996002197,0,0
1595878796.7501957,135.00102996826172,0,0
1595878796.7602077,136.80317401885986,0,0
1595878796.770196,138.60106945037842,0,0
1595878796.7802064,140.40295600891113,0,0
1595878796.7901924,142.2004222869873,0,0
1595878796.8001933,144.0005922317505,0,0
1595878796.8101966,145.80119132995605,0,0
1595878796.820191,147.60015964508057,0,0
1595878796.830196,149.4010591506958,0,0
1595878796.8402064,151.20294570922852,0,0
1595878796.8501909,153.00015449523926,0,0
1595878796.8601918,154.80032444000244,0,0
1595878796.870204,156.60251140594482,0,0
1595878796.8801959,158.40105056762695,0,0
1595878796.8902,160.20177841186523,0,0
1595878796.9001987,162.00156211853027,0,0
1595878796.910195,163.80091667175293,0,0
1595878796.9201987,165.60155868530273,0,0
1595878796.9302049,167.40267276763916,0,0
1595878796.940196,169.20108318328857,0,0
1595878796.9502044,171.00258350372314,0,0
1595878796.9602053,172.80275344848633,0,0
1595878796.9701908,174.60013389587402,0,0
1595878796.9801953,176.40094757080078,0,0
1595878796.990198,178.20141792297363,0,0
1595878797.000195,180.000901222229,0,0
1595878797.010191,181.80016994476318,0,0
1595878797.0201948,183.60085487365723,0,0
1595878797.0302072,185.40308475494385,0,0
1595878797.0401974,187.2013235092163,0,0
1595878797.0501957,189.00102138519287,0,0
1595878797.060205,190.8026933670044,0,0
1595878797.0701947,192.60084629058838,0,0
1595878797.0801926,194.40045833587646,0,0
1595878797.0901985,196.20152950286865,0,0
1595878797.1001909,198.00015449523926,0,0
1595878797.1102047,199.8026418685913,0,0
1595878797.1201937,201.60066604614258,0,0
1595878797.1302013,203.40203762054443,0,0
1595878797.140193,205.20053386688232,0,0
1595878797.1502054,207.00276374816895,0,0
1595878797.1602037,208.8024616241455,0,0
1595878797.170201,210.60198783874512,0,0
1595878797.1802015,212.40207195281982,0,0
1595878797.1901937,214.2006540298462,0,0
1595878797.2001953,216.0009527206421,0,0
1595878797.2101989,217.8015947341919,0,0
1595878797.220202,219.60215091705322,0,0
1595878797.2302,221.40180587768555,0,0
1595878797.2402036,223.20244789123535,0,0
1595878797.2501996,225.00171661376953,0,0
1595878797.26019,226.79999828338623,0,0
1595878797.2701957,228.60102653503418,0,0
1595878797.280195,230.4008960723877,0,0
1595878797.2901976,232.20136642456055,0,0
1595878797.300204,234.0025234222412,0,0
1595878797.3101888,235.7997751235962,0,0
1595878797.3201935,237.6006317138672,0,0
1595878797.3302076,239.40316200256348,0,0
1595878797.3401895,241.1998987197876,0,0
1595878797.3501952,243.00092697143555,0,0
1595878797.3601978,244.8013973236084,0,0
1595878797.3702073,246.60311222076416,0,0
1595878797.3801982,248.40147972106934,0,0
1595878797.390195,250.20087718963623,0,0
1595878797.4002054,252.00276374816895,0,0
1595878797.4101937,253.8006591796875,0,0
1595878797.4202,255.60181617736816,0,0
1595878797.4301956,257.40099906921387,0,0
1595878797.4401996,259.20172691345215,0,0
1595878797.4501898,260.9999656677246,0,0
1595878797.460191,262.80017852783203,0,0
1595878797.4702,264.6018075942993,0,0
1595878797.4802055,266.402792930603,0,0
1595878797.4901955,268.20098876953125,0,0
1595878797.5001888,269.9997854232788,0,0
1595878797.5101967,271.8011999130249,0,0
1595878797.5201955,273.60098361968994,0,0
1595878797.5301955,275.4009819030762,0,0
1595878797.5401964,277.20115184783936,0,0
1595878797.5502074,279.00312423706055,0,0
1595878797.5601966,280.80119132995605,0,0
1595878797.5701885,282.5997304916382,0,0
1595878797.580204,284.4025182723999,0,0
1595878797.5902066,286.20298862457275,0,0
1595878797.6001923,288.0004119873047,0,0
1595878797.6101916,289.8002815246582,0,0
1595878797.6201942,291.60075187683105,0,0
1595878797.6302006,293.4019088745117,0,0
1595878797.640196,295.2010917663574,0,0
1595878797.6502078,297.0031929016113,0,0
1595878797.6601982,298.801474571228,0,0
1595878797.670208,300.603232383728,0,0
1595878797.6801884,302.3997116088867,0,0
1595878797.6901925,304.200439453125,0,0
1595878797.7002041,306.0025405883789,0,0
1595878797.710207,307.803053855896,0,0
1595878797.7202053,309.60275173187256,0,0
1595878797.730194,311.4007329940796,0,0
1595878797.7402046,313.2026195526123,0,0
1595878797.7501948,315.00085830688477,0,0
1595878797.7601998,316.8017578125,0,0
1595878797.7701929,318.6005115509033,0,0
1595878797.7802072,320.40308475494385,0,0
1595878797.790193,322.20055103302,0,0
1595878797.8002071,324.0030813217163,0,0
1595878797.8101933,325.8005905151367,0,0
1595878797.8202064,327.60294914245605,0,0
1595878797.830199,329.4016170501709,0,0
1595878797.840193,331.2005424499512,0,0
1595878797.8501973,333.0013132095337,0,0
1595878797.8602076,334.80315685272217,0,0
1595878797.8701952,336.600923538208,0,0
1595878797.8801963,338.40113639831543,0,0
1595878797.890199,340.2016067504883,0,0
1595878797.9001997,342.0017337799072,0,0
1595878797.9101963,343.8011312484741,0,0
1595878797.920193,345.600528717041,0,0
1595878797.9302032,347.4023723602295,0,0
1595878797.9401882,349.1996669769287,0,0
1595878797.950193,351.0005235671997,0,0
1595878797.9601903,352.8000497817993,0,0
1595878797.9701893,354.5998764038086,0,0
1595878797.980205,356.40270709991455,0,0
1595878797.9901927,358.2004737854004,0,0
1595878798.000196,360,0,1
1595878798.000196,0,0,0
1595878798.0101995,1.8006420135498047,0,0
1595878798.0202005,3.6008119583129883,0,0
1595878798.02443,4.362130165100098,0,0
1595878798.02443,4.362130165100098,0,0
1595878798.030197,5.4001665115356445,0,0
1595878798.0401986,7.200465202331543,0,0
1595878798.0502157,9.00355339050293,0,0
1595878798.0601978,10.800333023071289,0,0
1595878798.0702052,12.601661682128906,0,0
1595878798.080199,14.400544166564941,0,0
1595878798.0902,16.200714111328125,0,0
1595878798.1002023,18.00114154815674,0,0
1595878798.1102057,19.801740646362305,0,0
1595878798.1202018,21.601052284240723,0,0
1595878798.130213,23.403067588806152,0,0
1595878798.140211,25.202722549438477,0,0
1595878798.1502137,27.003192901611328,0,0
1595878798.16021,28.802504539489746,0,0
1595878798.1702106,30.60263156890869,0,0
1595878798.1802104,32.402586936950684,0,0
1595878798.1901958,34.19996738433838,0,0
1595878798.2002106,36.00262641906738,0,0
1595878798.2102032,37.80129432678223,0,0
1595878798.2202098,39.60249423980713,0,0
1595878798.230215,41.4034366607666,0,0
1595878798.2402081,43.20219039916992,0,0
1595878798.2502096,45.00244617462158,0,0
1595878798.2602153,46.80347442626953,0,0
1595878798.2702148,48.603386878967285,0,0
1595878798.2802093,50.402398109436035,0,0
1595878798.2902133,52.203125953674316,0,0
1595878798.300198,54.0003776550293,0,0
1595878798.3102095,55.802435874938965,0,0
1595878798.3202016,57.60101795196533,0,0
1595878798.330197,59.400200843811035,0,0
1595878798.3402133,61.20311737060547,0,0
1595878798.3502066,63.00191402435303,0,0
1595878798.360203,64.80126857757568,0,0
1595878798.3702075,66.60208225250244,0,0
1595878798.3802087,68.40229511260986,0,0
1595878798.3902035,70.20134925842285,0,0
1595878798.4001966,72.00010299682617,0,0
1595878798.4101996,73.8006591796875,0,0
1595878798.4202101,75.60254573822021,0,0
1595878798.430206,77.4018144607544,0,0
1595878798.440201,79.20091152191162,0,0
1595878798.4502003,81.00078105926514,0,0
1595878798.460212,82.80288219451904,0,0
1595878798.47021,84.60253715515137,0,0
1595878798.480215,86.4034366607666,0,0
1595878798.4902022,88.20111751556396,0,0
1595878798.5002089,90.00231742858887,0,0
1595878798.5102115,91.80278778076172,0,0
1595878798.5202124,93.6029577255249,0,0
1595878798.5302088,95.40231227874756,0,0
1595878798.5402002,97.20076560974121,0,0
1595878798.5502148,99.00338172912598,0,0
1595878798.5601962,100.80003261566162,0,0
1595878798.5702083,102.602219581604,0,0
1595878798.580213,104.403076171875,0,0
1595878798.5902123,106.20294570922852,0,0
1595878798.600196,107.9999828338623,0,0
1595878798.6101987,109.8004961013794,0,0
1595878798.6201963,111.60006523132324,0,0
1595878798.6302004,113.40079307556152,0,0
1595878798.6402009,115.20087718963623,0,0
1595878798.6502032,117.00130462646484,0,0
1595878798.6601963,118.80005836486816,0,0
1595878798.67021,120.60250282287598,0,0
1595878798.6802015,122.40099906921387,0,0
1595878798.69021,124.20254230499268,0,0
1595878798.7002013,126.00095272064209,0,0
1595878798.7102067,127.8019380569458,0,0
1595878798.7202027,129.60120677947998,0,0
1595878798.7302043,131.40150547027588,0,0
1595878798.7402072,133.20201873779297,0,0
1595878798.7502131,135.00308990478516,0,0
1595878798.7602046,136.8015432357788,0,0
1595878798.770203,138.6012840270996,0,0
1595878798.7802064,140.40188312530518,0,0
1595878798.7902086,142.20226764678955,0,0
1595878798.8002133,144.00312423706055,0,0
1595878798.8101966,145.8001184463501,0,0
1595878798.8201966,147.60011672973633,0,0
1595878798.8301961,149.40002918243408,0,0
1595878798.8402135,151.2031602859497,0,0
1595878798.8502073,153.00204277038574,0,0
1595878798.8602095,154.80242729187012,0,0
1595878798.8702056,156.60173892974854,0,0
1595878798.880213,158.40306758880615,0,0
1595878798.8902035,160.20134925842285,0,0
1595878798.9002004,162.00078964233398,0,0
1595878798.9102132,163.80310535430908,0,0
1595878798.9202085,165.60224533081055,0,0
1595878798.930211,167.4027156829834,0,0
1595878798.9401953,169.1998815536499,0,0
1595878798.9502087,171.00228309631348,0,0
1595878798.9602125,172.80296802520752,0,0
1595878798.9702117,174.60283756256104,0,0
1595878798.9801977,176.4003038406372,0,0
1595878798.990197,178.20017337799072,0,0
1595878799.0002017,180.00102996826172,0,0
1595878799.0102038,181.8014144897461,0,0
1595878799.020213,183.60304355621338,0,0
1595878799.030198,185.40038108825684,0,0
1595878799.0402138,187.2032117843628,0,0
1595878799.0502086,189.00226593017578,0,0
1595878799.0602002,190.80076217651367,0,0
1595878799.0701962,192.60003089904785,0,0
1595878799.0802,194.4007158279419,0,0
1595878799.0901957,196.19994163513184,0,0
1595878799.100198,198.00036907196045,0,0
1595878799.1102054,199.80169773101807,0,0
1595878799.120199,201.60053730010986,0,0
1595878799.1301982,203.40040683746338,0,0
1595878799.1402028,205.20122051239014,0,0
1595878799.1501966,207.00010299682617,0,0
1595878799.1602118,208.80284786224365,0,0
1595878799.1702127,210.60301780700684,0,0
1595878799.1802068,212.4019432067871,0,0
1595878799.190197,214.20018196105957,0,0
1595878799.200212,216.0028839111328,0,0
1595878799.2102134,217.80313968658447,0,0
1595878799.220206,219.60180759429932,0,0
1595878799.230202,221.4010763168335,0,0
1595878799.2402112,223.20274829864502,0,0
1595878799.2502086,225.00227451324463,0,0
1595878799.2602096,226.8024444580078,0,0
1595878799.2702088,228.60231399536133,0,0
1595878799.2802098,230.4024839401245,0,0
1595878799.2902029,232.20123767852783,0,0
1595878799.3002105,234.0026092529297,0,0
1595878799.310196,235.79998970031738,0,0
1595878799.3202102,237.6025629043579,0,0
1595878799.330212,239.40290451049805,0,0
1595878799.3402038,241.20140075683594,0,0
1595878799.3502007,243.00084114074707,0,0
1595878799.3602026,244.8011827468872,0,0
1595878799.3702047,246.60156726837158,0,0
1595878799.3802035,248.40135097503662,0,0
1595878799.3902009,250.20087718963623,0,0
1595878799.4002008,252.00087547302246,0,0
1595878799.4102006,253.80083084106445,0,0
1595878799.4202054,255.60168743133545,0,0
1595878799.4302042,257.4014711380005,0,0
1595878799.440214,259.2032289505005,0,0
1595878799.4501982,261.000394821167,0,0
1595878799.4602015,262.80099391937256,0,0
1595878799.470206,264.6018075942993,0,0
1595878799.4802072,266.40202045440674,0,0
1595878799.4902117,268.2028341293335,0,0
1595878799.5002108,270.0026607513428,0,0
1595878799.5101974,271.80025577545166,0,0
1595878799.5202014,273.60098361968994,0,0
1595878799.5302088,275.40231227874756,0,0
1595878799.5402086,277.20226764678955,0,0
1595878799.5502012,279.0009355545044,0,0
1595878799.5601974,280.8002471923828,0,0
1595878799.570195,282.59981632232666,0,0
1595878799.5802023,284.4011449813843,0,0
1595878799.5902128,286.203031539917,0,0
1595878799.6002064,288.0018711090088,0,0
1595878799.610209,289.80234146118164,0,0
1595878799.6202028,291.6012239456177,0,0
1595878799.630214,293.4032392501831,0,0
1595878799.6402082,295.2022075653076,0,0
1595878799.650198,297.0003604888916,0,0
1595878799.6601954,298.7998867034912,0,0
1595878799.6702008,300.6008720397949,0,0
1595878799.6801963,302.4000549316406,0,0
1595878799.6901972,304.2002248764038,0,0
1595878799.7002125,306.0029697418213,0,0
1595878799.710196,307.8000068664551,0,0
1595878799.7202086,309.60227966308594,0,0
1595878799.7302058,311.4017629623413,0,0
1595878799.740204,313.20146083831787,0,0
1595878799.7501981,315.00038623809814,0,0
1595878799.760209,316.80235862731934,0,0
1595878799.7701957,318.5999536514282,0,0
1595878799.7802074,320.40205478668213,0,0
1595878799.7902107,322.2026538848877,0,0
1595878799.800211,324.00269508361816,0,0
1595878799.810205,325.80162048339844,0,0
1595878799.8201966,327.6001167297363,0,0
1595878799.8302088,329.4023036956787,0,0
1595878799.840202,331.20110034942627,0,0
1595878799.8502078,333.0021286010742,0,0
1595878799.8602066,334.80191230773926,0,0
1595878799.8702056,336.60173892974854,0,0
1595878799.8802044,338.4015226364136,0,0
1595878799.8901951,340.1998472213745,0,0
1595878799.9001954,341.999888420105,0,0
1595878799.9102128,343.8030195236206,0,0
1595878799.9201956,345.5999279022217,0,0
1595878799.930209,347.40232944488525,0,0
1595878799.940201,349.2009115219116,0,0
1595878799.9502077,351.0021114349365,0,0
1595878799.960201,352.8009080886841,0,0
1595878799.9702113,354.60275173187256,0,0
1595878799.9802074,356.402063369751,0,0
1595878799.9902089,358.20231914520264,0,0
1595878800.0002034,360,0,1
1595878800.0002034,0,0,0
1595878800.0102103,1.8012428283691406,0,0
1595878800.0202103,3.601241111755371,0,0
1595878800.0220337,3.929457664489746,0,0
1595878800.0220337,3.929457664489746,0,0
1595878800.0302136,5.4018402099609375,0,0
1595878800.0402076,7.200765609741211,0,0
1595878800.0502048,9.000248908996582,0,0
1595878800.0602043,10.800161361694336,0,0
1595878800.070221,12.603163719177246,0,0
1595878800.0802064,14.400544166564941,0,0
1595878800.0902207,16.20311737060547,0,0
1595878800.1002207,18.0031156539917,0,0
1595878800.110209,19.801011085510254,0,0
1595878800.120212,21.601567268371582,0,0
1595878800.1302218,23.403325080871582,0,0
1595878800.1402204,25.203065872192383,0,0
1595878800.150205,27.000274658203125,0,0
1595878800.1602075,28.800745010375977,0,0
1595878800.1702077,30.600786209106445,0,0
1595878800.1802208,32.40314483642578,0,0
1595878800.1902082,34.20086860656738,0,0
1595878800.2002106,36.001296043395996,0,0
1595878800.2102063,37.80052185058594,0,0
1595878800.2202156,39.60219383239746,0,0
1595878800.2302048,41.40026092529297,0,0
1595878800.2402086,43.20094585418701,0,0
1595878800.250218,45.002617835998535,0,0
1595878800.2602112,46.801414489746094,0,0
1595878800.2702227,48.60347270965576,0,0
1595878800.2802222,50.403385162353516,0,0
1595878800.2902157,52.20222473144531,0,0
1595878800.3002083,54.000892639160156,0,0
1595878800.3102202,55.8030366897583,0,0
1595878800.3202078,57.60080337524414,0,0
1595878800.3302069,59.40062999725342,0,0
1595878800.3402102,61.201229095458984,0,0
1595878800.3502116,63.001484870910645,0,0
1595878800.360204,64.80010986328125,0,0
1595878800.3702085,66.60092353820801,0,0
1595878800.380221,68.40315341949463,0,0
1595878800.390211,70.20139217376709,0,0
1595878800.4002092,72.00104713439941,0,0
1595878800.4102204,73.80306243896484,0,0
1595878800.4202166,75.60237407684326,0,0
1595878800.430206,77.40048408508301,0,0
1595878800.4402037,79.20005321502686,0,0
1595878800.4502103,81.00125312805176,0,0
1595878800.460217,82.80245304107666,0,0
1595878800.4702055,84.60039138793945,0,0
1595878800.4802217,86.40330791473389,0,0
1595878800.4902039,88.20008754730225,0,0
1595878800.50022,90.00300407409668,0,0
1595878800.5102057,91.80042743682861,0,0
1595878800.5202143,93.60197067260742,0,0
1595878800.5302215,95.4032564163208,0,0
1595878800.5402217,97.20329761505127,0,0
1595878800.5502138,99.00187969207764,0,0
1595878800.560222,100.80333709716797,0,0
1595878800.5702162,102.60230541229248,0,0
1595878800.580213,104.40174579620361,0,0
1595878800.5902133,106.20178699493408,0,0
1595878800.6002183,108.00268650054932,0,0
1595878800.6102066,109.80058193206787,0,0
1595878800.6202114,111.60143852233887,0,0
1595878800.6302145,113.4019947052002,0,0
1595878800.6402202,115.20302295684814,0,0
1595878800.650206,117.00048923492432,0,0
1595878800.6602192,118.80284786224365,0,0
1595878800.670203,120.59992790222168,0,0
1595878800.6802087,122.40095615386963,0,0
1595878800.6902215,124.20327186584473,0,0
1595878800.7002091,126.00103855133057,0,0
1595878800.7102187,127.80275344848633,0,0
1595878800.7202153,129.60215091705322,0,0
1595878800.7302191,131.40283584594727,0,0
1595878800.7402034,133.20000171661377,0,0
1595878800.7502043,135.00017166137695,0,0
1595878800.7602115,136.80145740509033,0,0
1595878800.7702036,138.6000394821167,0,0
1595878800.7802196,140.4029130935669,0,0
1595878800.7902205,142.20308303833008,0,0
1595878800.80022,144.00299549102783,0,0
1595878800.8102052,145.8003330230713,0,0
1595878800.8202162,147.60230541229248,0,0
1595878800.8302116,149.40148830413818,0,0
1595878800.8402176,151.20255947113037,0,0
1595878800.850211,153.00135612487793,0,0
1595878800.8602083,154.80088233947754,0,0
1595878800.8702097,156.6011381149292,0,0
1595878800.8802042,158.40014934539795,0,0
1595878800.8902087,160.2009630203247,0,0
1595878800.900211,162.00139045715332,0,0
1595878800.9102116,163.80147457122803,0,0
1595878800.9202101,165.60121536254883,0,0
1595878800.930203,167.3999261856079,0,0
1595878800.9402068,169.20061111450195,0,0
1595878800.9502213,171.00322723388672,0,0
1595878800.960213,172.8017234802246,0,0
1595878800.9702113,174.60142135620117,0,0
1595878800.9802077,176.40077590942383,0,0
1595878800.9902065,178.20055961608887,0,0
1595878801.0002182,180.00266075134277,0,0
1595878801.0102053,181.80034160614014,0,0
1595878801.0202048,183.6002540588379,0,0
1595878801.0302215,185.4032564163208,0,0
1595878801.0402102,187.20123767852783,0,0
1595878801.0502205,189.0030813217163,0,0
1595878801.0602121,190.8015775680542,0,0
1595878801.0702026,192.5998592376709,0,0
1595878801.080211,194.40135955810547,0,0
1595878801.0902114,196.20144367218018,0,0
1595878801.1002026,197.9998540878296,0,0
1595878801.1102107,199.80131149291992,0,0
1595878801.1202173,201.60251140594482,0,0
1595878801.1302147,203.40203762054443,0,0
1595878801.1402104,205.20126342773438,0,0
1595878801.1502054,207.0003604888916,0,0
1595878801.1602035,208.80001544952393,0,0
1595878801.1702104,210.60125827789307,0,0
1595878801.1802173,212.4025011062622,0,0
1595878801.19022,214.2030143737793,0,0
1595878801.200208,216.00082397460938,0,0
1595878801.2102191,217.8028392791748,0,0
1595878801.2202125,219.60163593292236,0,0
1595878801.2302034,221.40000343322754,0,0
1595878801.240213,223.2017183303833,0,0
1595878801.2502053,225.0003433227539,0,0
1595878801.260204,226.80012702941895,0,0
1595878801.2702162,228.60231399536133,0,0
1595878801.280209,230.4010248184204,0,0
1595878801.2902153,232.20213890075684,0,0
1595878801.3002214,234.00325298309326,0,0
1595878801.3102028,235.7999038696289,0,0
1595878801.3202167,237.60239124298096,0,0
1595878801.330218,239.40264701843262,0,0
1595878801.3402076,241.20075702667236,0,0
1595878801.3502052,243.0003261566162,0,0
1595878801.3602076,244.80075359344482,0,0
1595878801.3702145,246.60199642181396,0,0
1595878801.3802204,248.40306758880615,0,0
1595878801.3902106,250.2013063430786,0,0
1595878801.400218,252.00263500213623,0,0
1595878801.4102077,253.80078792572021,0,0
1595878801.4202182,255.60267448425293,0,0
1595878801.430209,257.40099906921387,0,0
1595878801.4402182,259.2026710510254,0,0
1595878801.4502122,261.00159645080566,0,0
1595878801.4602108,262.80133724212646,0,0
1595878801.4702103,264.6012496948242,0,0
1595878801.4802113,266.4014196395874,0,0
1595878801.4902081,268.20086002349854,0,0
1595878801.5002182,270.0026607513428,0,0
1595878801.510207,271.8006420135498,0,0
1595878801.5202208,273.60312938690186,0,0
1595878801.5302212,275.40321350097656,0,0
1595878801.5402174,277.202525138855,0,0
1595878801.5502033,278.99999141693115,0,0
1595878801.560216,280.802264213562,0,0
1595878801.5702033,282.5999879837036,0,0
1595878801.5802116,284.4014883041382,0,0
1595878801.5902023,286.1998128890991,0,0
1595878801.6002135,288.00182819366455,0,0
1595878801.6102169,289.8024272918701,0,0
1595878801.6202054,291.6003656387329,0,0
1595878801.6302142,293.40195178985596,0,0
1595878801.6402202,295.20302295684814,0,0
1595878801.6502059,297.0004463195801,0,0
1595878801.6602087,298.80095958709717,0,0
1595878801.6702063,300.600528717041,0,0
1595878801.680207,302.40065574645996,0,0
1595878801.6902108,304.201340675354,0,0
1595878801.700214,306.00189685821533,0,0
1595878801.7102096,307.8011226654053,0,0
1595878801.7202067,309.60060596466064,0,0
1595878801.7302096,311.40111923217773,0,0
1595878801.7402055,313.2003879547119,0,0
1595878801.7502096,315.0011157989502,0,0
1595878801.7602181,316.802659034729,0,0
1595878801.7702107,318.60132694244385,0,0
1595878801.7802181,320.40265560150146,0,0
1595878801.790219,322.20282554626465,0,0
1595878801.8002076,324.00076389312744,0,0
1595878801.8102057,325.80041885375977,0,0
1595878801.8202205,327.60307788848877,0,0
1595878801.8302095,329.40110206604004,0,0
1595878801.8402035,331.2000274658203,0,0
1595878801.8502142,333.00195693969727,0,0
1595878801.860221,334.80315685272217,0,0
1595878801.8702173,336.6025114059448,0,0
1595878801.8802197,338.40293884277344,0,0
1595878801.8902094,340.2010917663574,0,0
1595878801.9002116,342.0014762878418,0,0
1595878801.9102056,343.80040168762207,0,0
1595878801.9202194,345.6028890609741,0,0
1595878801.9302082,347.40087032318115,0,0
1595878801.9402044,349.20018196105957,0,0
1595878801.9502048,351.0002660751343,0,0
1595878801.9602184,352.8027105331421,0,0
1595878801.970217,354.6024513244629,0,0
1595878801.9802198,356.40296459198,0,0
1595878801.9902077,358.20077419281006,0,0
1595878802.0002053,360,0,1
1595878802.0002053,0,0,0
1595878802.010224,1.8033885955810547,0,0
1595878802.0184014,3.275299072265625,0,0
1595878802.0184014,3.275299072265625,0,0
1595878802.02022,3.6026573181152344,0,0
1595878802.0302057,5.400080680847168,0,0
1595878802.0402117,7.2011518478393555,0,0
1595878802.050222,9.002995491027832,0,0
1595878802.0602157,10.801877975463867,0,0
1595878802.0702186,12.602391242980957,0,0
1595878802.080219,14.402475357055664,0,0
1595878802.090216,16.201915740966797,0,0
1595878802.1002223,18.00307273864746,0,0
1595878802.110223,19.803199768066406,0,0
1595878802.120209,21.600666046142578,0,0
1595878802.130207,23.400321006774902,0,0
1595878802.140221,25.20285129547119,0,0
1595878802.150219,27.002463340759277,0,0
1595878802.1602094,28.800745010375977,0,0
1595878802.170205,30.599970817565918,0,0
1595878802.1802099,32.400827407836914,0,0
1595878802.1902149,34.20172691345215,0,0
1595878802.200212,36.00121021270752,0,0
1595878802.21021,37.800865173339844,0,0
1595878802.2202122,39.60124969482422,0,0
1595878802.2302232,41.40322208404541,0,0
1595878802.2402163,43.20197582244873,0,0
1595878802.250218,45.00227451324463,0,0
1595878802.2602067,46.80025577545166,0,0
1595878802.2702146,48.601670265197754,0,0
1595878802.2802167,50.40205478668213,0,0
1595878802.2902095,52.20076560974121,0,0
1595878802.3002193,54.00252342224121,0,0
1595878802.310215,55.80174922943115,0,0
1595878802.320219,57.602477073669434,0,0
1595878802.3302238,59.40333366394043,0,0
1595878802.3402214,61.20290279388428,0,0
1595878802.3502202,63.002686500549316,0,0
1595878802.3602214,64.80289936065674,0,0
1595878802.3702197,66.6025972366333,0,0
1595878802.3802207,68.40276718139648,0,0
1595878802.3902147,70.20169258117676,0,0
1595878802.4002237,72.00332164764404,0,0
1595878802.4102182,73.8023328781128,0,0
1595878802.4202166,75.60203075408936,0,0
1595878802.4302158,77.40190029144287,0,0
1595878802.440211,79.20104026794434,0,0
1595878802.4502113,81.0010814666748,0,0
1595878802.4602144,82.80163764953613,0,0
1595878802.4702141,84.60159301757812,0,0
1595878802.4802098,86.40081882476807,0,0
1595878802.4902058,88.20008754730225,0,0
1595878802.500209,90.00068664550781,0,0
1595878802.5102184,91.80235862731934,0,0
1595878802.5202224,93.60308647155762,0,0
1595878802.53021,95.40085315704346,0,0
1595878802.5402195,97.20256805419922,0,0
1595878802.5502193,99.00252342224121,0,0
1595878802.560214,100.8015775680542,0,0
1595878802.5702055,102.60003089904785,0,0
1595878802.5802171,104.40213203430176,0,0
1595878802.5902226,106.20311737060547,0,0
1595878802.600224,108.00337314605713,0,0
1595878802.610223,109.8031997680664,0,0
1595878802.6202133,111.60143852233887,0,0
1595878802.6302118,113.40117931365967,0,0
1595878802.6402075,115.20040512084961,0,0
1595878802.6502125,117.00130462646484,0,0
1595878802.66022,118.80263328552246,0,0
1595878802.6702204,120.60271739959717,0,0
1595878802.6802197,122.40258693695068,0,0
1595878802.6902237,124.20331478118896,0,0
1595878802.7002153,126.00181102752686,0,0
1595878802.710217,127.80210971832275,0,0
1595878802.7202067,129.60026264190674,0,0
1595878802.7302072,131.40034675598145,0,0
1595878802.7402227,133.20313453674316,0,0
1595878802.7502131,135.00141620635986,0,0
1595878802.7602093,136.80072784423828,0,0
1595878802.7702093,138.6007261276245,0,0
1595878802.780215,140.40175437927246,0,0
1595878802.7902143,142.20162391662598,0,0
1595878802.8002234,144.00325298309326,0,0
1595878802.810223,145.80320835113525,0,0
1595878802.8202171,147.60213375091553,0,0
1595878802.830206,149.40011501312256,0,0
1595878802.840223,151.20320320129395,0,0
1595878802.8502166,153.00204277038574,0,0
1595878802.8602123,154.80126857757568,0,0
1595878802.8702083,156.60053730010986,0,0
1595878802.8802195,158.4025526046753,0,0
1595878802.890213,160.2013921737671,0,0
1595878802.9002156,162.00186252593994,0,0
1595878802.9102077,163.8004446029663,0,0
1595878802.9202192,165.60250282287598,0,0
1595878802.9302194,167.40254402160645,0,0
1595878802.9402115,169.2011260986328,0,0
1595878802.9502196,171.00258350372314,0,0
1595878802.960205,172.79996395111084,0,0
1595878802.9702237,174.60330963134766,0,0
1595878802.9802082,176.4005184173584,0,0
1595878802.9902203,178.20270538330078,0,0
1595878803.0002208,180.0027894973755,0,0
1595878803.0102198,181.80261611938477,0,0
1595878803.020223,183.6031723022461,0,0
1595878803.0302145,185.40166854858398,0,0
1595878803.0402205,187.20273971557617,0,0
1595878803.0502117,189.0011501312256,0,0
1595878803.0602198,190.80260753631592,0,0
1595878803.0702207,192.6027774810791,0,0
1595878803.0802188,194.40243244171143,0,0
1595878803.0902197,196.2026023864746,0,0
1595878803.100223,198.00320148468018,0,0
1595878803.1102095,199.80075359344482,0,0
1595878803.1202166,201.6020393371582,0,0
1595878803.1302156,203.40186595916748,0,0
1595878803.1402168,205.2020788192749,0,0
1595878803.1502101,207.00087547302246,0,0
1595878803.1602108,208.8010025024414,0,0
1595878803.1702204,210.60271739959717,0,0
1595878803.1802049,212.3999261856079,0,0
1595878803.1902072,214.20035362243652,0,0
1595878803.2002084,216.00056648254395,0,0
1595878803.2102237,217.80331134796143,0,0
1595878803.220216,219.60193634033203,0,0
1595878803.2302115,221.40111923217773,0,0
1595878803.240211,223.2010316848755,0,0
1595878803.2502134,225.0014591217041,0,0
1595878803.2602139,226.8015432357788,0,0
1595878803.2702084,228.60055446624756,0,0
1595878803.28021,230.40085315704346,0,0
1595878803.2902055,232.20003604888916,0,0
1595878803.30021,234.00084972381592,0,0
1595878803.3102193,235.80252170562744,0,0
1595878803.3202074,237.60037422180176,0,0
1595878803.330223,239.40320491790771,0,0
1595878803.340217,241.202130317688,0,0
1595878803.3502054,243.00002574920654,0,0
1595878803.3602147,244.80169773101807,0,0
1595878803.3702145,246.60165309906006,0,0
1595878803.3802178,248.40225219726562,0,0
1595878803.3902097,250.20079135894775,0,0
1595878803.4002233,252.00323581695557,0,0
1595878803.4102118,253.80117416381836,0,0
1595878803.42021,255.60082912445068,0,0
1595878803.4302206,257.40275859832764,0,0
1595878803.4402049,259.19992446899414,0,0
1595878803.4502182,261.0023260116577,0,0
1595878803.4602177,262.80223846435547,0,0
1595878803.4702144,264.60163593292236,0,0
1595878803.4802122,266.40124797821045,0,0
1595878803.4902086,268.2006025314331,0,0
1595878803.5002048,269.9999141693115,0,0
1595878803.5102203,271.80270195007324,0,0
1595878803.5202086,273.6005973815918,0,0
1595878803.5302167,275.40205478668213,0,0
1595878803.5402207,277.2027826309204,0,0
1595878803.550212,279.0011930465698,0,0
1595878803.5602224,280.80307960510254,0,0
1595878803.5702224,282.60307788848877,0,0
1595878803.5802145,284.40165996551514,0,0
1595878803.590206,286.2001132965088,0,0
1595878803.6002095,288.0007553100586,0,0
1595878803.6102097,289.80079650878906,0,0
1595878803.6202147,291.6016960144043,0,0
1595878803.6302147,293.4016942977905,0,0
1595878803.6402223,295.2030658721924,0,0
1595878803.6502175,297.00220584869385,0,0
1595878803.6602135,298.801474571228,0,0
1595878803.6702154,300.60181617736816,0,0
1595878803.6802037,302.3997116088867,0,0
1595878803.6902227,304.203143119812,0,0
1595878803.7002091,306.00069522857666,0,0
1595878803.7102191,307.8024959564209,0,0
1595878803.7202058,309.6000909805298,0,0
1595878803.7302063,311.4001750946045,0,0
1595878803.740213,313.2013750076294,0,0
1595878803.750207,315.00030040740967,0,0
1595878803.7602143,316.8016290664673,0,0
1595878803.7702217,318.6029577255249,0,0
1595878803.7802167,320.40205478668213,0,0
1595878803.7902205,322.2027397155762,0,0
1595878803.8002107,324.00097846984863,0,0
1595878803.810214,325.8015775680542,0,0
1595878803.8202074,327.60037422180176,0,0
1595878803.8302047,329.39990043640137,0,0
1595878803.8402183,331.2023448944092,0,0
1595878803.850217,333.0021286010742,0,0
1595878803.8602169,334.8020839691162,0,0
1595878803.8702188,336.60242557525635,0,0
1595878803.8802156,338.4018659591675,0,0
1595878803.8902087,340.2006196975708,0,0
1595878803.90021,342.0008325576782,0,0
1595878803.910221,343.80284786224365,0,0
1595878803.9202166,345.60203075408936,0,0
1595878803.9302177,347.4022436141968,0,0
1595878803.9402046,349.1998815536499,0,0
1595878803.9502237,351.0033130645752,0,0
1595878803.9602046,352.79987812042236,0,0
1595878803.9702237,354.60330963134766,0,0
1595878803.980209,356.40069007873535,0,0
1595878803.9902146,358.20167541503906,0,0
1595878804.000215,360,0,1
1595878804.000215,0,0,0
1595878804.01023,1.8027019500732422,0,0
1595878804.0185058,3.2923364639282227,0,0
1595878804.0185058,3.2923364639282227,0,0
1595878804.0202205,3.6009836196899414,0,0
1595878804.0302198,5.400853157043457,0,0
1595878804.0402195,7.200808525085449,0,0
1595878804.0502236,9.00153636932373,0,0
1595878804.060232,10.8030366897583,0,0
1595878804.0702174,12.600417137145996,0,0
1595878804.0802293,14.40256118774414,0,0
1595878804.0902293,16.20255947113037,0,0
1595878804.1002257,18.001914024353027,0,0
1595878804.1102228,19.8013973236084,0,0
1595878804.120222,21.601266860961914,0,0
1595878804.1302285,23.402423858642578,0,0
1595878804.1402223,25.201306343078613,0,0
1595878804.1502228,27.00139045715332,0,0
1595878804.1602151,28.800015449523926,0,0
1595878804.1702285,30.6024169921875,0,0
1595878804.180235,32.403573989868164,0,0
1595878804.1902351,34.20361518859863,0,0
1595878804.2002184,36.000609397888184,0,0
1595878804.210231,37.80288219451904,0,0
1595878804.220228,39.602322578430176,0,0
1595878804.230215,41.40000343322754,0,0
1595878804.240235,43.203606605529785,0,0
1595878804.2502341,45.00343322753906,0,0
1595878804.2602258,46.80192947387695,0,0
1595878804.2702312,48.602914810180664,0,0
1595878804.2802207,50.40102481842041,0,0
1595878804.2902174,52.200422286987305,0,0
1595878804.3002274,54.00222301483154,0,0
1595878804.3102314,55.802950859069824,0,0
1595878804.3202343,57.603464126586914,0,0
1595878804.3302243,59.40165996551514,0,0
1595878804.3402283,61.20238780975342,0,0
1595878804.35022,63.00088405609131,0,0
1595878804.3602161,64.80019569396973,0,0
1595878804.370235,66.60358428955078,0,0
1595878804.380227,68.40216636657715,0,0
1595878804.3902216,70.2011775970459,0,0
1595878804.400235,72.00357913970947,0,0
1595878804.410232,73.80306243896484,0,0
1595878804.4202275,75.60224533081055,0,0
1595878804.4302235,77.40151405334473,0,0
1595878804.4402328,79.20318603515625,0,0
1595878804.4502285,81.00241184234619,0,0
1595878804.4602284,82.80241012573242,0,0
1595878804.4702163,84.6002197265625,0,0
1595878804.4802272,86.40219211578369,0,0
1595878804.490235,88.20360660552979,0,0
1595878804.5002334,90.00330448150635,0,0
1595878804.510229,91.80253028869629,0,0
1595878804.5202293,93.60257148742676,0,0
1595878804.530232,95.40304183959961,0,0
1595878804.5402145,97.19990730285645,0,0
1595878804.5502346,99.00351047515869,0,0
1595878804.5602343,100.80346584320068,0,0
1595878804.570226,102.60196208953857,0,0
1595878804.5802255,104.40187454223633,0,0
1595878804.5902288,106.2024736404419,0,0
1595878804.6002238,108.00157070159912,0,0
1595878804.610233,109.80324268341064,0,0
1595878804.6202314,111.6029405593872,0,0
1595878804.6302152,113.40002059936523,0,0
1595878804.6402283,115.20237922668457,0,0
1595878804.6502216,117.00117588043213,0,0
1595878804.6602309,118.80284786224365,0,0
1595878804.6702342,120.60344696044922,0,0
1595878804.680233,122.40323066711426,0,0
1595878804.6902297,124.20262813568115,0,0
1595878804.7002294,126.00258350372314,0,0
1595878804.7102184,127.80060768127441,0,0
1595878804.7202194,129.6007776260376,0,0
1595878804.7302241,131.4016342163086,0,0
1595878804.7402308,133.2028341293335,0,0
1595878804.7502348,135.00356197357178,0,0
1595878804.760219,136.80072784423828,0,0
1595878804.770228,138.60231399536133,0,0
1595878804.7802248,140.40175437927246,0,0
1595878804.7902253,142.20183849334717,0,0
1595878804.8002331,144.00325298309326,0,0
1595878804.81022,145.8008909225464,0,0
1595878804.82023,147.60269165039062,0,0
1595878804.8302293,149.40256118774414,0,0
1595878804.8402176,151.2004566192627,0,0
1595878804.85022,153.0008840560913,0,0
1595878804.8602226,154.80135440826416,0,0
1595878804.870222,156.6012668609619,0,0
1595878804.880226,158.40195178985596,0,0
1595878804.8902152,160.20001888275146,0,0
1595878804.9002192,162.00074672698975,0,0
1595878804.9102216,163.80117416381836,0,0
1595878804.9202309,165.60284614562988,0,0
1595878804.9302182,167.40056991577148,0,0
1595878804.9402206,169.2009973526001,0,0
1595878804.9502187,171.00065231323242,0,0
1595878804.9602163,172.80022144317627,0,0
1595878804.9702263,174.6020221710205,0,0
1595878804.9802332,176.40326499938965,0,0
1595878804.9902322,178.20309162139893,0,0
1595878805.0002327,180.00317573547363,0,0
1595878805.0102181,181.80055618286133,0,0
1595878805.020221,183.60106945037842,0,0
1595878805.030218,185.40050983428955,0,0
1595878805.0402253,187.20183849334717,0,0
1595878805.0502305,189.00278091430664,0,0
1595878805.0602205,190.80097675323486,0,0
1595878805.0702329,192.60320663452148,0,0
1595878805.0802155,194.40007209777832,0,0
1595878805.0902226,196.2013578414917,0,0
1595878805.1002192,198.0007553100586,0,0
1595878805.1102161,199.80019569396973,0,0
1595878805.120228,201.60233974456787,0,0
1595878805.1302316,203.40298175811768,0,0
1595878805.1402183,205.20057678222656,0,0
1595878805.1502185,207.00061798095703,0,0
1595878805.1602333,208.80327701568604,0,0
1595878805.1702168,210.60031414031982,0,0
1595878805.1802208,212.4010419845581,0,0
1595878805.1902316,214.20297145843506,0,0
1595878805.2002263,216.00202560424805,0,0
1595878805.21023,217.8027105331421,0,0
1595878805.2202232,219.6014642715454,0,0
1595878805.2302291,221.4025354385376,0,0
1595878805.240223,223.20141792297363,0,0
1595878805.2502167,225.00030040740967,0,0
1595878805.26022,226.80089950561523,0,0
1595878805.2702239,228.60158443450928,0,0
1595878805.280231,230.40287017822266,0,0
1595878805.2902267,232.2020959854126,0,0
1595878805.3002331,234.00325298309326,0,0
1595878805.3102164,235.8002471923828,0,0
1595878805.3202252,237.60183334350586,0,0
1595878805.3302336,239.40333366394043,0,0
1595878805.3402195,241.2007999420166,0,0
1595878805.3502293,243.0025577545166,0,0
1595878805.3602297,244.8026418685913,0,0
1595878805.3702297,246.60264015197754,0,0
1595878805.3802288,248.40246677398682,0,0
1595878805.39022,250.20087718963623,0,0
1595878805.4002213,252.0011329650879,0,0
1595878805.4102247,253.80173206329346,0,0
1595878805.4202137,255.59975624084473,0,0
1595878805.430216,257.40018367767334,0,0
1595878805.4402275,259.202241897583,0,0
1595878805.4502175,261.00043773651123,0,0
1595878805.4602182,262.8005647659302,0,0
1595878805.4702158,264.600133895874,0,0
1595878805.480233,266.4032220840454,0,0
1595878805.4902225,268.20133209228516,0,0
1595878805.50022,270.000901222229,0,0
1595878805.5102212,271.8011140823364,0,0
1595878805.52022,273.60089778900146,0,0
1595878805.5302165,275.4002523422241,0,0
1595878805.5402308,277.20282554626465,0,0
1595878805.550233,279.003210067749,0,0
1595878805.5602326,280.803165435791,0,0
1595878805.5702276,282.60226249694824,0,0
1595878805.580218,284.40054416656494,0,0
1595878805.5902157,286.2001132965088,0,0
1595878805.6002262,288.0019998550415,0,0
1595878805.6102233,289.8014831542969,0,0
1595878805.620228,291.60233974456787,0,0
1595878805.6302142,293.3998489379883,0,0
1595878805.6402216,295.2011775970459,0,0
1595878805.6502266,297.00207710266113,0,0
1595878805.660224,298.80160331726074,0,0
1595878805.6702192,300.6007432937622,0,0
1595878805.6802256,302.40190029144287,0,0
1595878805.6902235,304.20151233673096,0,0
1595878805.7002196,306.0008239746094,0,0
1595878805.7102156,307.80009269714355,0,0
1595878805.7202184,309.60060596466064,0,0
1595878805.7302313,311.40292167663574,0,0
1595878805.7402246,313.2017183303833,0,0
1595878805.7502167,315.00030040740967,0,0
1595878805.7602184,316.80059909820557,0,0
1595878805.7702172,318.6003828048706,0,0
1595878805.7802315,320.40295600891113,0,0
1595878805.7902288,322.20248222351074,0,0
1595878805.8002248,324.0017509460449,0,0
1595878805.8102267,325.80209255218506,0,0
1595878805.8202283,327.60239124298096,0,0
1595878805.8302279,329.4023036956787,0,0
1595878805.8402267,331.20208740234375,0,0
1595878805.850218,333.0005407333374,0,0
1595878805.8602252,334.8018264770508,0,0
1595878805.8702266,336.60208225250244,0,0
1595878805.880214,338.39980602264404,0,0
1595878805.8902175,340.20044803619385,0,0
1595878805.9002326,342.0031499862671,0,0
1595878805.9102314,343.80293369293213,0,0
1595878805.9202313,345.60293197631836,0,0
1595878805.9302137,347.39975452423096,0,0
1595878805.9402306,349.2027997970581,0,0
1595878805.9502246,351.0017251968384,0,0
1595878805.9602273,352.80219554901123,0,0
1595878805.9702208,354.601035118103,0,0
1595878805.9802136,356.3997459411621,0,0
1595878805.9902325,358.20313453674316,0,0
1595878806.0002213,360,0,1
1595878806.0002213,0,0,0
1595878806.0102332,1.8021440505981445,0,0
1595878806.0161076,2.8595352172851562,0,0
1595878806.0161076,2.8595352172851562,0,0
1595878806.0202308,3.601713180541992,0,0
1595878806.0302384,5.403084754943848,0,0
1595878806.0402308,7.201709747314453,0,0
1595878806.0502272,9.00106430053711,0,0
1595878806.0602298,10.801534652709961,0,0
1595878806.0702238,12.600460052490234,0,0
1595878806.08023,14.40157413482666,0,0
1595878806.0902224,16.200199127197266,0,0
1595878806.1002402,18.003416061401367,0,0
1595878806.110222,19.80015277862549,0,0
1595878806.1202254,21.600751876831055,0,0
1595878806.1302335,23.402209281921387,0,0
1595878806.1402326,25.202035903930664,0,0
1595878806.150221,26.999974250793457,0,0
1595878806.1602275,28.80113124847412,0,0
1595878806.1702256,30.600786209106445,0,0
1595878806.1802268,32.40099906921387,0,0
1595878806.1902258,34.200825691223145,0,0
1595878806.2002256,36.00078105926514,0,0
1595878806.2102292,37.80142307281494,0,0
1595878806.2202268,39.60099220275879,0,0
1595878806.2302341,41.402320861816406,0,0
1595878806.240222,43.200130462646484,0,0
1595878806.250222,45.000128746032715,0,0
1595878806.260228,46.8011999130249,0,0
1595878806.2702246,48.6005973815918,0,0
1595878806.2802396,50.40329933166504,0,0
1595878806.2902257,52.20080852508545,0,0
1595878806.300228,54.00123596191406,0,0
1595878806.3102264,55.800933837890625,0,0
1595878806.3202262,57.60088920593262,0,0
1595878806.3302402,59.403419494628906,0,0
1595878806.3402398,61.20333194732666,0,0
1595878806.3502388,63.00315856933594,0,0
1595878806.360222,64.80015277862549,0,0
1595878806.3702402,66.60341262817383,0,0
1595878806.3802385,68.40311050415039,0,0
1595878806.3902252,70.20070552825928,0,0
1595878806.4002237,72.00044631958008,0,0
1595878806.4102316,73.80186080932617,0,0
1595878806.420237,75.60284614562988,0,0
1595878806.4302368,77.40280151367188,0,0
1595878806.4402215,79.20005321502686,0,0
1595878806.4502306,81.00168228149414,0,0
1595878806.4602394,82.80326843261719,0,0
1595878806.4702244,84.6005630493164,0,0
1595878806.4802237,86.40043258666992,0,0
1595878806.4902263,88.20090293884277,0,0
1595878806.500235,90.00248908996582,0,0
1595878806.5102396,91.80330276489258,0,0
1595878806.5202336,93.60222816467285,0,0
1595878806.530236,95.40265560150146,0,0
1595878806.5402386,97.20312595367432,0,0
1595878806.5502312,99.00179386138916,0,0
1595878806.5602226,100.80024719238281,0,0
1595878806.5702326,102.60204792022705,0,0
1595878806.5802379,104.40299034118652,0,0
1595878806.590233,106.20213031768799,0,0
1595878806.6002216,108.00006866455078,0,0
1595878806.6102293,109.80144023895264,0,0
1595878806.6202254,111.60075187683105,0,0
1595878806.6302361,113.40268135070801,0,0
1595878806.64023,115.20156383514404,0,0
1595878806.6502259,117.00083255767822,0,0
1595878806.6602283,118.80125999450684,0,0
1595878806.6702292,120.60142993927002,0,0
1595878806.6802268,122.40099906921387,0,0
1595878806.690239,124.20318603515625,0,0
1595878806.7002401,126.00339889526367,0,0
1595878806.71024,127.80335426330566,0,0
1595878806.7202284,129.60129261016846,0,0
1595878806.730235,131.40249252319336,0,0
1595878806.740235,133.2024908065796,0,0
1595878806.7502398,135.0033473968506,0,0
1595878806.7602296,136.80150032043457,0,0
1595878806.7702215,138.6000394821167,0,0
1595878806.780238,140.40299892425537,0,0
1595878806.7902327,142.20205307006836,0,0
1595878806.8002255,144.00076389312744,0,0
1595878806.8102264,145.80093383789062,0,0
1595878806.8202336,147.602219581604,0,0
1595878806.8302205,149.39985752105713,0,0
1595878806.8402286,151.20131492614746,0,0
1595878806.8502235,153.0004119873047,0,0
1595878806.8602273,154.80109691619873,0,0
1595878806.870226,156.60083770751953,0,0
1595878806.8802228,158.40027809143066,0,0
1595878806.8902214,160.20001888275146,0,0
1595878806.9002247,162.00061798095703,0,0
1595878806.9102266,163.80095958709717,0,0
1595878806.920234,165.60228824615479,0,0
1595878806.9302278,167.40117073059082,0,0
1595878806.9402263,169.20091152191162,0,0
1595878806.9502342,171.00232601165771,0,0
1595878806.9602368,172.80279636383057,0,0
1595878806.9702208,174.59991931915283,0,0
1595878806.980232,176.40193462371826,0,0
1595878806.990237,178.2028341293335,0,0
1595878807.0002396,180.00330448150635,0,0
1595878807.0102386,181.80313110351562,0,0
1595878807.0202312,183.60179901123047,0,0
1595878807.0302277,185.40115356445312,0,0
1595878807.0402305,187.20166683197021,0,0
1595878807.0502338,189.00226593017578,0,0
1595878807.0602279,190.80119132995605,0,0
1595878807.0702217,192.6000738143921,0,0
1595878807.0802314,194.4018316268921,0,0
1595878807.0902386,196.20311737060547,0,0
1595878807.1002338,198.00225734710693,0,0
1595878807.110235,199.80247020721436,0,0
1595878807.1202242,201.60053730010986,0,0
