Timestamp,Phase,Heading,Ping?
100.0,100.0,0,0
1595875244.00015,200.0027084350586,100.0,0
1595875244.000183,200.00867366790771,100.0,0
1595875244.0002089,200.01330852508545,100.0,0
1595875244.0002317,200.01742839813232,100.0,0
1595875244.0002558,200.0217628479004,100.0,0
1595875244.0002785,200.02583980560303,100.0,0
1595875244.0003462,200.0380277633667,100.0,0
1595875244.00037,200.04231929779053,100.0,0
1595875244.0003939,200.04661083221436,100.0,0
1595875244.0004163,200.05064487457275,100.0,0
1595875244.0004385,200.0546360015869,100.0,0
1595875244.0004637,200.05918502807617,100.0,0
1595875244.0004857,200.0631332397461,100.0,0
1595875244.0005076,200.06708145141602,100.0,0
1595875244.00053,200.0711154937744,100.0,0
1595875244.000552,200.07506370544434,100.0,0
1595875244.0005758,200.07935523986816,100.0,0
1595875244.000598,200.08334636688232,100.0,0
1595875244.0006201,200.08733749389648,100.0,0
1595875244.000642,200.0912857055664,100.0,0
1595875244.000664,200.09523391723633,100.0,0
1595875244.0006862,200.0992250442505,100.0,0
1595875244.0007088,200.10330200195312,100.0,0
1595875244.0007305,200.1072072982788,100.0,0
1595875244.0007524,200.11115550994873,100.0,0
1595875244.0007753,200.1152753829956,100.0,0
1595875244.0007973,200.11922359466553,100.0,0
1595875244.0008192,200.12317180633545,100.0,0
1595875244.0008426,200.1273775100708,100.0,0
1595875244.0008645,200.13132572174072,100.0,0
1595875244.0008864,200.13527393341064,100.0,0
1595875244.0009086,200.1392650604248,100.0,0
1595875244.0009305,200.14321327209473,100.0,0
1595875244.0009534,200.1473331451416,100.0,0
1595875244.0009754,200.15128135681152,100.0,0
1595875244.0009987,200.15548706054688,100.0,0
1595875244.0010207,200.1594352722168,100.0,0
1595875244.0010426,200.16338348388672,100.0,0
1595875244.0010648,200.16737461090088,100.0,0
1595875244.0010877,200.17149448394775,100.0,0
1595875244.0011322,200.1795196533203,100.0,0
1595875244.0011554,200.18368244171143,100.0,0
1595875244.0011773,200.18763065338135,100.0,0
1595875244.0012002,200.19175052642822,100.0,0
1595875244.0012221,200.19569873809814,100.0,0
1595875244.001244,200.19964694976807,100.0,0
1595875244.0012672,200.20380973815918,100.0,0
1595875244.0012894,200.20780086517334,100.0,0
1595875244.0013113,200.21174907684326,100.0,0
1595875244.0013342,200.21586894989014,100.0,0
1595875244.0013564,200.2198600769043,100.0,0
1595875244.0013783,200.22380828857422,100.0,0
1595875244.0014,200.2277135848999,100.0,0
1595875244.001422,200.23166179656982,100.0,0
1595875244.0014439,200.23561000823975,100.0,0
1595875244.0045962,200.8030366897583,100.0,0
1595875244.0145931,202.60247707366943,100.0,0
1595875244.0245848,204.40097332000732,100.0,0
1595875244.034587,206.2013578414917,100.0,0
1595875244.0445814,208.00036907196045,100.0,0
1595875244.0545928,209.80242729187012,100.0,0
1595875244.0645905,211.60199642181396,100.0,0
1595875244.0745788,213.39989185333252,100.0,0
1595875244.084592,215.2022933959961,100.0,0
1595875244.0945907,217.0020341873169,100.0,0
1595875244.1045847,218.80095958709717,100.0,0
1595875244.114584,220.60082912445068,100.0,0
1595875244.124583,222.40065574645996,100.0,0
1595875244.1345851,224.20104026794434,100.0,0
1595875244.144583,226.00065231323242,100.0,0
1595875244.1545868,227.80133724212646,100.0,0
1595875244.1645923,229.60232257843018,100.0,0
1595875244.174584,231.40081882476807,100.0,0
1595875244.1845794,233.20000171661377,100.0,0
1595875244.1945803,235.00017166137695,100.0,0
1595875244.2045836,236.80077075958252,100.0,0
1595875244.2145798,238.60008239746094,100.0,0
1595875244.2245855,240.4011106491089,100.0,0
1595875244.2345917,242.2022247314453,100.0,0
1595875244.2445798,244.00007724761963,100.0,0
1595875244.2545843,245.8008909225464,100.0,0
1595875244.2645879,247.6015329360962,100.0,0
1595875244.2745838,249.40080165863037,100.0,0
1595875244.284591,251.20208740234375,100.0,0
1595875244.2945879,253.00152778625488,100.0,0
1595875244.3045886,254.80165481567383,100.0,0
1595875244.3145916,256.60221099853516,100.0,0
1595875244.3245947,258.4027671813965,100.0,0
1595875244.3345826,260.20057678222656,100.0,0
1595875244.3445947,262.00276374816895,100.0,0
1595875244.3545861,263.8012170791626,100.0,0
1595875244.3645916,265.6022024154663,100.0,0
1595875244.374595,267.4028015136719,100.0,0
1595875244.384586,269.2012119293213,100.0,0
1595875244.3945973,271.0032272338867,100.0,0
1595875244.4045866,272.8012943267822,100.0,0
1595875244.4145825,274.6005630493164,100.0,0
1595875244.42458,276.40013217926025,100.0,0
1595875244.4345949,278.20279121398926,100.0,0
1595875244.4445834,280.00072956085205,100.0,0
1595875244.4545913,281.80214405059814,100.0,0
1595875244.4645894,283.60179901123047,100.0,0
1595875244.47458,285.4001235961914,100.0,0
1595875244.4845798,287.2000789642334,100.0,0
1595875244.4945824,289.00054931640625,100.0,0
1595875244.504592,290.802264213562,100.0,0
1595875244.51459,292.60191917419434,100.0,0
1595875244.524588,294.40157413482666,100.0,0
1595875244.534591,296.20208740234375,100.0,0
1595875244.544582,298.0004549026489,100.0,0
1595875244.554595,299.80281352996826,100.0,0
1595875244.5645967,301.60311222076416,100.0,0
1595875244.57458,303.4001064300537,100.0,0
1595875244.5845785,305.1998472213745,100.0,0
1595875244.5945785,306.99984550476074,100.0,0
1595875244.604593,308.8024616241455,100.0,0
1595875244.6145957,310.60293197631836,100.0,0
1595875244.624588,312.40155696868896,100.0,0
1595875244.6345918,314.202241897583,100.0,0
1595875244.6445878,316.0015106201172,100.0,0
1595875244.6545858,317.8011655807495,100.0,0
1595875244.6645846,319.60094928741455,100.0,0
1595875244.674586,321.4012050628662,100.0,0
1595875244.6845832,323.2006883621216,100.0,0
1595875244.6945846,325.00094413757324,100.0,0
1595875244.70458,326.80012702941895,100.0,0
1595875244.7145867,328.60132694244385,100.0,0
1595875244.7245958,330.40295600891113,100.0,0
1595875244.7345936,332.2025680541992,100.0,0
1595875244.74459,334.0019226074219,100.0,0
1595875244.7545912,335.8021354675293,100.0,0
1595875244.7645826,337.60058879852295,100.0,0
1595875244.7745864,339.401273727417,100.0,0
1595875244.7845933,341.20251655578613,100.0,0
1595875244.7945964,343.00307273864746,100.0,0
1595875244.8045878,344.8015260696411,100.0,0
1595875244.8145916,346.60221099853516,100.0,0
1595875244.82459,348.4019088745117,100.0,0
1595875244.834596,350.2029800415039,100.0,0
1595875244.8445892,352.00177669525146,100.0,0
1595875244.8545847,353.80095958709717,100.0,0
1595875244.8645823,355.600528717041,100.0,0
1595875244.8745818,357.40044116973877,100.0,0
1595875244.8845868,359.201340675354,100.0,0
1595875244.8890269,360,100.0,1
1595875244.8890269,0,100.0,0
1595875244.8990278,101.80016994476318,100.0,0
1595875244.9090421,103.60274314880371,100.0,0
1595875244.919029,105.40038108825684,100.0,0
1595875244.9290414,107.20261096954346,100.0,0
1595875244.9390354,109.00153636932373,100.0,0
1595875244.9490414,110.80260753631592,100.0,0
1595875244.959035,112.60144710540771,100.0,0
1595875244.9690378,114.4019603729248,100.0,0
1595875244.9790297,116.20049953460693,100.0,0
1595875244.989027,118.00002574920654,100.0,0
1595875244.9990373,119.80186939239502,100.0,0
1595875245.0090358,121.60161018371582,100.0,0
1595875245.0190275,123.40010643005371,100.0,0
1595875245.0290284,125.2002763748169,100.0,0
1595875245.0390284,127.00027465820312,100.0,0
1595875245.0490456,128.8033628463745,100.0,0
1595875245.0590312,130.60078620910645,100.0,0
1595875245.0690277,132.4001407623291,100.0,0
1595875245.079036,134.20164108276367,100.0,0
1595875245.0890386,136.00211143493652,100.0,0
1595875245.0990348,137.80142307281494,100.0,0
1595875245.1090453,139.60330963134766,100.0,0
1595875245.1190324,141.40099048614502,100.0,0
1595875245.129036,143.20163249969482,100.0,0
1595875245.1390357,145.00158786773682,100.0,0
1595875245.1490426,146.80283069610596,100.0,0
1595875245.1590285,148.60029697418213,100.0,0
1595875245.1690285,150.40029525756836,100.0,0
1595875245.1790433,152.20295429229736,100.0,0
1595875245.1890266,153.9999485015869,100.0,0
1595875245.199033,155.80110549926758,100.0,0
1595875245.2090344,157.60136127471924,100.0,0
1595875245.2190447,159.40320491790771,100.0,0
1595875245.2290313,161.2007999420166,100.0,0
1595875245.2390392,163.0022144317627,100.0,0
1595875245.2490392,164.80221271514893,100.0,0
1595875245.2590368,166.60178184509277,100.0,0
1595875245.269035,168.40147972106934,100.0,0
1595875245.2790403,170.2024221420288,100.0,0
1595875245.2890372,172.00186252593994,100.0,0
1595875245.2990432,173.80293369293213,100.0,0
1595875245.3090327,175.60104370117188,100.0,0
1595875245.3190413,177.40258693695068,100.0,0
1595875245.329043,179.20288562774658,100.0,0
1595875245.3390374,181.00189685821533,100.0,0
1595875245.3490403,182.80241012573242,100.0,0
1595875245.359041,184.60253715515137,100.0,0
1595875245.36903,186.40056133270264,100.0,0
1595875245.3790305,188.20064544677734,100.0,0
1595875245.3890285,190.00030040740967,100.0,0
1595875245.3990448,191.8032169342041,100.0,0
1595875245.4090333,193.6011552810669,100.0,0
1595875245.4190302,195.40059566497803,100.0,0
1595875245.4290404,197.2024393081665,100.0,0
1595875245.439033,199.00110721588135,100.0,0
1595875245.4490361,200.80166339874268,100.0,0
1595875245.4590263,202.59990215301514,100.0,0
1595875245.4690337,204.40123081207275,100.0,0
1595875245.479037,206.20182991027832,100.0,0
1595875245.4890337,208.00122737884521,100.0,0
1595875245.4990273,209.800066947937,100.0,0
1595875245.5090432,211.6029405593872,100.0,0
1595875245.5104797,211.86150550842285,100.0,0
1595875245.5104797,256.303053855896,144.44154834747314,0
1595875245.5190349,257.84298515319824,144.44154834747314,0
1595875245.5290318,259.6424255371094,144.44154834747314,0
1595875245.539044,261.44461250305176,144.44154834747314,0
1595875245.54904,263.2439241409302,144.44154834747314,0
1595875245.559027,265.0415620803833,144.44154834747314,0
1595875245.5690315,266.84237575531006,144.44154834747314,0
1595875245.5790267,268.6415157318115,144.44154834747314,0
1595875245.589038,270.44353103637695,144.44154834747314,0
1595875245.5990384,272.24361515045166,144.44154834747314,0
1595875245.6090436,274.04455757141113,144.44154834747314,0
1595875245.6190293,275.84198093414307,144.44154834747314,0
1595875245.6290386,277.6436529159546,144.44154834747314,0
1595875245.639035,279.44300746917725,144.44154834747314,0
1595875245.6490414,281.2441644668579,144.44154834747314,0
1595875245.6590374,283.0434331893921,144.44154834747314,0
1595875245.6690388,284.84368896484375,144.44154834747314,0
1595875245.67904,286.6439018249512,144.44154834747314,0
1595875245.6890416,288.44420051574707,144.44154834747314,0
1595875245.69904,290.24389839172363,144.44154834747314,0
1595875245.7090378,292.0435104370117,144.44154834747314,0
1595875245.719036,293.8432083129883,144.44154834747314,0
1595875245.7290447,295.6447515487671,144.44154834747314,0
1595875245.7390316,297.4423894882202,144.44154834747314,0
1595875245.7490451,299.244833946228,144.44154834747314,0
1595875245.7590272,301.0416135787964,144.44154834747314,0
1595875245.769043,302.84444427490234,144.44154834747314,0
1595875245.7790277,304.6416959762573,144.44154834747314,0
1595875245.7890315,306.44238090515137,144.44154834747314,0
1595875245.799034,308.2428512573242,144.44154834747314,0
1595875245.8090444,310.0446949005127,144.44154834747314,0
1595875245.819028,311.8417320251465,144.44154834747314,0
1595875245.8290424,313.64434814453125,144.44154834747314,0
1595875245.8390331,315.4426727294922,144.44154834747314,0
1595875245.8490384,317.24361515045166,144.44154834747314,0
1595875245.8590393,319.04378509521484,144.44154834747314,0
1595875245.8690283,320.8418092727661,144.44154834747314,0
1595875245.8790414,322.64416790008545,144.44154834747314,0
1595875245.8890326,324.44257831573486,144.44154834747314,0
1595875245.8990355,326.24309158325195,144.44154834747314,0
1595875245.90903,328.0421028137207,144.44154834747314,0
1595875245.919045,329.84480476379395,144.44154834747314,0
1595875245.9290404,331.64398765563965,144.44154834747314,0
1595875245.9390361,333.4432134628296,144.44154834747314,0
1595875245.9490316,335.2423963546753,144.44154834747314,0
1595875245.959043,337.04445457458496,144.44154834747314,0
1595875245.969041,338.8441095352173,144.44154834747314,0
1595875245.9790323,340.6425199508667,144.44154834747314,0
1595875245.9890394,342.4438056945801,144.44154834747314,0
1595875245.999037,344.2433748245239,144.44154834747314,0
1595875246.0090296,346.04204273223877,144.44154834747314,0
1595875246.0190344,347.84289932250977,144.44154834747314,0
1595875246.0290353,349.64306926727295,144.44154834747314,0
1595875246.0390334,351.4427242279053,144.44154834747314,0
1595875246.0490332,353.24267959594727,144.44154834747314,0
1595875246.0590293,355.0419912338257,144.44154834747314,0
1595875246.0690258,356.84134578704834,144.44154834747314,0
1595875246.0790274,358.64164447784424,144.44154834747314,0
1595875246.0865777,360,144.44154834747314,1
1595875246.0865777,0,144.44154834747314,0
1595875246.0965822,146.2423620223999,144.44154834747314,0
1595875246.1065915,148.04403400421143,144.44154834747314,0
1595875246.116595,149.84467601776123,144.44154834747314,0
1595875246.126591,151.6439447402954,144.44154834747314,0
1595875246.136584,153.44269847869873,144.44154834747314,0
1595875246.146583,155.242525100708,144.44154834747314,0
1595875246.156596,157.0448408126831,144.44154834747314,0
1595875246.1665938,158.8444528579712,144.44154834747314,0
1595875246.1765788,160.6417474746704,144.44154834747314,0
1595875246.1865892,162.44363403320312,144.44154834747314,0
1595875246.196596,164.24483394622803,144.44154834747314,0
1595875246.2065938,166.0444459915161,144.44154834747314,0
1595875246.2165895,167.84367179870605,144.44154834747314,0
1595875246.2265775,169.64152431488037,144.44154834747314,0
1595875246.236589,171.44358253479004,144.44154834747314,0
1595875246.2465794,173.24186420440674,144.44154834747314,0
1595875246.2565897,175.04370784759521,144.44154834747314,0
1595875246.2665815,176.84224700927734,144.44154834747314,0
1595875246.2765813,178.64220237731934,144.44154834747314,0
1595875246.2865856,180.44297313690186,144.44154834747314,0
1595875246.2965922,182.24417304992676,144.44154834747314,0
1595875246.3065848,184.0428409576416,144.44154834747314,0
1595875246.3165865,185.8431396484375,144.44154834747314,0
1595875246.326587,187.6432237625122,144.44154834747314,0
1595875246.336595,189.44468116760254,144.44154834747314,0
1595875246.34658,191.24197578430176,144.44154834747314,0
1595875246.3565927,193.04424858093262,144.44154834747314,0
1595875246.3665965,194.84493350982666,144.44154834747314,0
1595875246.376595,196.64467430114746,144.44154834747314,0
1595875246.3865879,198.44338512420654,144.44154834747314,0
1595875246.3965843,200.2427396774292,144.44154834747314,0
1595875246.4065855,202.04295253753662,144.44154834747314,0
1595875246.4165807,203.8420925140381,144.44154834747314,0
1595875246.4265785,205.64170455932617,144.44154834747314,0
1595875246.436594,207.4444923400879,144.44154834747314,0
1595875246.4465864,209.2431173324585,144.44154834747314,0
1595875246.456595,211.0446605682373,144.44154834747314,0
1595875246.4665806,212.84208393096924,144.44154834747314,0
1595875246.4765916,214.64405632019043,144.44154834747314,0
1595875246.4865923,216.44418334960938,144.44154834747314,0
1595875246.496593,218.24431037902832,144.44154834747314,0
1595875246.5065832,220.04254913330078,144.44154834747314,0
1595875246.5165882,221.84344863891602,144.44154834747314,0
1595875246.5265949,223.64464855194092,144.44154834747314,0
1595875246.5365806,225.44207191467285,144.44154834747314,0
1595875246.5465922,227.24417304992676,144.44154834747314,0
1595875246.5565832,229.04254055023193,144.44154834747314,0
1595875246.566585,230.84288215637207,144.44154834747314,0
1595875246.5765939,232.64446830749512,144.44154834747314,0
1595875246.5865939,234.44446659088135,144.44154834747314,0
1595875246.5965958,236.24480819702148,144.44154834747314,0
1595875246.6065836,238.04261779785156,144.44154834747314,0
1595875246.6165812,239.8421869277954,144.44154834747314,0
1595875246.6265779,241.6415843963623,144.44154834747314,0
1595875246.6365833,243.44256973266602,144.44154834747314,0
1595875246.6465929,245.24428462982178,144.44154834747314,0
1595875246.6565876,247.04333877563477,144.44154834747314,0
1595875246.6665893,248.84363746643066,144.44154834747314,0
1595875246.6765947,250.64462280273438,144.44154834747314,0
1595875246.6865828,252.4424753189087,144.44154834747314,0
1595875246.696589,254.24358940124512,144.44154834747314,0
1595875246.7065864,256.0431156158447,144.44154834747314,0
1595875246.716589,257.8435859680176,144.44154834747314,0
1595875246.7265775,259.64152431488037,144.44154834747314,0
1595875246.736594,261.44448375701904,144.44154834747314,0
1595875246.7465787,263.241735458374,144.44154834747314,0
1595875246.756577,265.0414333343506,144.44154834747314,0
1595875246.7665792,266.84181785583496,144.44154834747314,0
1595875246.7765865,268.6431465148926,144.44154834747314,0
1595875246.7865882,270.4434452056885,144.44154834747314,0
1595875246.7965772,272.24146938323975,144.44154834747314,0
1595875246.8065891,274.0436134338379,144.44154834747314,0
1595875246.816588,275.84339714050293,144.44154834747314,0
1595875246.8265808,277.642107963562,144.44154834747314,0
1595875246.836583,279.4424924850464,144.44154834747314,0
1595875246.8465805,281.24206161499023,144.44154834747314,0
1595875246.8565922,283.04416275024414,144.44154834747314,0
1595875246.8665886,284.8435173034668,144.44154834747314,0
1595875246.8765793,286.64184188842773,144.44154834747314,0
1595875246.8865833,288.442569732666,144.44154834747314,0
1595875246.896582,290.2423105239868,144.44154834747314,0
1595875246.9065874,292.0432958602905,144.44154834747314,0
1595875246.9165857,293.8429937362671,144.44154834747314,0
1595875246.926581,295.64213371276855,144.44154834747314,0
1595875246.936578,297.4416170120239,144.44154834747314,0
1595875246.946583,299.24251651763916,144.44154834747314,0
1595875246.9565878,301.04337310791016,144.44154834747314,0
1595875246.9665897,302.8437147140503,144.44154834747314,0
1595875246.976583,304.64251136779785,144.44154834747314,0
1595875246.9865909,306.44392585754395,144.44154834747314,0
1595875246.9965904,308.2438383102417,144.44154834747314,0
1595875247.0065904,310.04383659362793,144.44154834747314,0
1595875247.0165918,311.8440923690796,144.44154834747314,0
1595875247.0265934,313.6443910598755,144.44154834747314,0
1595875247.0365868,315.44318771362305,144.44154834747314,0
1595875247.0465817,317.2422847747803,144.44154834747314,0
1595875247.0565817,319.0422830581665,144.44154834747314,0
1595875247.066581,320.84215259552,144.44154834747314,0
1595875247.0765839,322.6426658630371,144.44154834747314,0
1595875247.0865865,324.44313621520996,144.44154834747314,0
1595875247.096589,326.2436065673828,144.44154834747314,0
1595875247.1065953,328.04472064971924,144.44154834747314,0
1595875247.116586,329.8430452346802,144.44154834747314,0
1595875247.1265953,331.6447172164917,144.44154834747314,0
1595875247.1365876,333.4433422088623,144.44154834747314,0
1595875247.1465807,335.2420959472656,144.44154834747314,0
1595875247.156577,337.0414505004883,144.44154834747314,0
1595875247.1665845,338.8427791595459,144.44154834747314,0
1595875247.1765816,340.64226245880127,144.44154834747314,0
1595875247.186595,342.44466400146484,144.44154834747314,0
1595875247.1965768,344.24140071868896,144.44154834747314,0
1595875247.206577,346.04144191741943,144.44154834747314,0
1595875247.2165823,347.8423843383789,144.44154834747314,0
1595875247.2265859,349.6430263519287,144.44154834747314,0
1595875247.2365901,351.44379711151123,144.44154834747314,0
1595875247.2465878,353.2433662414551,144.44154834747314,0
1595875247.2565825,355.04242038726807,144.44154834747314,0
1595875247.2665813,356.8422040939331,144.44154834747314,0
1595875247.2765882,358.64344692230225,144.44154834747314,0
1595875247.2841415,360,144.44154834747314,1
1595875247.2841415,0,144.44154834747314,0
1595875247.2941475,146.24261951446533,144.44154834747314,0
1595875247.3041446,148.0421028137207,144.44154834747314,0
1595875247.3141415,149.84154319763184,144.44154834747314,0
1595875247.3241432,151.64184188842773,144.44154834747314,0
1595875247.3341506,153.44317054748535,144.44154834747314,0
1595875247.344147,155.242525100708,144.44154834747314,0
1595875247.3541508,157.04321002960205,144.44154834747314,0
1595875247.3641455,158.84226417541504,144.44154834747314,0
1595875247.3741496,160.64299201965332,144.44154834747314,0
1595875247.384158,162.4444923400879,144.44154834747314,0
1595875247.3893166,163.37305164337158,144.44154834747314,0
1595875247.3893166,114.36113615036011,95.42963285446167,0
1595875247.394145,115.23025770187378,95.42963285446167,0
1595875247.404142,117.02969808578491,95.42963285446167,0
1595875247.4141488,118.83094091415406,95.42963285446167,0
1595875247.4241598,120.63291330337525,95.42963285446167,0
1595875247.4341538,122.43183870315552,95.42963285446167,0
1595875247.444146,124.23042078018189,95.42963285446167,0
1595875247.4541442,126.03011865615845,95.42963285446167,0
1595875247.464156,127.83221979141236,95.42963285446167,0
1595875247.474145,129.6302439689636,95.42963285446167,0
1595875247.4841554,131.43213052749633,95.42963285446167,0
1595875247.4941592,133.23281545639037,95.42963285446167,0
1595875247.5041451,135.03028173446654,95.42963285446167,0
1595875247.514159,136.8327691078186,95.42963285446167,0
1595875247.5241456,138.63036413192748,95.42963285446167,0
1595875247.5341468,140.4305769920349,95.42963285446167,0
1595875247.5441458,142.23040361404418,95.42963285446167,0
1595875247.554142,144.0297152519226,95.42963285446167,0
1595875247.5641413,145.8295847892761,95.42963285446167,0
1595875247.5741565,147.6323296546936,95.42963285446167,0
1595875247.5841417,149.42966718673705,95.42963285446167,0
1595875247.5941517,151.2314679145813,95.42963285446167,0
1595875247.6041555,153.03215284347533,95.42963285446167,0
1595875247.6141548,154.83202238082885,95.42963285446167,0
1595875247.624152,156.63150568008422,95.42963285446167,0
1595875247.6341453,158.43030233383178,95.42963285446167,0
1595875247.6441557,160.2321888923645,95.42963285446167,0
1595875247.6541467,162.03055639266967,95.42963285446167,0
1595875247.664152,163.83149881362914,95.42963285446167,0
1595875247.67415,165.63115377426146,95.42963285446167,0
1595875247.684155,167.4320532798767,95.42963285446167,0
1595875247.6941416,169.22964830398558,95.42963285446167,0
1595875247.7041438,171.03003282546996,95.42963285446167,0
1595875247.7141523,172.83157606124877,95.42963285446167,0
1595875247.724144,174.63007230758666,95.42963285446167,0
1595875247.7341511,176.43135805130004,95.42963285446167,0
1595875247.744152,178.23152799606322,95.42963285446167,0
1595875247.7541535,180.03178377151488,95.42963285446167,0
1595875247.7641428,181.8298508644104,95.42963285446167,0
1595875247.7741442,183.63010663986205,95.42963285446167,0
1595875247.7841594,185.43285150527953,95.42963285446167,0
1595875247.7941499,187.23113317489623,95.42963285446167,0
1595875247.8041577,189.03254766464232,95.42963285446167,0
1595875247.814157,190.83241720199584,95.42963285446167,0
1595875247.824141,192.6295401573181,95.42963285446167,0
1595875247.834155,194.4320704460144,95.42963285446167,0
1595875247.8441436,196.2300087928772,95.42963285446167,0
1595875247.8541524,198.03159494400023,95.42963285446167,0
1595875247.8641598,199.83292360305785,95.42963285446167,0
1595875247.8741586,201.6327073097229,95.42963285446167,0
1595875247.8841524,203.43158979415892,95.42963285446167,0
1595875247.8941476,205.2307297706604,95.42963285446167,0
1595875247.9041505,207.03124303817748,95.42963285446167,0
1595875247.9141593,208.83282918930053,95.42963285446167,0
1595875247.9241426,210.62982339859008,95.42963285446167,0
1595875247.9341452,212.43029375076293,95.42963285446167,0
1595875247.9441576,214.23252363204955,95.42963285446167,0
1595875247.9541554,216.03213567733764,95.42963285446167,0
1595875247.964141,217.82951612472533,95.42963285446167,0
1595875247.9741588,219.63273305892943,95.42963285446167,0
1595875247.9841425,221.42981309890746,95.42963285446167,0
1595875247.9941518,223.23148508071898,95.42963285446167,0
1595875248.0041456,225.03036756515502,95.42963285446167,0
1595875248.01415,226.83113832473754,95.42963285446167,0
1595875248.0241518,228.63147993087767,95.42963285446167,0
1595875248.0341597,230.43289442062377,95.42963285446167,0
1595875248.04416,232.23293561935424,95.42963285446167,0
1595875248.054157,234.0324189186096,95.42963285446167,0
1595875248.0641515,235.83143014907836,95.42963285446167,0
1595875248.074155,237.63207216262816,95.42963285446167,0
1595875248.084147,239.4306113243103,95.42963285446167,0
1595875248.0941527,241.23163957595824,95.42963285446167,0
1595875248.1041572,243.032453250885,95.42963285446167,0
1595875248.1141593,244.83283777236937,95.42963285446167,0
1595875248.124148,246.63077611923217,95.42963285446167,0
1595875248.1341498,248.4311177253723,95.42963285446167,0
1595875248.1441598,250.23291845321654,95.42963285446167,0
1595875248.154153,252.0317151069641,95.42963285446167,0
1595875248.1641438,253.83003969192504,95.42963285446167,0
1595875248.1741514,255.6314112663269,95.42963285446167,0
1595875248.1841419,257.4296929359436,95.42963285446167,0
1595875248.194141,259.22951955795287,95.42963285446167,0
1595875248.204152,261.0315348625183,95.42963285446167,0
1595875248.2141464,262.8305031776428,95.42963285446167,0
1595875248.2241476,264.63071603775023,95.42963285446167,0
1595875248.2341564,266.4323021888733,95.42963285446167,0
1595875248.2441485,268.23088426589965,95.42963285446167,0
1595875248.2541487,270.0309254646301,95.42963285446167,0
1595875248.2641413,271.82959337234496,95.42963285446167,0
1595875248.2741425,273.6298062324524,95.42963285446167,0
1595875248.284141,275.4295470237732,95.42963285446167,0
1595875248.294154,277.2318627357483,95.42963285446167,0
1595875248.30415,279.0311743736267,95.42963285446167,0
1595875248.314143,280.8298851966858,95.42963285446167,0
1595875248.3241491,282.6309992790222,95.42963285446167,0
1595875248.334149,284.4309546470642,95.42963285446167,0
1595875248.3441544,286.2319399833679,95.42963285446167,0
1595875248.3541517,288.0314661979675,95.42963285446167,0
1595875248.364143,289.82987661361693,95.42963285446167,0
1595875248.3741505,291.6312481880188,95.42963285446167,0
1595875248.3841429,293.4298731803894,95.42963285446167,0
1595875248.394148,295.23081560134887,95.42963285446167,0
1595875248.4041493,297.0310284614563,95.42963285446167,0
1595875248.4141548,298.83201379776,95.42963285446167,0
1595875248.424159,300.6327845573425,95.42963285446167,0
1595875248.4341486,302.43089456558226,95.42963285446167,0
1595875248.4441547,304.2320086479187,95.42963285446167,0
1595875248.4541583,306.0326506614685,95.42963285446167,0
1595875248.464146,307.83041734695433,95.42963285446167,0
1595875248.4741485,309.6308876991272,95.42963285446167,0
1595875248.4841442,311.4301135063171,95.42963285446167,0
1595875248.4941561,313.2322575569153,95.42963285446167,0
1595875248.504143,315.0298954963684,95.42963285446167,0
1595875248.5141573,316.8324687004089,95.42963285446167,0
1595875248.524141,318.62954874038695,95.42963285446167,0
1595875248.5341523,320.4315640449524,95.42963285446167,0
1595875248.54415,322.23117609024047,95.42963285446167,0
1595875248.5541525,324.0316035270691,95.42963285446167,0
1595875248.5641558,325.83220262527465,95.42963285446167,0
1595875248.5741518,327.6314713478088,95.42963285446167,0
1595875248.584158,329.43258543014525,95.42963285446167,0
1595875248.5941544,331.2319399833679,95.42963285446167,0
1595875248.6041427,333.02983541488646,95.42963285446167,0
1595875248.6141484,334.8308636665344,95.42963285446167,0
1595875248.6241481,336.6308190345764,95.42963285446167,0
1595875248.6341527,338.43163270950316,95.42963285446167,0
1595875248.644152,340.2315022468567,95.42963285446167,0
1595875248.654155,342.032058429718,95.42963285446167,0
1595875248.6641576,343.83252878189086,95.42963285446167,0
1595875248.6741593,345.63282747268676,95.42963285446167,0
1595875248.6841552,347.43209619522094,95.42963285446167,0
1595875248.694147,349.23063535690306,95.42963285446167,0
1595875248.7041438,351.03003282546996,95.42963285446167,0
1595875248.7141593,352.8328206062317,95.42963285446167,0
1595875248.72415,354.6311451911926,95.42963285446167,0
1595875248.7341459,356.4304139137268,95.42963285446167,0
1595875248.7441459,358.230412197113,95.42963285446167,0
1595875248.7539868,360,95.42963285446167,1
1595875248.7539868,0,95.42963285446167,0
1595875248.7640047,97.23284978866577,95.42963285446167,0
1595875248.7739868,99.02962942123413,95.42963285446167,0
1595875248.7839966,100.83138723373413,95.42963285446167,0
1595875248.7940037,102.63267297744751,95.42963285446167,0
1595875248.803998,104.43164129257202,95.42963285446167,0
1595875248.8139937,106.23086709976197,95.42963285446167,0
1595875248.8239932,108.03077955245972,95.42963285446167,0
1595875248.8340032,109.83258028030396,95.42963285446167,0
1595875248.8439932,111.63077611923218,95.42963285446167,0
1595875248.8539908,113.43034524917603,95.42963285446167,0
1595875248.8639967,115.23141641616822,95.42963285446167,0
1595875248.873991,117.03038473129273,95.42963285446167,0
1595875248.884004,118.83274335861206,95.42963285446167,0
1595875248.894,120.63201208114624,95.42963285446167,0
1595875248.9039893,122.43007917404175,95.42963285446167,0
1595875248.913996,124.23127908706665,95.42963285446167,0
1595875248.924001,126.03217859268189,95.42963285446167,0
1595875248.9339955,127.83118982315064,95.42963285446167,0
1595875248.9439886,129.62994356155394,95.42963285446167,0
1595875248.953988,131.4298560142517,95.42963285446167,0
1595875248.9639916,133.2304980278015,95.42963285446167,0
1595875248.97399,135.03019590377806,95.42963285446167,0
1595875248.9839966,136.83139581680297,95.42963285446167,0
1595875248.9939945,138.63100786209105,95.42963285446167,0
1595875249.0039887,140.42997617721556,95.42963285446167,0
1595875249.0140016,142.23229188919066,95.42963285446167,0
1595875249.0239966,144.0313889503479,95.42963285446167,0
1595875249.033993,145.83074350357055,95.42963285446167,0
1595875249.0439928,147.63069887161254,95.42963285446167,0
1595875249.0539932,149.43078298568724,95.42963285446167,0
1595875249.064002,151.2323691368103,95.42963285446167,0
1595875249.0740004,153.03206701278685,95.42963285446167,0
1595875249.0839992,154.8318507194519,95.42963285446167,0
1595875249.0939932,156.63077611923217,95.42963285446167,0
1595875249.1039994,158.4318902015686,95.42963285446167,0
1595875249.1140022,160.23240346908568,95.42963285446167,0
1595875249.1181731,160.98316450119017,95.42963285446167,0
1595875249.1181731,112.68821515083312,47.13468350410462,0
1595875249.1239982,113.73672284126283,47.13468350410462,0
1595875249.133992,115.53560532569887,47.13468350410462,0
1595875249.1439931,117.33581818580629,47.13468350410462,0
1595875249.1539931,119.13581646919252,47.13468350410462,0
1595875249.164002,120.93740262031557,47.13468350410462,0
1595875249.1739957,122.7362851047516,47.13468350410462,0
1595875249.1839948,124.53611172676088,47.13468350410462,0
1595875249.1940053,126.3379982852936,47.13468350410462,0
1595875249.2039905,128.13533581733705,47.13468350410462,0
1595875249.21399,129.9352482700348,47.13468350410462,0
1595875249.223998,131.73670567512514,47.13468350410462,0
1595875249.2339942,133.53601731300355,47.13468350410462,0
1595875249.2439988,135.3368309879303,47.13468350410462,0
1595875249.2540007,137.13717259407045,47.13468350410462,0
1595875249.2639942,138.93601216316225,47.13468350410462,0
1595875249.2739873,140.73476590156557,47.13468350410462,0
1595875249.283999,142.53686703681947,47.13468350410462,0
1595875249.2939909,144.3354061985016,47.13468350410462,0
1595875249.3039982,146.13673485755922,47.13468350410462,0
1595875249.3139975,147.93660439491273,47.13468350410462,0
1595875249.3239875,149.73480023384096,47.13468350410462,0
1595875249.3339965,151.53642930030824,47.13468350410462,0
1595875249.344003,153.3375862979889,47.13468350410462,0
1595875249.3540032,155.13762749671938,47.13468350410462,0
1595875249.3640003,156.93711079597475,47.13468350410462,0
1595875249.373998,158.7366799259186,47.13468350410462,0
1595875249.3839927,160.53573407173158,47.13468350410462,0
1595875249.3939888,162.33504570961,47.13468350410462,0
1595875249.4039907,164.13538731575014,47.13468350410462,0
1595875249.4139946,165.93607224464418,47.13468350410462,0
1595875249.4239962,167.73637093544008,47.13468350410462,0
1595875249.4339871,169.53473843574525,47.13468350410462,0
1595875249.4439957,171.33628167152406,47.13468350410462,0
1595875249.4539962,173.13636578559877,47.13468350410462,0
1595875249.463997,174.93649281501771,47.13468350410462,0
1595875249.473987,176.73473156929018,47.13468350410462,0
1595875249.484003,178.53760518074037,47.13468350410462,0
1595875249.4940023,180.3374747180939,47.13468350410462,0
1595875249.504003,182.13760174751283,47.13468350410462,0
1595875249.514002,183.9374283695221,47.13468350410462,0
1595875249.524002,185.73742665290834,47.13468350410462,0
1595875249.533989,187.53506459236146,47.13468350410462,0
1595875249.5439994,189.33695115089418,47.13468350410462,0
1595875249.553992,191.13561905860902,47.13468350410462,0
1595875249.5639997,192.93699063301088,47.13468350410462,0
1595875249.5739934,194.7358731174469,47.13468350410462,0
1595875249.583987,196.5347126865387,47.13468350410462,0
1595875249.593987,198.33471096992494,47.13468350410462,0
1595875249.6039968,200.13646878242494,47.13468350410462,0
1595875249.6139863,201.9345787906647,47.13468350410462,0
1595875249.6239896,203.73517788887025,47.13468350410462,0
1595875249.6339982,205.53672112464906,47.13468350410462,0
1595875249.643992,207.3356036090851,47.13468350410462,0
1595875249.6540022,209.13744725227357,47.13468350410462,0
1595875249.6639974,210.93658722877504,47.13468350410462,0
1595875249.6739895,212.7351693058014,47.13468350410462,0
1595875249.6839938,214.53594006538393,47.13468350410462,0
1595875249.6939962,216.33636750221254,47.13468350410462,0
1595875249.704002,218.1373957538605,47.13468350410462,0
1595875249.7140045,219.93786610603334,47.13468350410462,0
1595875249.7239947,221.7361048603058,47.13468350410462,0
1595875249.7340012,223.53726185798646,47.13468350410462,0
1595875249.7439992,225.3369168186188,47.13468350410462,0
1595875249.7539933,227.13584221839906,47.13468350410462,0
1595875249.7639987,228.93682755470277,47.13468350410462,0
1595875249.7740014,230.73729790687563,47.13468350410462,0
1595875249.783992,232.53562249183656,47.13468350410462,0
1595875249.7939997,234.33699406623842,47.13468350410462,0
1595875249.8039927,236.13574780464174,47.13468350410462,0
1595875249.8139966,237.93643273353578,47.13468350410462,0
1595875249.824005,239.73793305397035,47.13468350410462,0
1595875249.8339958,241.53630055427553,47.13468350410462,0
1595875249.8440027,243.33754338264467,47.13468350410462,0
1595875249.8539898,245.13522423744203,47.13468350410462,0
1595875249.863997,246.9365099811554,47.13468350410462,0
1595875249.8740013,248.73728074073793,47.13468350410462,0
1595875249.884001,250.53723610877992,47.13468350410462,0
1595875249.8939924,252.33568943977357,47.13468350410462,0
1595875249.9039984,254.13676060676576,47.13468350410462,0
1595875249.913987,255.93469895362855,47.13468350410462,0
1595875249.9239874,257.73478306770323,47.13468350410462,0
1595875249.9340012,259.5372704410553,47.13468350410462,0
1595875249.9440036,261.3376978778839,47.13468350410462,0
1595875249.9539905,263.135335817337,47.13468350410462,0
1595875249.9639907,264.9353770160675,47.13468350410462,0
1595875249.9740007,266.73717774391173,47.13468350410462,0
1595875249.98399,268.53524483680724,47.13468350410462,0
1595875249.9939866,270.33464230537413,47.13468350410462,0
1595875250.0039995,272.13695801734923,47.13468350410462,0
1595875250.0139859,273.9345101261139,47.13468350410462,0
1595875250.0239897,275.7351950550079,47.13468350410462,0
1595875250.0339887,277.5350216770172,47.13468350410462,0
1595875250.0440044,279.33785237312316,47.13468350410462,0
1595875250.0539894,281.1351469898224,47.13468350410462,0
1595875250.0639944,282.9360464954376,47.13468350410462,0
1595875250.0739968,284.7364739322662,47.13468350410462,0
1595875250.0839953,286.536214723587,47.13468350410462,0
1595875250.0939975,288.3365992450714,47.13468350410462,0
1595875250.1040034,290.1376704120636,47.13468350410462,0
1595875250.1140027,291.9375399494171,47.13468350410462,0
1595875250.1239967,293.7364653491974,47.13468350410462,0
1595875250.1339993,295.5369357013702,47.13468350410462,0
1595875250.1440027,297.3375347995758,47.13468350410462,0
1595875250.1539981,299.1367176914215,47.13468350410462,0
1595875250.1640034,300.93766011238097,47.13468350410462,0
1595875250.1739948,302.7361134433746,47.13468350410462,0
1595875250.1839888,304.5350388431549,47.13468350410462,0
1595875250.1939955,306.3362387561798,47.13468350410462,0
1595875250.2039921,308.1356362247467,47.13468350410462,0
1595875250.2139854,309.93443287849425,47.13468350410462,0
1595875250.2239969,311.7364910984039,47.13468350410462,0
1595875250.2339911,313.53545941352843,47.13468350410462,0
1595875250.2439888,315.3350285434723,47.13468350410462,0
1595875250.2540011,317.1372584247589,47.13468350410462,0
1595875250.2639966,318.9364413166046,47.13468350410462,0
1595875250.2739959,320.7363108539581,47.13468350410462,0
1595875250.2839942,322.5360087299347,47.13468350410462,0
1595875250.2939985,324.3367794895172,47.13468350410462,0
1595875250.3039877,326.1348465824127,47.13468350410462,0
1595875250.313996,327.9363469028473,47.13468350410462,0
1595875250.3239892,329.7351006412506,47.13468350410462,0
1595875250.3339932,331.5358284854889,47.13468350410462,0
1595875250.3439946,333.33608426094054,47.13468350410462,0
1595875250.3539898,335.135224237442,47.13468350410462,0
1595875250.363999,336.9368533039093,47.13468350410462,0
1595875250.3739963,338.7363795185089,47.13468350410462,0
1595875250.384004,340.537794008255,47.13468350410462,0
1595875250.3939912,342.33547486305235,47.13468350410462,0
1595875250.4039965,344.1364172840118,47.13468350410462,0
1595875250.4139981,345.9367159748077,47.13468350410462,0
1595875250.4239914,347.7355126285553,47.13468350410462,0
1595875250.4339988,349.5368412876129,47.13468350410462,0
1595875250.4439924,351.3356808567047,47.13468350410462,0
1595875250.4539855,353.134434595108,47.13468350410462,0
1595875250.4639964,354.9364069843292,47.13468350410462,0
1595875250.4739873,356.7347744846344,47.13468350410462,0
1595875250.4839945,358.53606022834776,47.13468350410462,0
1595875250.4921448,360,47.13468350410462,1
1595875250.4921448,0,47.13468350410462,0
1595875250.5021489,48.9354113483429,47.13468350410462,0
1595875250.5121477,50.73519505500794,47.13468350410462,0
1595875250.52216,52.53742493629456,47.13468350410462,0
1595875250.5321524,54.33604992866517,47.13468350410462,0
1595875250.5421567,56.13682068824769,47.13468350410462,0
1595875250.5521598,57.93737687110902,47.13468350410462,0
1595875250.5621517,59.735916032791145,47.13468350410462,0
1595875250.572147,61.53505600929261,47.13468350410462,0
1595875250.582154,63.33634175300599,47.13468350410462,0
1595875250.5921488,65.13539589881898,47.13468350410462,0
1595875250.602156,66.93668164253236,47.13468350410462,0
1595875250.6121476,68.73517788887025,47.13468350410462,0
1595875250.622157,70.53689278602602,47.13468350410462,0
1595875250.6321561,72.3367194080353,47.13468350410462,0
1595875250.642162,74.13779057502748,47.13468350410462,0
1595875250.6521583,75.9371022129059,47.13468350410462,0
1595875250.6621616,77.73770131111146,47.13468350410462,0
1595875250.672153,79.53615464210512,47.13468350410462,0
1595875250.6821518,81.33593834877016,47.13468350410462,0
1595875250.6921632,83.13799656867982,47.13468350410462,0
1595875250.7021608,84.93756569862367,47.13468350410462,0
1595875250.7121475,86.73516072273256,47.13468350410462,0
1595875250.72216,88.53743351936342,47.13468350410462,0
1595875250.732154,90.33631600379945,47.13468350410462,0
1595875250.7421556,92.13661469459535,47.13468350410462,0
1595875250.7445374,92.56533898353578,47.13468350410462,0
1595875250.7445374,64.79573728847505,19.36508180904389,0
1595875250.75215,66.16602423000336,19.36508180904389,0
1595875250.7621472,67.96550752925873,19.36508180904389,0
1595875250.7721508,69.76614954280853,19.36508180904389,0
1595875250.7821612,71.56803610134125,19.36508180904389,0
1595875250.7921596,73.36773397731781,19.36508180904389,0
1595875250.802162,75.16816141414643,19.36508180904389,0
1595875250.8121474,76.96554186153412,19.36508180904389,0
1595875250.822161,78.76798631954193,19.36508180904389,0
1595875250.8321533,80.56661131191254,19.36508180904389,0
1595875250.8421454,82.3651933889389,19.36508180904389,0
1595875250.8521574,84.16733743953705,19.36508180904389,0
1595875250.862151,85.96617700862885,19.36508180904389,0
1595875250.8721457,87.76523115444184,19.36508180904389,0
1595875250.8821583,89.5675039510727,19.36508180904389,0
1595875250.892153,91.36655809688568,19.36508180904389,0
1595875250.902153,93.16655638027191,19.36508180904389,0
1595875250.9121542,94.96676924037934,19.36508180904389,0
1595875250.922161,96.76801206874848,19.36508180904389,0
1595875250.9321547,98.56685163784027,19.36508180904389,0
1595875250.9421499,100.36599161434174,19.36508180904389,0
1595875250.952149,102.16581823635102,19.36508180904389,0
1595875250.9621444,103.96500112819672,19.36508180904389,0
1595875250.9721594,105.76770307826996,19.36508180904389,0
1595875250.9821591,107.56765844631195,19.36508180904389,0
1595875250.9921465,109.36538221645355,19.36508180904389,0
1595875251.0021443,111.16499426174164,19.36508180904389,0
1595875251.0121543,112.96679498958588,19.36508180904389,0
1595875251.0221481,114.76567747402191,19.36508180904389,0
1595875251.0321536,116.56666281032562,19.36508180904389,0
1595875251.0421457,118.36524488735199,19.36508180904389,0
1595875251.052153,120.16657354640961,19.36508180904389,0
1595875251.0621564,121.96717264461518,19.36508180904389,0
1595875251.072158,123.76747133541107,19.36508180904389,0
1595875251.0821502,125.56605341243744,19.36508180904389,0
1595875251.0921612,127.36802580165863,19.36508180904389,0
1595875251.1021566,129.16720869350434,19.36508180904389,0
1595875251.1121526,130.96647741603852,19.36508180904389,0
1595875251.1221457,132.76523115444184,19.36508180904389,0
1595875251.1321545,134.56681730556488,19.36508180904389,0
1595875251.1421554,136.36698725032807,19.36508180904389,0
1595875251.1521602,138.16784384059906,19.36508180904389,0
1595875251.162154,139.9667263250351,19.36508180904389,0
1595875251.1721501,141.76603796291352,19.36508180904389,0
1595875251.1821477,143.56560709285736,19.36508180904389,0
1595875251.1921465,145.3653907995224,19.36508180904389,0
1595875251.2021494,147.1659040670395,19.36508180904389,0
1595875251.2121477,148.96560194301605,19.36508180904389,0
1595875251.222153,150.76654436397553,19.36508180904389,0
1595875251.2321472,152.56551267910004,19.36508180904389,0
1595875251.2421463,154.36533930110932,19.36508180904389,0
1595875251.2521544,156.16679670619965,19.36508180904389,0
1595875251.2621543,157.96679498958588,19.36508180904389,0
1595875251.2721615,159.76808073329926,19.36508180904389,0
1595875251.2821627,161.56829359340668,19.36508180904389,0
1595875251.2921627,163.3682918767929,19.36508180904389,0
1595875251.3021505,165.166101477623,19.36508180904389,0
1595875251.3121629,166.9683313589096,19.36508180904389,0
1595875251.3221502,168.7660551290512,19.36508180904389,0
1595875251.3321514,170.56626798915863,19.36508180904389,0
1595875251.3421454,172.3651933889389,19.36508180904389,0
1595875251.3521452,174.1651487569809,19.36508180904389,0
1595875251.3621545,175.96682073879242,19.36508180904389,0
1595875251.3721528,177.76651861476898,19.36508180904389,0
1595875251.3821619,179.56814768123627,19.36508180904389,0
1595875251.3921444,181.3650131444931,19.36508180904389,0
1595875251.4021506,183.16612722682953,19.36508180904389,0
1595875251.4121618,184.96814253139496,19.36508180904389,0
1595875251.4221547,186.76685335445404,19.36508180904389,0
1595875251.4321508,188.56616499233246,19.36508180904389,0
1595875251.44216,190.36779405879975,19.36508180904389,0
1595875251.4521482,192.1656894903183,19.36508180904389,0
1595875251.4621463,193.96534445095062,19.36508180904389,0
1595875251.4721544,195.76680185604096,19.36508180904389,0
1595875251.4821482,197.565684340477,19.36508180904389,0
1595875251.4921517,199.3663263540268,19.36508180904389,0
1595875251.5021484,201.1657238225937,19.36508180904389,0
1595875251.5121548,202.96688082027435,19.36508180904389,0
1595875251.5221593,204.7676944952011,19.36508180904389,0
1595875251.5321493,206.56589033412934,19.36508180904389,0
1595875251.542159,208.36764814662934,19.36508180904389,0
1595875251.5521455,210.16520025539398,19.36508180904389,0
1595875251.5621622,211.9682026128769,19.36508180904389,0
1595875251.5721574,213.76734258937836,19.36508180904389,0
1595875251.5821533,215.56661131191254,19.36508180904389,0
1595875251.59215,217.36600878047943,19.36508180904389,0
1595875251.6021566,219.16720869350434,19.36508180904389,0
1595875251.6121545,220.96682073879242,19.36508180904389,0
1595875251.6221476,222.76557447719574,19.36508180904389,0
1595875251.6321478,224.5656156759262,19.36508180904389,0
1595875251.6421554,226.36698725032807,19.36508180904389,0
1595875251.6521454,228.1651830892563,19.36508180904389,0
1595875251.662155,229.96689798641205,19.36508180904389,0
1595875251.6721494,231.7659092168808,19.36508180904389,0
1595875251.6821623,233.5682249288559,19.36508180904389,0
1595875251.6921446,235.3650474767685,19.36508180904389,0
1595875251.7021525,237.1664619665146,19.36508180904389,0
1595875251.7121525,238.96646024990082,19.36508180904389,0
1595875251.7221463,240.76534273433685,19.36508180904389,0
1595875251.732158,242.56744386959076,19.36508180904389,0
1595875251.7421608,244.36795713710785,19.36508180904389,0
1595875251.752149,246.1658525686264,19.36508180904389,0
1595875251.762153,247.96653749752045,19.36508180904389,0
1595875251.772158,249.76743700313568,19.36508180904389,0
1595875251.782158,251.5674352865219,19.36508180904389,0
1595875251.7921612,253.36803438472748,19.36508180904389,0
1595875251.8021605,255.167903922081,19.36508180904389,0
1595875251.8121595,256.9677305440903,19.36508180904389,0
1595875251.8221562,258.76712801265717,19.36508180904389,0
1595875251.832153,260.5665683965683,19.36508180904389,0
1595875251.842152,262.3663950185776,19.36508180904389,0
1595875251.8521435,264.16484834957123,19.36508180904389,0
1595875251.8621566,265.96720697689057,19.36508180904389,0
1595875251.872153,267.7665615301132,19.36508180904389,0
1595875251.8821619,269.56814768123627,19.36508180904389,0
1595875251.8921442,271.36497022914887,19.36508180904389,0
1595875251.9021616,273.1681013326645,19.36508180904389,0
1595875251.912144,274.9649238805771,19.36508180904389,0
1595875251.9221506,276.766123793602,19.36508180904389,0
1595875251.932145,278.56513502407074,19.36508180904389,0
1595875251.9421608,280.3679657201767,19.36508180904389,0
1595875251.9521594,282.1677065114975,19.36508180904389,0
1595875251.9621446,283.96504404354096,19.36508180904389,0
1595875251.9721622,285.7682180624008,19.36508180904389,0
1595875251.9821546,287.5668430547714,19.36508180904389,0
1595875251.9921546,289.36684133815766,19.36508180904389,0
1595875252.0021574,291.16735460567475,19.36508180904389,0
1595875252.0121574,292.967352889061,19.36508180904389,0
1595875252.0221558,294.76705076503754,19.36508180904389,0
1595875252.0321586,296.5675640325546,19.36508180904389,0
1595875252.0421593,298.3676910619736,19.36508180904389,0
1595875252.0521464,300.16537191677094,19.36508180904389,0
1595875252.0621488,301.96579935359955,19.36508180904389,0
1595875252.07216,303.767814658165,19.36508180904389,0
1595875252.08215,305.5660104970932,19.36508180904389,0
1595875252.0921454,307.3651933889389,19.36508180904389,0
1595875252.102156,309.1670799474716,19.36508180904389,0
1595875252.1121602,310.96785070705414,19.36508180904389,0
1595875252.1221473,312.7655315618515,19.36508180904389,0
1595875252.1321545,314.5668173055649,19.36508180904389,0
1595875252.142144,316.3649273138046,19.36508180904389,0
1595875252.1521506,318.16612722682953,19.36508180904389,0
1595875252.1621463,319.9653530340195,19.36508180904389,0
1595875252.1721566,321.76719667720795,19.36508180904389,0
1595875252.1821558,323.56706621456146,19.36508180904389,0
1595875252.1921566,325.3671932439804,19.36508180904389,0
1595875252.2021592,327.16766359615326,19.36508180904389,0
1595875252.2121553,328.9669752340317,19.36508180904389,0
1595875252.222145,330.76512815761566,19.36508180904389,0
1595875252.2321522,332.56641390132904,19.36508180904389,0
1595875252.2421448,334.3650818090439,19.36508180904389,0
1595875252.2521555,336.16701128292084,19.36508180904389,0
1595875252.2621481,337.9656791906357,19.36508180904389,0
1595875252.272153,339.7665357809067,19.36508180904389,0
1595875252.2821598,341.5677786092758,19.36508180904389,0
1595875252.2921586,343.36756231594086,19.36508180904389,0
1595875252.3021576,345.16738893795014,19.36508180904389,0
1595875252.3121493,346.965885184288,19.36508180904389,0
1595875252.3221514,348.7662697057724,19.36508180904389,0
1595875252.3321435,350.56485178279877,19.36508180904389,0
1595875252.3421476,352.36557962703705,19.36508180904389,0
1595875252.3521621,354.1681957464218,19.36508180904389,0
1595875252.3621485,355.96574785518646,19.36508180904389,0
1595875252.3696496,357.31595041561127,19.36508180904389,0
1595875252.3696496,358.1211652909279,20.17029668436051,0
1595875252.372152,358.5716047440529,20.17029668436051,0
1595875252.3800907,360,20.17029668436051,1
1595875252.3800907,0,20.17029668436051,0
1595875252.3900967,21.971367851352696,20.17029668436051,0
1595875252.4000955,23.771151558017735,20.17029668436051,0
1595875252.4100924,25.570591941928868,20.17029668436051,0
1595875252.420103,27.37252141580582,20.17029668436051,0
1595875252.430097,29.171446815586094,20.17029668436051,0
1595875252.4401078,30.973376289463047,20.17029668436051,0
1595875252.4500964,32.77131463632584,20.17029668436051,0
1595875252.4600909,34.57032586679459,20.17029668436051,0
1595875252.470102,36.37234117136002,20.17029668436051,0
1595875252.4800906,38.17027951822281,20.17029668436051,0
1595875252.490108,39.97341062173844,20.17029668436051,0
1595875252.5001,41.77194978342057,20.17029668436051,0
1595875252.5101063,43.57310678110123,20.17029668436051,0
1595875252.520106,45.37306214914322,20.17029668436051,0
1595875252.5301049,47.17284585580826,20.17029668436051,0
1595875252.5400994,48.97185708627701,20.17029668436051,0
1595875252.5501015,50.77224160776139,20.17029668436051,0
1595875252.5601013,52.57219697580338,20.17029668436051,0
1595875252.5700984,54.37168027505875,20.17029668436051,0
1595875252.5800989,56.17176438913346,20.17029668436051,0
1595875252.5900981,57.97163392648697,20.17029668436051,0
1595875252.6001053,59.77291967020035,20.17029668436051,0
1595875252.6100965,61.571330085849766,20.17029668436051,0
1595875252.6200917,63.37047006235123,20.17029668436051,0
1595875252.630094,65.17089749917984,20.17029668436051,0
1595875252.6401055,66.97295571908951,20.17029668436051,0
1595875252.650106,68.77303983316422,20.17029668436051,0
1595875252.6601055,70.57295228586197,20.17029668436051,0
1595875252.6701024,72.3723926697731,20.17029668436051,0
1595875252.6800966,74.17136098489762,20.17029668436051,0
1595875252.6901035,75.97260381326676,20.17029668436051,0
1595875252.7001045,77.77277375802994,20.17029668436051,0
1595875252.7100906,79.57028295145035,20.17029668436051,0
1595875252.7200909,81.37032415018082,20.17029668436051,0
1595875252.7300909,83.17032243356705,20.17029668436051,0
1595875252.7401037,84.97263814554215,20.17029668436051,0
1595875252.7500956,86.77117730722428,20.17029668436051,0
1595875252.7600935,88.57078935251236,20.17029668436051,0
1595875252.7701068,90.37319089517594,20.17029668436051,0
1595875252.7800963,92.17130090341568,20.17029668436051,0
1595875252.7900956,93.9711704407692,20.17029668436051,0
1595875252.8000958,95.77121163949967,20.17029668436051,0
1595875252.8100915,97.57043744668961,20.17029668436051,0
1595875252.820093,99.37069322214127,20.17029668436051,0
1595875252.830107,101.17322351083756,20.17029668436051,0
1595875252.8400934,102.97077561960221,20.17029668436051,0
1595875252.850092,104.77051641092301,20.17029668436051,0
1595875252.8601065,106.57313253030777,20.17029668436051,0
1595875252.8700962,108.37128545389176,20.17029668436051,0
1595875252.880097,110.1714124833107,20.17029668436051,0
1595875252.8900914,111.97042371377945,20.17029668436051,0
1595875252.9000964,113.77132321939469,20.17029668436051,0
1595875252.9101095,115.57368184671402,20.17029668436051,0
1595875252.9201064,117.37312223062516,20.17029668436051,0
1595875252.9301026,119.17243386850357,20.17029668436051,0
1595875252.9400935,120.97080136880875,20.17029668436051,0
1595875252.9501052,122.77290250406266,20.17029668436051,0
1595875252.9601004,124.57204248056412,20.17029668436051,0
1595875252.9701042,126.37272740945816,20.17029668436051,0
1595875252.9801047,128.17281152353286,20.17029668436051,0
1595875252.9900975,129.97152234659194,20.17029668436051,0
1595875253.0000997,131.77190686807631,20.17029668436051,0
1595875253.010106,133.57306386575698,20.17029668436051,0
1595875253.020108,135.37340547189712,20.17029668436051,0
1595875253.0301025,137.17241670236587,20.17029668436051,0
1595875253.0401003,138.97202874765395,20.17029668436051,0
1595875253.050098,140.7715978775978,20.17029668436051,0
1595875253.0601027,142.5724544678688,20.17029668436051,0
1595875253.07009,144.3701782380104,20.17029668436051,0
1595875253.08011,146.17378141031264,20.17029668436051,0
1595875253.090099,147.9718055878639,20.17029668436051,0
1595875253.1000993,149.77184678659438,20.17029668436051,0
1595875253.1100988,151.57175923929213,20.17029668436051,0
1595875253.1201026,153.37244416818618,20.17029668436051,0
1595875253.1301036,155.17261411294936,20.17029668436051,0
1595875253.1401064,156.97312738046645,20.17029668436051,0
1595875253.15009,158.77016450510024,20.17029668436051,0
1595875253.1600914,160.5704202805519,20.17029668436051,0
1595875253.170099,162.37179185495376,20.17029668436051,0
1595875253.180109,164.173592582798,20.17029668436051,0
1595875253.1901,165.97196008310317,20.17029668436051,0
1595875253.200101,167.77213002786635,20.17029668436051,0
1595875253.2100966,169.5713558350563,20.17029668436051,0
1595875253.2200987,171.37174035654067,20.17029668436051,0
1595875253.230091,173.17036534891128,20.17029668436051,0
1595875253.2401083,174.97345353708266,20.17029668436051,0
1595875253.250109,176.7735805665016,20.17029668436051,0
1595875253.2601051,178.57289220438003,20.17029668436051,0
1595875253.270102,180.37233258829116,20.17029668436051,0
1595875253.2801063,182.17310334787368,20.17029668436051,0
1595875253.290097,183.97142793283462,20.17029668436051,0
1595875253.3001056,185.77297116861342,20.17029668436051,0
1595875253.310103,187.57249738321303,20.17029668436051,0
1595875253.3201013,189.3721952591896,20.17029668436051,0
1595875253.3300903,191.17021943674087,20.17029668436051,0
1595875253.3400948,192.97103311166762,20.17029668436051,0
1595875253.3500926,194.7706451569557,20.17029668436051,0
1595875253.360094,196.57090093240737,20.17029668436051,0
1595875253.3700945,198.37098504648208,20.17029668436051,0
1595875253.380092,200.17051126108169,20.17029668436051,0
1595875253.390106,201.97304154977797,20.17029668436051,0
1595875253.400092,203.77050782785415,20.17029668436051,0
1595875253.4100974,205.57149316415786,20.17029668436051,0
1595875253.4201086,207.3735084687233,20.17029668436051,0
1595875253.4301093,209.17363549814223,20.17029668436051,0
1595875253.4400954,210.97114469156264,20.17029668436051,0
1595875253.4500954,212.77114297494887,20.17029668436051,0
1595875253.4600976,214.57152749643325,20.17029668436051,0
1595875253.470091,216.37036706552504,20.17029668436051,0
1595875253.4800916,218.17045117959975,20.17029668436051,0
1595875253.4901092,219.97362519845962,20.17029668436051,0
1595875253.5000975,221.77152062997817,20.17029668436051,0
1595875253.5100925,223.5706176911354,20.17029668436051,0
1595875253.5200937,225.37083055124282,20.17029668436051,0
1595875253.530105,227.1728887711525,20.17029668436051,0
1595875253.5401027,228.97245790109633,20.17029668436051,0
1595875253.5500937,230.7708254014015,20.17029668436051,0
1595875253.560106,232.57305528268813,20.17029668436051,0
1595875253.5700948,234.37103654489516,20.17029668436051,0
1595875253.5800931,236.17073442087172,20.17029668436051,0
1595875253.5900962,237.97129060373305,20.17029668436051,0
1595875253.6000998,239.77193261728286,20.17029668436051,0
1595875253.6100903,241.57021428689956,20.17029668436051,0
1595875253.6200948,243.37102796182631,20.17029668436051,0
1595875253.6300998,245.17192746744155,20.17029668436051,0
1595875253.6401036,246.9726123963356,20.17029668436051,0
1595875253.650092,248.77050782785415,20.17029668436051,0
1595875253.6601052,250.57290937051772,20.17029668436051,0
1595875253.6700938,252.3708477173805,20.17029668436051,0
1595875253.6800926,254.17063142404555,20.17029668436051,0
1595875253.6900978,255.97157384500503,20.17029668436051,0
1595875253.7000902,257.77019883737563,20.17029668436051,0
1595875253.7101018,259.57229997262954,20.17029668436051,0
1595875253.7201042,261.37272740945815,20.17029668436051,0
1595875253.7301056,263.1729831849098,20.17029668436051,0
1595875253.7401097,264.9737110291481,20.17029668436051,0
1595875253.7501013,266.772207275486,20.17029668436051,0
1595875253.7600963,268.5713043366432,20.17029668436051,0
1595875253.7701058,270.37301923379897,20.17029668436051,0
1595875253.7800944,272.17095758066176,20.17029668436051,0
1595875253.790093,273.97069837198256,20.17029668436051,0
1595875253.8001072,275.7732715760231,20.17029668436051,0
1595875253.8101058,277.5730123673439,20.17029668436051,0
1595875253.8201025,279.3724098359108,20.17029668436051,0
1595875253.8301053,281.1729231034279,20.17029668436051,0
1595875253.8401043,282.97274972543715,20.17029668436051,0
1595875253.8500917,284.77047349557876,20.17029668436051,0
1595875253.8601077,286.57334710702895,20.17029668436051,0
1595875253.8700893,288.37004090890883,20.17029668436051,0
1595875253.8800979,290.17158414468764,20.17029668436051,0
1595875253.890106,291.973041549778,20.17029668436051,0
1595875253.9000907,293.77029325113295,20.17029668436051,0
1595875253.9100897,295.57011987314223,20.17029668436051,0
1595875253.9201043,297.372735992527,20.17029668436051,0
1595875253.930091,299.1703310166359,20.17029668436051,0
1595875253.9400923,300.97058679208754,20.17029668436051,0
1595875253.950096,302.77122880563735,20.17029668436051,0
1595875253.9600956,304.57118417367934,20.17029668436051,0
1595875253.9701085,306.37349988565444,20.17029668436051,0
1595875253.980109,308.17358399972915,20.17029668436051,0
1595875253.9900997,309.9719085846901,20.17029668436051,0
1595875254.0000992,311.77182103738784,20.17029668436051,0
1595875254.010094,313.5708751832008,20.17029668436051,0
1595875254.0200946,315.37100221261977,20.17029668436051,0
1595875254.030091,317.1703567658424,20.17029668436051,0
1595875254.0400958,318.9712133561134,20.17029668436051,0
1595875254.0500898,320.7701387558937,20.17029668436051,0
1595875254.06009,322.57017995462417,20.17029668436051,0
1595875254.0701034,324.37258149728774,20.17029668436051,0
1595875254.0800908,326.17030526742934,20.17029668436051,0
1595875254.0901,327.97197724924087,20.17029668436051,0
1595875254.100106,329.77304841623305,20.17029668436051,0
1595875254.1101062,331.5730896149635,20.17029668436051,0
1595875254.1160114,332.63601686105727,20.17029668436051,0
1595875254.1160114,340.8452118027401,28.379491626043325,0
1595875254.1200995,341.5810812103939,28.379491626043325,0
1595875254.1301064,343.38232403876304,28.379491626043325,0
1595875254.1401072,345.182451068182,28.379491626043325,0
1595875254.150108,346.9826210129452,28.379491626043325,0
1595875254.1600997,348.78111725928306,28.379491626043325,0
1595875254.170097,350.5806434738827,28.379491626043325,0
1595875254.1800928,352.3798692810726,28.379491626043325,0
1595875254.190089,354.17918091895103,28.379491626043325,0
1595875254.2001085,355.9826982605648,28.379491626043325,0
1595875254.2100902,357.7793920624447,28.379491626043325,0
1595875254.2200975,359.5807207215023,28.379491626043325,0
1595875254.2224429,360,28.379491626043325,1
1595875254.2224429,0,28.379491626043325,0
1595875254.2324452,30.17991906287194,28.379491626043325,0
1595875254.2424579,31.982191859502798,28.379491626043325,0
1595875254.252446,33.780044375677114,28.379491626043325,0
1595875254.2624514,35.581029711980825,28.379491626043325,0
1595875254.272456,37.38184338690758,28.379491626043325,0
1595875254.2824442,39.17973881842614,28.379491626043325,0
1595875254.2924457,40.9799945938778,28.379491626043325,0
1595875254.3024578,42.78218155982018,28.379491626043325,0
1595875254.3124576,44.58213692786217,28.379491626043325,0
1595875254.3224573,46.382092295904165,28.379491626043325,0
1595875254.3324487,48.18054562689782,28.379491626043325,0
1595875254.3424451,49.979900180120474,28.379491626043325,0
1595875254.3524456,51.77998429419518,28.379491626043325,0
1595875254.3624613,53.58281499030114,28.379491626043325,0
1595875254.372457,55.38204079749108,28.379491626043325,0
1595875254.382461,57.18276864172936,28.379491626043325,0
1595875254.3924446,58.97980576636315,28.379491626043325,0
1595875254.402453,60.78130608679772,28.379491626043325,0
1595875254.412459,62.58237725378991,28.379491626043325,0
1595875254.4224453,64.37992936255455,28.379491626043325,0
1595875254.43246,66.18258839728355,28.379491626043325,0
1595875254.4424481,67.98044091345787,28.379491626043325,0
1595875254.4524505,69.78086835028648,28.379491626043325,0
1595875254.462448,71.58039456488609,28.379491626043325,0
1595875254.4724517,73.38107949378013,28.379491626043325,0
1595875254.482452,75.1811206925106,28.379491626043325,0
1595875254.4924462,76.98008900763512,28.379491626043325,0
1595875254.502444,78.7797010529232,28.379491626043325,0
1595875254.5124466,80.58017140509605,28.379491626043325,0
1595875254.5224547,82.38162881018638,28.379491626043325,0
1595875254.5324607,84.18269997717857,28.379491626043325,0
1595875254.5424602,85.98261242987633,28.379491626043325,0
1595875254.5524566,87.78196698309898,28.379491626043325,0
1595875254.5624535,89.58140736701012,28.379491626043325,0
1595875254.5724583,91.38226395728111,28.379491626043325,0
1595875254.5824456,93.17998772742271,28.379491626043325,0
1595875254.5924475,94.98032933356285,28.379491626043325,0
1595875254.6024508,96.78092843176842,28.379491626043325,0
1595875254.6124594,98.58247166754722,28.379491626043325,0
1595875254.6224496,100.38071042181969,28.379491626043325,0
1595875254.6324592,102.18242531897545,28.379491626043325,0
1595875254.6424494,103.98066407324791,28.379491626043325,0
1595875254.6524515,105.78104859473228,28.379491626043325,0
1595875254.6624424,107.57941609503746,28.379491626043325,0
1595875254.6724536,109.38143139960289,28.379491626043325,0
1595875254.6824586,111.18233090521812,28.379491626043325,0
1595875254.6924593,112.98245793463707,28.379491626043325,0
1595875254.7024484,114.78048211218834,28.379491626043325,0
1595875254.7124577,116.58215409399986,28.379491626043325,0
1595875254.7224612,118.38279610754967,28.379491626043325,0
1595875254.732445,120.1798761475277,28.379491626043325,0
1595875254.742455,121.98167687537193,28.379491626043325,0
1595875254.7524521,123.7811601746273,28.379491626043325,0
1595875254.7624528,125.58128720404625,28.379491626043325,0
1595875254.7724595,127.38248711707115,28.379491626043325,0
1595875254.7824562,129.18188458563804,28.379491626043325,0
1595875254.792459,130.98239785315513,28.379491626043325,0
1595875254.8024566,132.78196698309898,28.379491626043325,0
1595875254.8124578,134.5821798432064,28.379491626043325,0
1595875254.8224466,136.38016110541344,28.379491626043325,0
1595875254.8324456,138.1799877274227,28.379491626043325,0
1595875254.8424609,139.9827325928402,28.379491626043325,0
1595875254.8524592,141.78243046881676,28.379491626043325,0
1595875254.8624504,143.58084088446617,28.379491626043325,0
1595875254.872449,145.38058167578697,28.379491626043325,0
1595875254.88245,147.1807945358944,28.379491626043325,0
1595875254.892451,148.98096448065758,28.379491626043325,0
1595875254.9024553,150.7817352402401,28.379491626043325,0
1595875254.9124527,152.5812614548397,28.379491626043325,0
1595875254.9224544,154.3815601456356,28.379491626043325,0
1595875254.9324455,156.17997056128502,28.379491626043325,0
1595875254.942454,157.98151379706383,28.379491626043325,0
1595875254.9524498,159.78073960425377,28.379491626043325,0
1595875254.9624474,161.58030873419762,28.379491626043325,0
1595875254.9724476,163.38034993292808,28.379491626043325,0
1595875254.9824455,165.17996197821617,28.379491626043325,0
1595875254.9924462,166.98008900763512,28.379491626043325,0
1595875255.00245,168.78077393652916,28.379491626043325,0
1595875255.01246,170.5825746643734,28.379491626043325,0
1595875255.0224595,172.38248711707115,28.379491626043325,0
1595875255.0324452,174.17991047980308,28.379491626043325,0
1595875255.0424428,175.97947960974693,28.379491626043325,0
1595875255.0524557,177.78179532172203,28.379491626043325,0
1595875255.0624437,179.57964783789635,28.379491626043325,0
1595875255.0724492,181.38063317420006,28.379491626043325,0
1595875255.0824592,183.1824339020443,28.379491626043325,0
1595875255.0924423,184.9793851959896,28.379491626043325,0
1595875255.1024532,186.7813575852108,28.379491626043325,0
1595875255.1124582,188.58225709082603,28.379491626043325,0
1595875255.1224465,190.3801525223446,28.379491626043325,0
1595875255.132445,192.1798933136654,28.379491626043325,0
1595875255.1424527,193.98126488806724,28.379491626043325,0
1595875255.152451,195.7809627640438,28.379491626043325,0
1595875255.1624584,197.58229142310142,28.379491626043325,0
1595875255.1724582,199.38224679114342,28.379491626043325,0
1595875255.182456,201.1818588364315,28.379491626043325,0
1595875255.192445,202.97988301398277,28.379491626043325,0
1595875255.2024474,204.78031045081138,28.379491626043325,0
1595875255.2124527,206.58125287177086,28.379491626043325,0
1595875255.2224438,208.37966328742027,28.379491626043325,0
1595875255.232449,210.18060570837974,28.379491626043325,0
1595875255.242453,211.98133355261803,28.379491626043325,0
1595875255.2524493,213.78064519049644,28.379491626043325,0
1595875255.262448,215.58042889716148,28.379491626043325,0
1595875255.2724478,217.38038426520347,28.379491626043325,0
1595875255.2824564,219.18192750098228,28.379491626043325,0
1595875255.2924507,220.9808958161068,28.379491626043325,0
1595875255.3024507,222.78089409949303,28.379491626043325,0
1595875255.3124514,224.58102112891197,28.379491626043325,0
1595875255.3224478,226.38037568213463,28.379491626043325,0
1595875255.3324435,228.17960148932457,28.379491626043325,0
1595875255.342453,229.98131638648033,28.379491626043325,0
1595875255.3524601,231.7826021301937,28.379491626043325,0
1595875255.3624556,233.5817850220394,28.379491626043325,0
1595875255.3724482,235.38045292975426,28.379491626043325,0
1595875255.3824463,237.18010789038658,28.379491626043325,0
1595875255.3924563,238.98190861823082,28.379491626043325,0
1595875255.4024608,240.78272229315758,28.379491626043325,0
1595875255.4124436,242.57963067175865,28.379491626043325,0
1595875255.4224498,244.38074475409508,28.379491626043325,0
1595875255.4324489,246.18057137610435,28.379491626043325,0
1595875255.4424558,247.9818142044735,28.379491626043325,0
1595875255.452451,249.78095418097496,28.379491626043325,0
1595875255.4624472,251.58026581885338,28.379491626043325,0
1595875255.4724555,253.38176613928795,28.379491626043325,0
1595875255.4824588,255.1823652374935,28.379491626043325,0
1595875255.492457,256.98202019812584,28.379491626043325,0
1595875255.50246,258.78257638098717,28.379491626043325,0
1595875255.5124557,260.5818021881771,28.379491626043325,0
1595875255.5224526,262.38124257208824,28.379491626043325,0
1595875255.5324519,264.18111210944176,28.379491626043325,0
1595875255.5424423,265.97939377905846,28.379491626043325,0
1595875255.5524485,267.7805078613949,28.379491626043325,0
1595875255.5624592,269.58243733527183,28.379491626043325,0
1595875255.5724497,271.38071900488853,28.379491626043325,0
1595875255.5824594,273.18247681738853,28.379491626043325,0
1595875255.5924592,274.9824321854305,28.379491626043325,0
1595875255.602452,276.7811430084896,28.379491626043325,0
1595875255.6124523,278.5811842072201,28.379491626043325,0
1595875255.6224518,280.38109665991783,28.379491626043325,0
1595875255.6324477,282.180365382452,28.379491626043325,0
1595875255.6424415,283.97924786688804,28.379491626043325,0
1595875255.6524487,285.7805336106014,28.379491626043325,0
1595875255.662458,287.58220559241295,28.379491626043325,0
1595875255.6724472,289.38027268530846,28.379491626043325,0
1595875255.6824582,291.18224507452965,28.379491626043325,0
1595875255.6924438,292.9796684372616,28.379491626043325,0
1595875255.7024453,294.77992421271324,28.379491626043325,0
1595875255.712461,296.5827549088192,28.379491626043325,0
1595875255.7224615,298.3828390228939,28.379491626043325,0
1595875255.7324526,300.1812494385433,28.379491626043325,0
1595875255.7424583,301.98227769019127,28.379491626043325,0
1595875255.7524486,303.78051644446373,28.379491626043325,0
1595875255.7624419,305.5793130982113,28.379491626043325,0
1595875255.7724466,307.3801696884823,28.379491626043325,0
1595875255.7824583,309.1822708237362,28.379491626043325,0
1595875255.7924542,310.98153954627037,28.379491626043325,0
1595875255.8024423,312.7793920624447,28.379491626043325,0
1595875255.8124454,314.579948245306,28.379491626043325,0
1595875255.8224478,316.3803756821346,28.379491626043325,0
1595875255.8324592,318.1824339020443,28.379491626043325,0
1595875255.8424506,319.98088723303795,28.379491626043325,0
1595875255.8524506,321.7808855164242,28.379491626043325,0
1595875255.8624513,323.5810125458431,28.379491626043325,0
1595875255.8724518,325.38109665991783,28.379491626043325,0
1595875255.8824441,327.17972165228844,28.379491626043325,0
1595875255.8924482,328.9804494965267,28.379491626043325,0
1595875255.9024603,330.7826364624691,28.379491626043325,0
1595875255.912442,332.579330264349,28.379491626043325,0
1595875255.9224565,334.38194638373375,28.379491626043325,0
1595875255.9324605,336.18267422797203,28.379491626043325,0
1595875255.94246,337.9825866806698,28.379491626043325,0
1595875255.9524498,339.78073960425377,28.379491626043325,0
1595875255.96246,341.58258324744224,28.379491626043325,0
1595875255.9724457,343.3800066101742,28.379491626043325,0
1595875255.9736047,343.58861809851646,28.379491626043325,0
1595875255.9736047,348.5120326689615,33.30290619648839,0
1595875255.982457,350.10543648518467,33.30290619648839,0
1595875255.9924486,351.90393273152256,33.30290619648839,0
1595875256.0024452,353.70333020008945,33.30290619648839,0
1595875256.0124617,355.5062896422281,33.30290619648839,0
1595875256.0224576,357.3055583647623,33.30290619648839,0
1595875256.0324416,359.10268132008457,33.30290619648839,0
1595875256.0374336,360,33.30290619648839,1
1595875256.0374336,0,33.30290619648839,0
1595875256.0474532,35.106423538102156,33.30290619648839,0
1595875256.0574343,36.90303150929356,33.30290619648839,0
1595875256.0674424,38.704488914383894,33.30290619648839,0
1595875256.0774336,40.50289933003331,33.30290619648839,0
1595875256.0874426,42.304528396500594,33.30290619648839,0
1595875256.0974457,44.10508457936192,33.30290619648839,0
1595875256.1074362,45.90336624897862,33.30290619648839,0
1595875256.1174412,47.704265754593855,33.30290619648839,0
1595875256.1274395,49.50396363057042,33.30290619648839,0
1595875256.137447,51.30533520497227,33.30290619648839,0
1595875256.1474469,53.105290573014265,33.30290619648839,0
1595875256.1574433,54.90464512623692,33.30290619648839,0
1595875256.16744,56.704042594803816,33.30290619648839,0
1595875256.1774368,58.50348297871495,33.30290619648839,0
1595875256.1874473,60.305369537247664,33.30290619648839,0
1595875256.197436,62.103350799454695,33.30290619648839,0
1595875256.2074354,63.90322033680821,33.30290619648839,0
1595875256.217439,65.70386235035801,33.30290619648839,0
1595875256.2274458,67.50510517872715,33.30290619648839,0
1595875256.2374454,69.3050176314249,33.30290619648839,0
1595875256.2474365,71.10342804707432,33.30290619648839,0
1595875256.2574399,72.90402714527988,33.30290619648839,0
1595875256.2674415,74.70432583607578,33.30290619648839,0
1595875256.2774348,76.50312248982334,33.30290619648839,0
1595875256.287446,78.30513779438877,33.30290619648839,0
1595875256.2974532,80.10642353810215,33.30290619648839,0
1595875256.3074403,81.90410439289951,33.30290619648839,0
1595875256.3174362,83.70337311543369,33.30290619648839,0
1595875256.3274481,85.50551716603184,33.30290619648839,0
1595875256.3374481,87.30551544941807,33.30290619648839,0
1595875256.3474414,89.10431210316563,33.30290619648839,0
1595875256.3574378,90.90366665638828,33.30290619648839,0
1595875256.3674362,92.70336453236484,33.30290619648839,0
1595875256.377437,94.50353447712803,33.30290619648839,0
1595875256.3874528,96.30636517323398,33.30290619648839,0
1595875256.3974447,98.10490433491611,33.30290619648839,0
1595875256.407441,99.90421597279453,33.30290619648839,0
1595875256.4174407,101.70417134083652,33.30290619648839,0
1595875256.4274464,103.50519959248447,33.30290619648839,0
1595875256.4374375,105.30361000813389,33.30290619648839,0
1595875256.4474502,107.10588280476475,33.30290619648839,0
1595875256.4574344,108.90304867543125,33.30290619648839,0
1595875256.4674497,110.70579354084873,33.30290619648839,0
1595875256.4774425,112.50450436390781,33.30290619648839,0
1595875256.4874356,114.30325810231113,33.30290619648839,0
1595875256.4974434,116.10467259205723,33.30290619648839,0
1595875256.5074456,117.9050571135416,33.30290619648839,0
1595875256.5174344,119.70303837574863,33.30290619648839,0
1595875256.5274372,121.50355164326572,33.30290619648839,0
1595875256.5374353,123.30320660389805,33.30290619648839,0
1595875256.547452,125.10620896138096,33.30290619648839,0
1595875256.5574543,126.90663639820957,33.30290619648839,0
1595875256.5674484,128.70556179798984,33.30290619648839,0
1595875256.5774362,130.50337139881992,33.30290619648839,0
1595875256.587445,132.30495754994297,33.30290619648839,0
1595875256.5974438,134.104741256608,33.30290619648839,0
1595875256.6074548,135.9067136458292,33.30290619648839,0
1595875256.6174386,137.70379368580723,33.30290619648839,0
1595875256.6274502,139.50589482106113,33.30290619648839,0
1595875256.637436,141.30331818379307,33.30290619648839,0
1595875256.6474402,143.1040889433756,33.30290619648839,0
1595875256.6574495,144.9057609251871,33.30290619648839,0
1595875256.667443,146.7046004942789,33.30290619648839,0
1595875256.6774383,148.50374047078037,33.30290619648839,0
1595875256.6874344,150.3030521086588,33.30290619648839,0
1595875256.697453,152.1063977888956,33.30290619648839,0
1595875256.707441,153.90425030506992,33.30290619648839,0
1595875256.7174425,155.70450608052158,33.30290619648839,0
1595875256.7274415,157.50433270253086,33.30290619648839,0
1595875256.7374532,159.30643383778477,33.30290619648839,0
1595875256.7474399,161.10402886189365,33.30290619648839,0
1595875256.7574427,162.90454212941074,33.30290619648839,0
1595875256.7674465,164.70522705830479,33.30290619648839,0
1595875256.7774415,166.504324119462,33.30290619648839,0
1595875256.7874355,168.30324951924229,33.30290619648839,0
1595875256.7974343,170.10303322590732,33.30290619648839,0
1595875256.8074548,171.90672222889805,33.30290619648839,0
1595875256.817437,173.7035018614664,33.30290619648839,0
1595875256.8274453,175.50500218190098,33.30290619648839,0
1595875256.837441,177.30422798909092,33.30290619648839,0
1595875256.8474402,179.10409752644443,33.30290619648839,0
1595875256.8574367,180.9034520796671,33.30290619648839,0
1595875256.8674362,182.70336453236484,33.30290619648839,0
1595875256.8774338,184.5029336623087,33.30290619648839,0
1595875256.8874538,186.30653683461094,33.30290619648839,0
1595875256.8974364,188.10340229786777,33.30290619648839,0
1595875256.90744,189.90404431141758,33.30290619648839,0
1595875256.9174395,191.70395676411533,33.30290619648839,0
1595875256.9274406,193.50416962422275,33.30290619648839,0
1595875256.9374506,195.305970352067,33.30290619648839,0
1595875256.9474401,197.10408036030674,33.30290619648839,0
1595875256.9574356,198.90326325215244,33.30290619648839,0
1595875256.9674542,200.70660893238926,33.30290619648839,0
1595875256.9774373,202.50356022633457,33.30290619648839,0
1595875256.9874365,204.3034297636881,33.30290619648839,0
1595875256.9974458,206.1051017454996,33.30290619648839,0
1595875257.007451,207.90604416645908,33.30290619648839,0
1595875257.0174541,209.7066003493204,33.30290619648839,0
1595875257.027437,211.50350872792148,33.30290619648839,0
1595875257.0374434,213.30466572560215,33.30290619648839,0
1595875257.04745,215.10586563862705,33.30290619648839,0
1595875257.057448,216.90547768391514,33.30290619648839,0
1595875257.0674503,218.70590512074375,33.30290619648839,0
1595875257.0774467,220.5052596739664,33.30290619648839,0
1595875257.0874474,222.30538670338535,33.30290619648839,0
1595875257.097454,224.10658661641025,33.30290619648839,0
1595875257.1074507,225.90598408497715,33.30290619648839,0
1595875257.117447,227.70529572285557,33.30290619648839,0
1595875257.1274378,229.50366322316074,33.30290619648839,0
1595875257.1374426,231.30451981343174,33.30290619648839,0
1595875257.1474462,233.10516182698154,33.30290619648839,0
1595875257.1574368,234.90348641194248,33.30290619648839,0
1595875257.1674535,236.7064887694254,33.30290619648839,0
1595875257.177451,238.506014984025,33.30290619648839,0
1595875257.1874382,240.3037387541666,33.30290619648839,0
1595875257.197446,242.1051532439127,33.30290619648839,0
1595875257.207445,243.90493695057773,33.30290619648839,0
1595875257.2174356,245.70326153553867,33.30290619648839,0
1595875257.2274537,247.506521385087,33.30290619648839,0
1595875257.2374327,249.30274311818027,33.30290619648839,0
1595875257.2474413,251.10428635395908,33.30290619648839,0
1595875257.2574458,252.90510002888584,33.30290619648839,0
1595875257.2674513,254.70608536518955,33.30290619648839,0
1595875257.277449,256.5056544951334,33.30290619648839,0
1595875257.2874408,258.3041936568155,33.30290619648839,0
1595875257.297436,260.103333633317,33.30290619648839,0
1595875257.3074436,261.90470520771885,33.30290619648839,0
1595875257.3174405,263.70414559163,33.30290619648839,0
1595875257.327436,265.5033284834757,33.30290619648839,0
1595875257.337434,267.302983444108,33.30290619648839,0
1595875257.3474333,269.1028529814615,33.30290619648839,0
1595875257.3574326,270.90272251881504,33.30290619648839,0
1595875257.367446,272.7051240614786,33.30290619648839,0
1595875257.3774338,274.5029336623087,33.30290619648839,0
1595875257.3874536,276.3064939192667,33.30290619648839,0
1595875257.3974488,278.10563389576816,33.30290619648839,0
1595875257.4074342,279.90301434315586,33.30290619648839,0
1595875257.417447,281.70533005513096,33.30290619648839,0
1595875257.4274473,283.5053712538614,33.30290619648839,0
1595875257.4374433,285.3046399763956,33.30290619648839,0
1595875257.4474366,287.10343663014316,33.30290619648839,0
1595875257.4574492,288.905709426774,33.30290619648839,0
1595875257.4674501,290.7058793715372,33.30290619648839,0
1595875257.4774356,292.5032598189249,33.30290619648839,0
1595875257.487437,294.30351559437656,33.30290619648839,0
1595875257.4974391,296.10390011586094,33.30290619648839,0
1595875257.5074415,297.90432755268955,33.30290619648839,0
1595875257.517449,299.70565621174717,33.30290619648839,0
1595875257.527435,301.5031654051676,33.30290619648839,0
1595875257.5374465,303.30522362507725,33.30290619648839,0
1595875257.5474334,305.1028615645304,33.30290619648839,0
1595875257.5574327,306.9027311018839,33.30290619648839,0
1595875257.5674524,308.7062913588419,33.30290619648839,0
1595875257.5774379,310.5036718062296,33.30290619648839,0
1595875257.5874538,312.3065454176798,33.30290619648839,0
1595875257.5974338,314.10293881215,33.30290619648839,0
1595875257.6074424,315.9044820479288,33.30290619648839,0
1595875257.6174471,317.7053386381998,33.30290619648839,0
1595875257.6274338,319.5029336623087,33.30290619648839,0
1595875257.6374419,321.304391067399,33.30290619648839,0
1595875257.647438,323.10370270527744,33.30290619648839,0
1595875257.657452,324.90623299397373,33.30290619648839,0
1595875257.6674328,326.70275513447666,33.30290619648839,0
1595875257.6774487,328.50562874592686,33.30290619648839,0
1595875257.6874428,330.30455414570713,33.30290619648839,0
1595875257.6974323,332.1026641539469,33.30290619648839,0
1595875257.7074492,333.905709426774,33.30290619648839,0
1595875257.7174509,335.7060081175699,33.30290619648839,0
1595875257.7274442,337.5048047713175,33.30290619648839,0
1595875257.7374463,339.30518929280186,33.30290619648839,0
1595875257.7474391,341.10390011586094,33.30290619648839,0
1595875257.7574384,342.90376965321445,33.30290619648839,0
1595875257.7674513,344.70608536518955,33.30290619648839,0
1595875257.7774334,346.5028649977579,33.30290619648839,0
1595875257.787447,348.3053094557657,33.30290619648839,0
1595875257.7974522,350.1062518767252,33.30290619648839,0
1595875257.8074431,351.9046193770304,33.30290619648839,0
1595875257.81745,353.7058622053995,33.30290619648839,0
1595875257.82744,355.50405804432773,33.30290619648839,0
1595875257.8374362,357.30336968220615,33.30290619648839,0
1595875257.8474467,359.10525624073887,33.30290619648839,0
1595875257.8524227,360,33.30290619648839,1
1595875257.8524227,0,33.30290619648839,0
1595875257.8624387,35.10577980793858,33.30290619648839,0
1595875257.8724232,36.902988593949324,33.30290619648839,0
1595875257.882438,38.70564762867833,33.30290619648839,0
1595875257.8887172,39.83590904988194,33.30290619648839,0
1595875257.8887172,27.88513633491736,21.352133481523804,0
1595875257.8924425,28.555688588640503,21.352133481523804,0
1595875257.9024405,30.355343549272828,21.352133481523804,0
1595875257.9124315,32.15371104957801,21.352133481523804,0
1595875257.9224284,33.95315143348914,21.352133481523804,0
1595875257.9324288,35.75323554756385,21.352133481523804,0
1595875257.942427,37.55289050819617,21.352133481523804,0
1595875257.9524434,39.35584995033484,21.352133481523804,0
1595875257.9624352,41.15438911201697,21.352133481523804,0
1595875257.9724424,42.95567485573035,21.352133481523804,0
1595875257.982429,44.75326987983924,21.352133481523804,0
1595875257.992427,46.55292484047156,21.352133481523804,0
1595875258.0024426,48.35571262123328,21.352133481523804,0
1595875258.0124254,50.152620999834355,21.352133481523804,0
1595875258.022442,51.955623357317265,21.352133481523804,0
1595875258.032423,53.75218841316443,21.352133481523804,0
1595875258.042427,55.552916257402714,21.352133481523804,0
1595875258.0524404,57.35531780006629,21.352133481523804,0
1595875258.0624366,59.154629437944706,21.352133481523804,0
1595875258.072428,60.95308276893836,21.352133481523804,0
1595875258.0824246,62.75248023750525,21.352133481523804,0
1595875258.0924237,64.55230685951453,21.352133481523804,0
1595875258.1024232,66.35221931221228,21.352133481523804,0
1595875258.1124232,68.15221759559851,21.352133481523804,0
1595875258.1224349,69.95431873085242,21.352133481523804,0
1595875258.132435,71.75435992958289,21.352133481523804,0
1595875258.142434,73.55414363624793,21.352133481523804,0
1595875258.1524339,75.35414191963416,21.352133481523804,0
1595875258.1624286,77.15319606544715,21.352133481523804,0
1595875258.1724286,78.95319434883338,21.352133481523804,0
1595875258.1824367,80.75465175392371,21.352133481523804,0
1595875258.1924417,82.55555125953894,21.352133481523804,0
1595875258.2024372,84.35473415138465,21.352133481523804,0
1595875258.2124298,86.15340205909949,21.352133481523804,0
1595875258.2224298,87.95340034248572,21.352133481523804,0
1595875258.2324367,89.75464317085486,21.352133481523804,0
1595875258.242432,91.55382606270057,21.352133481523804,0
1595875258.2524233,93.35223647834998,21.352133481523804,0
1595875258.2624273,95.15296432258826,21.352133481523804,0
1595875258.2724335,96.95407840492469,21.352133481523804,0
1595875258.2824402,98.75527831794959,21.352133481523804,0
1595875258.2924283,100.5531308341239,21.352133481523804,0
1595875258.302441,102.35540363075476,21.352133481523804,0
1595875258.3124316,104.1537282157157,21.352133481523804,0
1595875258.322442,105.95561477424842,21.352133481523804,0
1595875258.332436,107.75454017402869,21.352133481523804,0
1595875258.3424299,109.55342265846473,21.352133481523804,0
1595875258.3524423,111.35565253975135,21.352133481523804,0
1595875258.362432,113.15380546333533,21.352133481523804,0
1595875258.37244,114.95526286842566,21.352133481523804,0
1595875258.3824406,116.75534698250037,21.352133481523804,0
1595875258.3924253,118.55259868385535,21.352133481523804,0
1595875258.4024389,120.35504314186316,21.352133481523804,0
1595875258.4124403,122.15529891731482,21.352133481523804,0
1595875258.4224293,123.9533230948661,21.352133481523804,0
1595875258.432437,125.75469466926795,21.352133481523804,0
1595875258.4424398,127.55520793678504,21.352133481523804,0
1595875258.452437,129.3546912360404,21.352133481523804,0
1595875258.4624388,131.15503284218053,21.352133481523804,0
1595875258.4724288,132.95322868110875,21.352133481523804,0
1595875258.482442,134.7555873084281,21.352133481523804,0
1595875258.4924247,136.55249568702916,21.352133481523804,0
1595875258.5024385,138.35498306038122,21.352133481523804,0
1595875258.512431,140.15360805275182,21.352133481523804,0
1595875258.522434,141.95416423561315,21.352133481523804,0
1595875258.5324268,143.75287505867223,21.352133481523804,0
1595875258.5424373,145.55476161720495,21.352133481523804,0
1595875258.5524368,147.3546740699027,21.352133481523804,0
1595875258.5624297,149.15338489296178,21.352133481523804,0
1595875258.5724294,150.95334026100377,21.352133481523804,0
1595875258.58244,152.7552268195365,21.352133481523804,0
1595875258.5924373,154.5547530341361,21.352133481523804,0
1595875258.6024296,156.3533780265067,21.352133481523804,0
1595875258.6124363,158.1545779395316,21.352133481523804,0
1595875258.6224384,159.95496246101598,21.352133481523804,0
1595875258.632431,161.75363036873082,21.352133481523804,0
1595875258.6424272,163.55294200660924,21.352133481523804,0
1595875258.6524277,165.35302612068395,21.352133481523804,0
1595875258.6624372,167.1547410178397,21.352133481523804,0
1595875258.6724358,168.9544818091605,21.352133481523804,0
1595875258.6824307,170.75357887031774,21.352133481523804,0
1595875258.6924417,172.55555125953893,21.352133481523804,0
1595875258.7024324,174.35387584449987,21.352133481523804,0
1595875258.7124236,176.15228626014928,21.352133481523804,0
1595875258.7224236,177.9522845435355,21.352133481523804,0
1595875258.7324395,179.7551581549857,21.352133481523804,0
1595875258.7424426,181.55571433784704,21.352133481523804,0
1595875258.7524366,183.3546397376273,21.352133481523804,0
1595875258.7624223,185.15206310035924,21.352133481523804,0
1595875258.7724276,186.95300552131872,21.352133481523804,0
1595875258.7824256,188.75266048195104,21.352133481523804,0
1595875258.7924275,190.55300208809118,21.352133481523804,0
1595875258.8024313,192.35368701698522,21.352133481523804,0
1595875258.8124218,194.15196868660192,21.352133481523804,0
1595875258.822435,195.95432731392125,21.352133481523804,0
1595875258.8324304,197.75351020576696,21.352133481523804,0
1595875258.8424382,199.55492469551305,21.352133481523804,0
1595875258.852429,201.353249280474,21.352133481523804,0
1595875258.8624334,203.15406295540075,21.352133481523804,0
1595875258.8724344,204.95423290016393,21.352133481523804,0
1595875258.88244,206.75526115181188,21.352133481523804,0
1595875258.8924255,208.55264159919957,21.352133481523804,0
1595875258.902433,210.3539702582572,21.352133481523804,0
1595875258.9124393,212.15512725593786,21.352133481523804,0
1595875258.922432,213.9537951636527,21.352133481523804,0
1595875258.9324324,215.7538792777274,21.352133481523804,0
1595875258.9424248,217.552504270098,21.352133481523804,0
1595875258.9524364,219.35460540535192,21.352133481523804,0
1595875258.962435,221.15434619667272,21.352133481523804,0
1595875258.9724293,222.95331451179723,21.352133481523804,0
1595875258.9824393,224.75511523964147,21.352133481523804,0
1595875258.992441,226.55541393043737,21.352133481523804,0
1595875259.0024357,228.35446807625036,21.352133481523804,0
1595875259.012425,230.15253516914586,21.352133481523804,0
1595875259.0224273,231.95296260597448,21.352133481523804,0
1595875259.032435,233.75433418037633,21.352133481523804,0
1595875259.0424345,235.5542466330741,21.352133481523804,0
1595875259.0524266,237.35282871010045,21.352133481523804,0
1595875259.0624402,239.15527316810827,21.352133481523804,0
1595875259.0724254,240.95261070015172,21.352133481523804,0
1595875259.082427,242.75290939094762,21.352133481523804,0
1595875259.0924368,244.55466720344762,21.352133481523804,0
1595875259.1024382,246.35492297889928,21.352133481523804,0
1595875259.112433,248.15397712471227,21.352133481523804,0
1595875259.1224382,249.95491954567174,21.352133481523804,0
1595875259.1324255,251.75264331581334,21.352133481523804,0
1595875259.1424377,253.55483028175573,21.352133481523804,0
1595875259.1524355,255.3544423270438,21.352133481523804,0
1595875259.1624327,257.1539256262992,21.352133481523804,0
1595875259.1724248,258.9525077033256,21.352133481523804,0
1595875259.182424,260.7523772406791,21.352133481523804,0
1595875259.1924407,262.555379598162,21.352133481523804,0
1595875259.2024374,264.3547770667289,21.352133481523804,0
1595875259.2124312,266.15365955116494,21.352133481523804,0
1595875259.222442,267.9555890250419,21.352133481523804,0
1595875259.2324247,269.75249740364296,21.352133481523804,0
1595875259.2424304,271.5535256552909,21.352133481523804,0
1595875259.2524383,273.354940145037,21.352133481523804,0
1595875259.2624424,275.1556679892753,21.352133481523804,0
1595875259.2724304,276.9535205054496,21.352133481523804,0
1595875259.2824283,278.7531325507377,21.352133481523804,0
1595875259.2924292,280.5533024955009,21.352133481523804,0
1595875259.3024392,282.3551032233451,21.352133481523804,0
1595875259.3124313,284.1536853003715,21.352133481523804,0
1595875259.3224342,285.95419856788857,21.352133481523804,0
1595875259.3324416,287.7555272269462,21.352133481523804,0
1595875259.3424368,289.55466720344765,21.352133481523804,0
1595875259.352434,291.354150502703,21.352133481523804,0
1595875259.3624318,293.1537625479911,21.352133481523804,0
1595875259.3724363,294.95457622291786,21.352133481523804,0
1595875259.3824272,296.75294372322304,21.352133481523804,0
1595875259.3924289,298.55324241401894,21.352133481523804,0
1595875259.402437,300.35469981910927,21.352133481523804,0
1595875259.4124298,302.15341064216835,21.352133481523804,0
1595875259.4224386,303.9549967932914,21.352133481523804,0
1595875259.4324303,305.7534930396293,21.352133481523804,0
1595875259.4424238,307.5523326087211,21.352133481523804,0
1595875259.4524224,309.3520734000419,21.352133481523804,0
1595875259.4624348,311.1543032813285,21.352133481523804,0
1595875259.4724276,312.9530141043876,21.352133481523804,0
1595875259.4824417,314.7555443930839,21.352133481523804,0
1595875259.4924262,316.5527531790946,21.352133481523804,0
1595875259.5024288,318.3532235312675,21.352133481523804,0
1595875259.5124214,320.1518914389823,21.352133481523804,0
1595875259.5224333,321.95403548958046,21.352133481523804,0
1595875259.5324306,323.7535617041801,21.352133481523804,0
1595875259.5424418,325.5555770087455,21.352133481523804,0
1595875259.552423,327.3521849799369,21.352133481523804,0
1595875259.562426,329.15274116279824,21.352133481523804,0
1595875259.572427,330.9529111075614,21.352133481523804,0
1595875259.5824313,332.75368186714394,21.352133481523804,0
1595875259.5924356,334.55445262672646,21.352133481523804,0
1595875259.6024337,336.3541075873588,21.352133481523804,0
1595875259.612437,338.15470668556435,21.352133481523804,0
1595875259.6224353,339.9544045615409,21.352133481523804,0
1595875259.63244,341.7552611518119,21.352133481523804,0
1595875259.6424398,343.5552165198539,21.352133481523804,0
1595875259.652422,345.35199615242226,21.352133481523804,0
1595875259.6624362,347.1545693564628,21.352133481523804,0
1595875259.6724398,348.9552113700126,21.352133481523804,0
1595875259.6824408,350.7553813147758,21.352133481523804,0
1595875259.6924272,352.5529334235404,21.352133481523804,0
1595875259.7024243,354.3524167227958,21.352133481523804,0
1595875259.712433,356.15400287391884,21.352133481523804,0
1595875259.7224398,357.95520278694374,21.352133481523804,0
1595875259.7324405,359.7553298163627,21.352133481523804,0
1595875259.7338004,360,21.352133481523804,1
1595875259.7338004,0,21.352133481523804,0
1595875259.7438133,23.154449193498902,21.352133481523804,0
1595875259.7538016,24.952344625017457,21.352133481523804,0
1595875259.763811,26.75405952217322,21.352133481523804,0
1595875259.773819,28.555474011919312,21.352133481523804,0
1595875259.7838118,30.354184834978394,21.352133481523804,0
1595875259.7875817,31.032762258074097,21.352133481523804,0
1595875259.7875817,21.72293358065187,12.042304804101576,0
1595875259.793817,22.84529857851564,12.042304804101576,0
1595875259.8038116,24.64430980898439,12.042304804101576,0
1595875259.8138182,26.44550972200929,12.042304804101576,0
1595875259.823801,28.242418100610365,12.042304804101576,0
1595875259.833806,30.0433176062256,12.042304804101576,0
1595875259.8438196,31.845762064233412,12.042304804101576,0
1595875259.8538077,33.64361458040773,12.042304804101576,0
1595875259.863802,35.44258289553224,12.042304804101576,0
1595875259.8738096,37.243954469934096,12.042304804101576,0
1595875259.8838115,39.04429607607423,12.042304804101576,0
1595875259.8938062,40.84335022188722,12.042304804101576,0
1595875259.9038134,42.6446359656006,12.042304804101576,0
1595875259.9138024,44.44266014315187,12.042304804101576,0
1595875259.923808,46.24368839479982,12.042304804101576,0
1595875259.9338124,48.04445915438234,12.042304804101576,0
1595875259.9438014,49.84248333193361,12.042304804101576,0
1595875259.9538176,51.64539985872804,12.042304804101576,0
1595875259.9638104,53.44411068178712,12.042304804101576,0
1595875259.973819,55.24565391756593,12.042304804101576,0
1595875259.9838006,57.042347719445814,12.042304804101576,0
1595875259.9938009,58.84238891817628,12.042304804101576,0
1595875260.0038009,60.642387201562514,12.042304804101576,0
1595875260.013807,62.44350128389894,12.042304804101576,0
1595875260.0238123,64.24444370485841,12.042304804101576,0
1595875260.0338073,66.04354076601564,12.042304804101576,0
1595875260.0438147,67.84486942507326,12.042304804101576,0
1595875260.053806,69.64332275606691,12.042304804101576,0
1595875260.063801,71.44241981722413,12.042304804101576,0
1595875260.073813,73.24456386782228,12.042304804101576,0
1595875260.0838122,75.0444334051758,12.042304804101576,0
1595875260.093818,76.84546165682374,12.042304804101576,0
1595875260.103806,78.64331417299806,12.042304804101576,0
1595875260.113807,80.44348411776124,12.042304804101576,0
1595875260.123806,82.24331073977052,12.042304804101576,0
1595875260.1338055,84.04322319246828,12.042304804101576,0
1595875260.1438017,85.8425348303467,12.042304804101576,0
1595875260.153804,87.6429622671753,12.042304804101576,0
1595875260.163807,89.4434755346924,12.042304804101576,0
1595875260.1738172,91.24531917788087,12.042304804101576,0
1595875260.183817,93.04527454592287,12.042304804101576,0
1595875260.1938114,94.84428577639162,12.042304804101576,0
1595875260.2038162,96.64514236666261,12.042304804101576,0
1595875260.213808,98.44368152834474,12.042304804101576,0
1595875260.2238047,100.24307899691163,12.042304804101576,0
1595875260.233801,102.04239063479005,12.042304804101576,0
1595875260.2438009,103.84238891817628,12.042304804101576,0
1595875260.2538104,105.64410381533204,12.042304804101576,0
1595875260.2638066,107.44341545321046,12.042304804101576,0
1595875260.2738173,109.24534492708742,12.042304804101576,0
1595875260.283817,111.04530029512941,12.042304804101576,0
1595875260.2938068,112.84345321871339,12.042304804101576,0
1595875260.303811,114.64422397829591,12.042304804101576,0
1595875260.3138034,116.44284897066652,12.042304804101576,0
1595875260.3238132,118.24460678316652,12.042304804101576,0
1595875260.3338015,120.04250221468507,12.042304804101576,0
1595875260.3438022,121.84262924410402,12.042304804101576,0
1595875260.3538108,123.64417247988283,12.042304804101576,0
1595875260.3638012,125.44245414949953,12.042304804101576,0
1595875260.3738046,127.24305324770509,12.042304804101576,0
1595875260.3838148,129.04489689089357,12.042304804101576,0
1595875260.3938096,130.84395103670656,12.042304804101576,0
1595875260.4038153,132.6449792883545,12.042304804101576,0
1595875260.4138079,134.44364719606935,12.042304804101576,0
1595875260.4238,136.24222927309572,12.042304804101576,0
1595875260.433804,138.042957117334,12.042304804101576,0
1595875260.4438,139.84222583986818,12.042304804101576,0
1595875260.453807,141.64351158358156,12.042304804101576,0
1595875260.4638045,143.44303779818117,12.042304804101576,0
1595875260.4738166,145.24522476412355,12.042304804101576,0
1595875260.4838123,147.0444505713135,12.042304804101576,0
1595875260.4938054,148.8432043097168,12.042304804101576,0
1595875260.5038075,150.64358883120119,12.042304804101576,0
1595875260.5138054,152.44320087648927,12.042304804101576,0
1595875260.5238075,154.24358539797365,12.042304804101576,0
1595875260.533806,156.04332618929445,12.042304804101576,0
1595875260.543805,157.8431098959595,12.042304804101576,0
1595875260.5538142,159.644781877771,12.042304804101576,0
1595875260.563818,161.44546680666505,12.042304804101576,0
1595875260.5738094,163.2439201376587,12.042304804101576,0
1595875260.5838022,165.0426309607178,12.042304804101576,0
1595875260.593815,166.84494667269288,12.042304804101576,0
1595875260.6038141,168.64477329470216,12.042304804101576,0
1595875260.6138058,170.44326954104005,12.042304804101576,0
1595875260.623818,172.24545650698244,12.042304804101576,0
1595875260.6338098,174.04399566866456,12.042304804101576,0
1595875260.6438015,175.84249191500246,12.042304804101576,0
1595875260.6538079,177.64364891268312,12.042304804101576,0
