Timestamp,Phase,Offset,Ping?
1595627359.0000951,59.940000000000005,0,0
1595627359.0101125,61.740727844238286,0.333,0
1595627359.0201144,63.54106945037842,0.333,0
1595627359.0301254,65.3430418395996,0.333,0
1595627359.040116,67.14136642456054,0.333,0
1595627359.0501182,68.94175094604492,0.333,0
1595627359.0601168,70.74149173736572,0.333,0
1595627359.0701146,72.5411037826538,0.333,0
1595627359.0801249,74.34294742584228,0.333,0
1595627359.090115,76.14118618011474,0.333,0
1595627359.1001265,77.94324440002441,0.333,0
1595627359.1101103,79.74032444000244,0.333,0
1595627359.1201227,81.54255432128906,0.333,0
1595627359.1301181,83.34173721313476,0.333,0
1595627359.1401126,85.14074844360351,0.333,0
1595627359.15011,86.94027465820312,0.333,0
1595627359.1601188,88.74186080932617,0.333,0
1595627359.1701179,90.54168743133545,0.333,0
1595627359.1801271,92.34335941314697,0.333,0
1595627359.1901095,94.14018196105957,0.333,0
1595627359.2001245,95.94288391113281,0.333,0
1595627359.210111,97.74043601989746,0.333,0
1595627359.2201188,99.54185050964355,0.333,0
1595627359.2301176,101.34163421630859,0.333,0
1595627359.2401273,103.14339202880859,0.333,0
1595627359.2501152,104.94120162963867,0.333,0
1595627359.2601163,106.74141448974609,0.333,0
1595627359.2701132,108.54085487365722,0.333,0
1595627359.2801216,110.3423551940918,0.333,0
1595627359.2901149,112.14115184783935,0.333,0
1595627359.300115,113.94119304656982,0.333,0
1595627359.310127,115.74333709716797,0.333,0
1595627359.3201146,117.5411037826538,0.333,0
1595627359.3301082,119.3399433517456,0.333,0
1595627359.3401148,121.1411432647705,0.333,0
1595627359.3482687,122.60884803771972,0.333,0
1595627359.3482687,129.83894517401413,0.37316720631274675,0
1595627359.350116,130.17145326117233,0.37316720631274675,0
1595627359.3601203,131.97222402075485,0.37316720631274675,0
1595627359.370118,133.7717931506987,0.37316720631274675,0
1595627359.380113,135.57089021185593,0.37316720631274675,0
1595627359.3901162,137.3714893100615,0.37316720631274675,0
1595627359.4001243,139.17294671515182,0.37316720631274675,0
1595627359.4101212,140.97238709906296,0.37316720631274675,0
1595627359.4201097,142.77032544592575,0.37316720631274675,0
1595627359.4301095,144.57028081396774,0.37316720631274675,0
1595627359.44011,146.37036492804245,0.37316720631274675,0
1595627359.450113,148.17092111090378,0.37316720631274675,0
1595627359.4601233,149.97276475409225,0.37316720631274675,0
1595627359.4701126,151.77083184698776,0.37316720631274675,0
1595627359.4801087,153.57014348486618,0.37316720631274675,0
1595627359.490123,155.3727166889067,0.37316720631274675,0
1595627359.5001261,157.17327287176803,0.37316720631274675,0
1595627359.510109,158.9701812503691,0.37316720631274675,0
1595627359.5201247,160.77301194647507,0.37316720631274675,0
1595627359.530108,162.57000615576462,0.37316720631274675,0
1595627359.540109,164.3701761005278,0.37316720631274675,0
1595627359.5501251,166.17309262732223,0.37316720631274675,0
1595627359.56011,167.97038724402145,0.37316720631274675,0
1595627359.5701098,169.77034261206344,0.37316720631274675,0
1595627359.5801244,171.5729587314482,0.37316720631274675,0
1595627359.5901198,173.3721416232939,0.37316720631274675,0
1595627359.60011,175.17038037756637,0.37316720631274675,0
1595627359.6101124,176.970807814395,0.37316720631274675,0
1595627359.6201172,178.77166440466598,0.37316720631274675,0
1595627359.630118,180.57179143408493,0.37316720631274675,0
1595627359.6401117,182.37067391852096,0.37316720631274675,0
1595627359.650122,184.17251756170944,0.37316720631274675,0
1595627359.66012,185.97217252234176,0.37316720631274675,0
1595627359.6701152,187.77131249884323,0.37316720631274675,0
1595627359.6801217,189.5724694965239,0.37316720631274675,0
1595627359.6901162,191.37148072699264,0.37316720631274675,0
1595627359.7001157,193.1713931796904,0.37316720631274675,0
1595627359.7101176,194.97173478583053,0.37316720631274675,0
1595627359.7201235,196.77280595282272,0.37316720631274675,0
1595627359.7301266,198.57336213568405,0.37316720631274675,0
1595627359.7401261,200.3732745883818,0.37316720631274675,0
1595627359.7501235,202.1728008029814,0.37316720631274675,0
1595627359.7601185,203.97189786413864,0.37316720631274675,0
1595627359.7701113,205.77060868719772,0.37316720631274675,0
1595627359.7801137,207.57103612402634,0.37316720631274675,0
1595627359.790112,209.3707340000029,0.37316720631274675,0
1595627359.8001208,211.17232015112594,0.37316720631274675,0
1595627359.8101168,212.97158887366012,0.37316720631274675,0
1595627359.8201175,214.77171590307907,0.37316720631274675,0
1595627359.8301175,216.5717141864653,0.37316720631274675,0
1595627359.8401127,218.37085416296676,0.37316720631274675,0
1595627359.8501205,220.17226865271286,0.37316720631274675,0
1595627359.860116,221.97145154455856,0.37316720631274675,0
1595627359.8701134,223.77097775915817,0.37316720631274675,0
1595627359.8801181,225.57183434942917,0.37316720631274675,0
1595627359.8901083,227.37007310370163,0.37316720631274675,0
1595627359.900125,229.17307546118454,0.37316720631274675,0
1595627359.9101093,230.97024133185104,0.37316720631274675,0
1595627359.9201133,232.77096917608932,0.37316720631274675,0
1595627359.9301193,234.5720403430815,0.37316720631274675,0
1595627359.9401188,236.37195279577926,0.37316720631274675,0
1595627359.9501145,238.1711786029692,0.37316720631274675,0
1595627359.960108,239.970018172061,0.37316720631274675,0
1595627359.97012,241.77216222265915,0.37316720631274675,0
1595627359.9801104,243.57044389227585,0.37316720631274675,0
1595627359.9901102,245.37039926031784,0.37316720631274675,0
1595627360.0001209,247.1723287341948,0.37316720631274675,0
1595627360.01011,248.97035291174606,0.37316720631274675,0
1595627360.020115,250.7712524173613,0.37316720631274675,0
1595627360.0301228,252.5726669071074,0.37316720631274675,0
1595627360.0401108,254.3705194232817,0.37316720631274675,0
1595627360.0501218,256.1724918125029,0.37316720631274675,0
1595627360.0601194,257.9720609424468,0.37316720631274675,0
1595627360.0701082,259.7700422046538,0.37316720631274675,0
1595627360.0801136,261.5710275409575,0.37316720631274675,0
1595627360.0901113,263.37059667090136,0.37316720631274675,0
1595627360.1001256,265.1731698749419,0.37316720631274675,0
1595627360.1101162,266.97149445990283,0.37316720631274675,0
1595627360.1201243,268.77295186499316,0.37316720631274675,0
1595627360.1301117,270.57067563513476,0.37316720631274675,0
1595627360.140119,272.3720042941924,0.37316720631274675,0
1595627360.1501074,274.16989972571093,0.37316720631274675,0
1595627360.1601226,275.9726445911284,0.37316720631274675,0
1595627360.170116,277.771441244876,0.37316720631274675,0
1595627360.1801157,279.57139661291797,0.37316720631274675,0
1595627360.19012,281.3721673725005,0.37316720631274675,0
1595627360.200112,283.17074944952685,0.37316720631274675,0
1595627360.2101247,284.9730222461577,0.37316720631274675,0
1595627360.220112,286.7707460162993,0.37316720631274675,0
1595627360.2301152,288.57130219916064,0.37316720631274675,0
1595627360.240117,290.3716438053008,0.37316720631274675,0
1595627360.2501135,292.17099835852343,0.37316720631274675,0
1595627360.260111,293.9705674884673,0.37316720631274675,0
1595627360.2701263,295.77331235388476,0.37316720631274675,0
1595627360.280117,297.5716369388457,0.37316720631274675,0
1595627360.2901113,299.3706052539702,0.37316720631274675,0
1595627360.3001182,301.17184808233935,0.37316720631274675,0
1595627360.3101165,302.9715459583159,0.37316720631274675,0
1595627360.3201072,304.76987054327685,0.37316720631274675,0
1595627360.3301136,306.5710275409575,0.37316720631274675,0
1595627360.3401072,308.3698671100493,0.37316720631274675,0
1595627360.350121,310.17235448340136,0.37316720631274675,0
1595627360.360113,311.9708936450835,0.37316720631274675,0
1595627360.3701143,313.77114942053515,0.37316720631274675,0
1595627360.3801124,315.5708043811675,0.37316720631274675,0
1595627360.3901114,317.37063100317675,0.37316720631274675,0
1595627360.400124,319.1729037998076,0.37316720631274675,0
1595627360.4101117,320.97067048529345,0.37316720631274675,0
1595627360.4201195,322.77208497503955,0.37316720631274675,0
1595627360.4301088,324.57015206793506,0.37316720631274675,0
1595627360.4401248,326.37302567938525,0.37316720631274675,0
1595627360.4501092,328.170234465396,0.37316720631274675,0
1595627360.4601142,329.9711339710112,0.37316720631274675,0
1595627360.470121,331.77233388403613,0.37316720631274675,0
1595627360.480115,333.5712592838164,0.37316720631274675,0
1595627360.4901202,335.3722017047759,0.37316720631274675,0
1595627360.5001147,337.1712129352446,0.37316720631274675,0
1595627360.5101073,338.96988084295947,0.37316720631274675,0
1595627360.5201101,340.77039411047656,0.37316720631274675,0
1595627360.5301259,342.5732248065825,0.37316720631274675,0
1595627360.5401256,344.3731801746245,0.37316720631274675,0
1595627360.5501184,346.1718909976836,0.37316720631274675,0
1595627360.5601249,347.97304799536425,0.37316720631274675,0
1595627360.5701153,349.77132966498095,0.37316720631274675,0
1595627360.5801258,351.57321622351367,0.37316720631274675,0
1595627360.5901103,353.3704250095244,0.37316720631274675,0
1595627360.6001194,355.1720540759917,0.37316720631274675,0
1595627360.6101203,356.9722240207549,0.37316720631274675,0
1595627360.6201103,358.7704198596831,0.37316720631274675,0
1595627360.6269565,360,0.37316720631274675,1
1595627360.6269565,0,0,0
1595627360.6369593,1.8005132675170898,0,0
1595627360.6469605,3.6007261276245117,0,0
1595627360.6569686,5.402183532714844,0,0
1595627360.666962,7.200980186462402,0,0
1595627360.6769664,9.00179386138916,0,0
1595627360.686957,10.80007553100586,0,0
1595627360.6969626,12.601103782653809,0,0
1595627360.7069683,14.402132034301758,0,0
1595627360.7169638,16.20131492614746,0,0
1595627360.7269666,18.00182819366455,0,0
1595627360.7369666,19.80182647705078,0,0
1595627360.7469587,21.60040855407715,0,0
1595627360.7569585,23.40036392211914,0,0
1595627360.7669601,25.20066261291504,0,0
1595627360.7769628,27.00113296508789,0,0
1595627360.7869582,28.800315856933594,0,0
1595627360.7969592,30.600485801696777,0,0
1595627360.8069623,32.401041984558105,0,0
1595627360.816974,34.20314311981201,0,0
1595627360.8269622,36.001038551330566,0,0
1595627360.8369653,37.801594734191895,0,0
1595627360.8469727,39.60292339324951,0,0
1595627360.8569634,41.40124797821045,0,0
1595627360.8669627,43.201117515563965,0,0
1595627360.8769677,45.0020170211792,0,0
1595627360.886961,46.80081367492676,0,0
1595627360.8969564,48.59999656677246,0,0
1595627360.9069605,50.40072441101074,0,0
1595627360.9169602,52.200679779052734,0,0
1595627360.926968,54.00209426879883,0,0
1595627360.936961,55.80080509185791,0,0
1595627360.9469645,57.601447105407715,0,0
1595627360.9569685,59.402174949645996,0,0
1595627360.966958,61.20028495788574,0,0
1595627360.9769664,63.00178527832031,0,0
1595627360.9869742,64.8031997680664,0,0
1595627360.9969628,66.6011381149292,0,0
1595627361.0069635,68.40126514434814,0,0
1595627361.0169613,70.20087718963623,0,0
1595627361.0269668,72.00186252593994,0,0
1595627361.0369642,73.80138874053955,0,0
1595627361.0469637,75.6013011932373,0,0
1595627361.0569744,77.40323066711426,0,0
1595627361.0669625,79.20108318328857,0,0
1595627361.0769653,81.00159645080566,0,0
1595627361.086971,82.80262470245361,0,0
1595627361.0969658,84.6016788482666,0,0
1595627361.1069615,86.40090465545654,0,0
1595627361.116974,88.2031774520874,0,0
1595627361.126972,90.00278949737549,0,0
1595627361.1369565,91.79999828338623,0,0
1595627361.146968,93.6020565032959,0,0
1595627361.1569748,95.40329933166504,0,0
1595627361.1669664,97.20179557800293,0,0
1595627361.1769688,99.00222301483154,0,0
1595627361.1869648,100.80149173736572,0,0
1595627361.196974,102.60316371917725,0,0
1595627361.2069638,104.40131664276123,0,0
1595627361.2169638,106.20131492614746,0,0
1595627361.226958,108.00028324127197,0,0
1595627361.236975,109.80332851409912,0,0
1595627361.2433596,110.95255851745605,0,0
1595627361.2433596,117.49478809096223,0.0363457198528121,0
1595627361.2469566,118.14225188948518,0.0363457198528121,0
1595627361.2569656,119.94388095595247,0.0363457198528121,0
1595627361.266968,121.74430839278108,0.0363457198528121,0
1595627361.276971,123.5448645756424,0.0363457198528121,0
1595627361.28696,125.34284583784944,0.0363457198528121,0
1595627361.2969732,127.14524738051301,0.0363457198528121,0
1595627361.30696,128.94288531996614,0.0363457198528121,0
1595627361.3169577,130.74245444990999,0.0363457198528121,0
1595627361.3269732,132.5452422306717,0.0363457198528121,0
1595627361.3369577,134.34245101668245,0.0363457198528121,0
1595627361.3469698,136.14463798262483,0.0363457198528121,0
1595627361.3569648,137.94373504378206,0.0363457198528121,0
1595627361.366972,139.74502078749543,0.0363457198528121,0
1595627361.3769593,141.54274455763704,0.0363457198528121,0
1595627361.3869662,143.34398738600618,0.0363457198528121,0
1595627361.396964,145.14359943129426,0.0363457198528121,0
1595627361.406958,146.94252483107454,0.0363457198528121,0
1595627361.4169567,148.74226562239534,0.0363457198528121,0
1595627361.4269598,150.54282180525666,0.0363457198528121,0
1595627361.4369595,152.34277717329866,0.0363457198528121,0
1595627361.4469702,154.1447066471756,0.0363457198528121,0
1595627361.4569693,155.9445332691849,0.0363457198528121,0
1595627361.4669611,157.74307243086702,0.0363457198528121,0
1595627361.4769728,159.54517356612092,0.0363457198528121,0
1595627361.4869688,161.3444422886551,0.0363457198528121,0
1595627361.4969563,163.14220897414094,0.0363457198528121,0
1595627361.5069747,164.94551173903352,0.0363457198528121,0
1595627361.5169587,166.7426346943558,0.0363457198528121,0
1595627361.526967,168.54413501479036,0.0363457198528121,0
1595627361.5369742,170.34542075850374,0.0363457198528121,0
1595627361.546958,172.14250079848176,0.0363457198528121,0
1595627361.5569558,173.94211284376985,0.0363457198528121,0
1595627361.5669584,175.7425831959427,0.0363457198528121,0
1595627361.5769572,177.54236690260774,0.0363457198528121,0
1595627361.5869641,179.34360973097688,0.0363457198528121,0
1595627361.5969582,181.14253513075715,0.0363457198528121,0
1595627361.6069577,182.9424475834549,0.0363457198528121,0
1595627361.616965,184.74377624251252,0.0363457198528121,0
1595627361.626956,186.5421437428177,0.0363457198528121,0
1595627361.6369698,188.34463111616975,0.0363457198528121,0
1595627361.6469696,190.14458648421174,0.0363457198528121,0
1595627361.656972,191.94501392104036,0.0363457198528121,0
1595627361.6669617,193.74316684462434,0.0363457198528121,0
1595627361.676961,195.54303638197786,0.0363457198528121,0
1595627361.6869588,197.34264842726594,0.0363457198528121,0
1595627361.6969585,199.14260379530793,0.0363457198528121,0
1595627361.7069738,200.94534866072541,0.0363457198528121,0
1595627361.716963,202.74341575362092,0.0363457198528121,0
1595627361.7269697,204.54461566664583,0.0363457198528121,0
1595627361.73697,206.3446568653763,0.0363457198528121,0
1595627361.7469556,208.14208022810823,0.0363457198528121,0
1595627361.7569609,209.9430226490677,0.0363457198528121,0
1595627361.7669723,211.74508086897737,0.0363457198528121,0
1595627361.7769558,213.54211799361116,0.0363457198528121,0
1595627361.7869725,215.34512035109407,0.0363457198528121,0
1595627361.796971,217.14486114241487,0.0363457198528121,0
1595627361.8069572,218.94237033583528,0.0363457198528121,0
1595627361.8169568,220.74228278853303,0.0363457198528121,0
1595627361.826964,222.5435685322464,0.0363457198528121,0
1595627361.8369665,224.34403888441926,0.0363457198528121,0
1595627361.8469656,226.14386550642854,0.0363457198528121,0
1595627361.8569562,227.94219009138948,0.0363457198528121,0
1595627361.866973,229.7451924488724,0.0363457198528121,0
1595627361.8769703,231.544718663472,0.0363457198528121,0
1595627361.8869677,233.3442448780716,0.0363457198528121,0
1595627361.896961,235.14304153181916,0.0363457198528121,0
1595627361.9069607,236.94299689986116,0.0363457198528121,0
1595627361.9169703,238.74471179701692,0.0363457198528121,0
1595627361.9269676,240.54423801161653,0.0363457198528121,0
1595627361.9369667,242.3440646336258,0.0363457198528121,0
1595627361.9469552,244.1420029804886,0.0363457198528121,0
1595627361.9569573,245.94238750197297,0.0363457198528121,0
1595627361.9669583,247.74255744673616,0.0363457198528121,0
1595627361.9769697,249.54461566664583,0.0363457198528121,0
1595627361.986958,251.34251109816438,0.0363457198528121,0
1595627361.99696,253.14285270430452,0.0363457198528121,0
1595627362.006966,254.94396678664094,0.0363457198528121,0
1595627362.016963,256.7434071705521,0.0363457198528121,0
1595627362.02697,258.5446499989212,0.0363457198528121,0
1595627362.0369585,260.342588345784,0.0363457198528121,0
1595627362.0469723,262.14507571913606,0.0363457198528121,0
1595627362.0569658,263.94391528822786,0.0363457198528121,0
1595627362.0669596,265.7427977726639,0.0363457198528121,0
1595627362.076955,267.5419806645096,0.0363457198528121,0
1595627362.0869615,269.34313766219026,0.0363457198528121,0
1595627362.096971,271.144852559346,0.0363457198528121,0
1595627362.1069567,272.94227592207795,0.0363457198528121,0
1595627362.1169639,274.74356166579133,0.0363457198528121,0
1595627362.1269574,276.54240123488313,0.0363457198528121,0
1595627362.1369598,278.34282867171174,0.0363457198528121,0
1595627362.1469646,280.14368526198274,0.0363457198528121,0
1595627362.156965,281.94376937605745,0.0363457198528121,0
1595627362.1669695,283.7445830509842,0.0363457198528121,0
1595627362.176957,285.5423068211258,0.0363457198528121,0
1595627362.186972,287.34500877119905,0.0363457198528121,0
1595627362.1969564,289.1422175572098,0.0363457198528121,0
1595627362.206962,290.94324580885774,0.0363457198528121,0
1595627362.2169614,292.74311534621125,0.0363457198528121,0
1595627362.2269723,294.54508773543245,0.0363457198528121,0
1595627362.2369723,296.3450860188187,0.0363457198528121,0
1595627362.2469604,298.142938534993,0.0363457198528121,0
1595627362.256956,299.94216434218293,0.0363457198528121,0
1595627362.2669635,301.74349300124055,0.0363457198528121,0
1595627362.2769613,303.54310504652864,0.0363457198528121,0
1595627362.2869666,305.3440474674881,0.0363457198528121,0
1595627362.2969637,307.1435307667435,0.0363457198528121,0
1595627362.3069599,308.9428424046219,0.0363457198528121,0
1595627362.316965,310.7437848255814,0.0363457198528121,0
1595627362.326973,312.54519931532747,0.0363457198528121,0
1595627362.336973,314.3451975987137,0.0363457198528121,0
1595627362.3469615,316.1431359455765,0.0363457198528121,0
1595627362.356971,317.94485084273225,0.0363457198528121,0
1595627362.3669622,319.74326125838166,0.0363457198528121,0
1595627362.3769696,321.5445899174393,0.0363457198528121,0
1595627362.3869567,323.34227077223665,0.0363457198528121,0
1595627362.3969562,325.1421832249344,0.0363457198528121,0
1595627362.4069693,326.94454185225374,0.0363457198528121,0
1595627362.4169612,328.74308101393586,0.0363457198528121,0
1595627362.4269643,330.5436371967972,0.0363457198528121,0
1595627362.4369657,332.34389297224885,0.0363457198528121,0
1595627362.4469614,334.1431187794388,0.0363457198528121,0
1595627362.4569654,335.9438466236771,0.0363457198528121,0
1595627362.4669685,337.7444028065384,0.0363457198528121,0
1595627362.47696,339.54285613753206,0.0363457198528121,0
1595627362.4869568,341.3422965214432,0.0363457198528121,0
1595627362.4969673,343.1441830799759,0.0363457198528121,0
1595627362.5069628,344.9433659718216,0.0363457198528121,0
1595627362.5169668,346.7440938160599,0.0363457198528121,0
1595627362.5269732,348.54525081374055,0.0363457198528121,0
1595627362.5369728,350.3451632664383,0.0363457198528121,0
1595627362.5469658,352.1439170048416,0.0363457198528121,0
1595627362.556962,353.94322864272004,0.0363457198528121,0
1595627362.566959,355.7426690266312,0.0363457198528121,0
1595627362.5769737,357.5453280613602,0.0363457198528121,0
1595627362.5869663,359.343995969075,0.0363457198528121,0
1595627362.5906289,360,0.0363457198528121,1
1595627362.5906289,0,0,0
1595627362.6006465,1.8031740188598633,0,0
1595627362.6106367,3.601412773132324,0,0
1595627362.6206288,5.399994850158691,0,0
1595627362.6306431,7.202568054199219,0,0
1595627362.6406412,9.002223014831543,0,0
1595627362.6506383,10.801706314086914,0,0
1595627362.6606445,12.60282039642334,0,0
1595627362.6706302,14.400243759155273,0,0
1595627362.680631,16.20037078857422,0,0
1595627362.6906433,18.00260066986084,0,0
1595627362.700637,19.801483154296875,0,0
1595627362.7106338,21.60088062286377,0,0
1595627362.7206402,23.402037620544434,0,0
1595627362.7306411,25.202207565307617,0,0
1595627362.740644,27.002720832824707,0,0
1595627362.750641,28.802204132080078,0,0
1595627362.760636,30.601301193237305,0,0
1595627362.7706342,32.40095615386963,0,0
1595627362.7806408,34.20215606689453,0,0
1595627362.7906325,36.00065231323242,0,0
1595627362.800632,37.800564765930176,0,0
1595627362.8106406,39.602108001708984,0,0
1595627362.820633,41.40073299407959,0,0
1595627362.8306453,43.20296287536621,0,0
1595627362.8406374,45.00154495239258,0,0
1595627362.8506455,46.80300235748291,0,0
1595627362.8606405,48.60209941864014,0,0
1595627362.870637,50.40145397186279,0,0
1595627362.8806298,52.200164794921875,0,0
1595627362.8906476,54.00338172912598,0,0
1595627362.900646,55.80307960510254,0,0
1595627362.9106324,57.60063171386719,0,0
1595627362.9206333,59.40080165863037,0,0
1595627362.9306448,61.20285987854004,0,0
1595627362.9406462,63.0031156539917,0,0
1595627362.9506478,64.8034143447876,0,0
1595627362.9606302,66.6002368927002,0,0
1595627362.9706457,68.40302467346191,0,0
1595627362.980632,70.20057678222656,0,0
1595627362.99064,72.00199127197266,0,0
1595627363.0006418,73.8023328781128,0,0
1595627363.0106347,75.60104370117188,0,0
1595627363.0206363,77.40134239196777,0,0
1595627363.0306287,79.19996738433838,0,0
1595627363.04063,81.00022315979004,0,0
1595627363.0506477,82.8033971786499,0,0
1595627363.0606394,84.6018934249878,0,0
1595627363.0706367,86.4014196395874,0,0
1595627363.0806375,88.20154666900635,0,0
1595627363.090639,90.00184535980225,0,0
1595627363.1006422,91.80240154266357,0,0
1595627363.1106336,93.60085487365723,0,0
1595627363.1206343,95.40098190307617,0,0
1595627363.1259496,96.35773658752441,0,0
1595627363.1259496,102.13242186142011,0.03208158485497614,0
1595627363.130643,102.97721041275068,0.03208158485497614,0
1595627363.140633,104.77544916702314,0.03208158485497614,0
1595627363.1506314,106.5751470429997,0.03208158485497614,0
1595627363.160633,108.3754457337956,0.03208158485497614,0
1595627363.1706362,110.17600191665693,0.03208158485497614,0
1595627363.180635,111.97578562332197,0.03208158485497614,0
1595627363.1906335,113.77552641464277,0.03208158485497614,0
1595627363.2006364,115.57603968215986,0.03208158485497614,0
1595627363.2106426,117.37715376449628,0.03208158485497614,0
1595627363.2206326,119.17534960342451,0.03208158485497614,0
1595627363.2306468,120.97792280746503,0.03208158485497614,0
1595627363.2406423,122.77710569931074,0.03208158485497614,0
1595627363.2506428,124.57718981338544,0.03208158485497614,0
1595627363.2606337,126.37555731369062,0.03208158485497614,0
1595627363.2706332,128.17546976638837,0.03208158485497614,0
1595627363.2806442,129.97744215560957,0.03208158485497614,0
1595627363.290638,131.7763246400456,0.03208158485497614,0
1595627363.300639,133.57649458480878,0.03208158485497614,0
1595627363.3106306,135.37499083114668,0.03208158485497614,0
1595627363.320637,137.17614782882734,0.03208158485497614,0
1595627363.330642,138.97704733444257,0.03208158485497614,0
1595627363.340629,140.77472818923994,0.03208158485497614,0
1595627363.3506432,142.57725847793623,0.03208158485497614,0
1595627363.3606443,144.37747133804365,0.03208158485497614,0
1595627363.3706377,146.1762679917912,0.03208158485497614,0
1595627363.380631,147.97506464553877,0.03208158485497614,0
1595627363.3906338,149.77557791305586,0.03208158485497614,0
1595627363.4006436,151.57733572555586,0.03208158485497614,0
1595627363.4106395,153.37660444809003,0.03208158485497614,0
1595627363.4206436,155.17733229232832,0.03208158485497614,0
1595627363.4306383,156.9763864381413,0.03208158485497614,0
1595627363.440642,158.77707136703535,0.03208158485497614,0
1595627363.4506469,160.57792795730634,0.03208158485497614,0
1595627363.4606442,162.37745417190595,0.03208158485497614,0
1595627363.4706345,164.1756929261784,0.03208158485497614,0
1595627363.480634,165.97560537887617,0.03208158485497614,0
1595627363.4906425,167.77714861465498,0.03208158485497614,0
1595627363.5006444,169.5774902207951,0.03208158485497614,0
1595627363.5106337,171.37555731369062,0.03208158485497614,0
1595627363.52064,173.17667139602705,0.03208158485497614,0
1595627363.5306318,174.97521055770918,0.03208158485497614,0
1595627363.5406337,176.7755521638493,0.03208158485497614,0
1595627363.5506353,178.5758508546452,0.03208158485497614,0
1595627363.56064,180.37670744491624,0.03208158485497614,0
1595627363.5706282,182.17455996109055,0.03208158485497614,0
1595627363.5806422,183.97709024978684,0.03208158485497614,0
1595627363.5906365,185.77605856491135,0.03208158485497614,0
1595627363.6006384,187.5764001710515,0.03208158485497614,0
1595627363.6106417,189.37699926925706,0.03208158485497614,0
1595627363.6206422,191.17708338333176,0.03208158485497614,0
1595627363.6306465,192.97785414291428,0.03208158485497614,0
1595627363.640632,194.77523459030198,0.03208158485497614,0
1595627363.6506312,196.5751041276555,0.03208158485497614,0
1595627363.660631,198.37505949569749,0.03208158485497614,0
1595627363.6706293,200.17475737167405,0.03208158485497614,0
1595627363.6806357,201.9759143693547,0.03208158485497614,0
1595627363.6906316,203.7751830918889,0.03208158485497614,0
1595627363.7006333,205.5754817826848,0.03208158485497614,0
1595627363.7106416,207.37698210311936,0.03208158485497614,0
1595627363.7206435,209.1773237092595,0.03208158485497614,0
1595627363.7306302,210.97491873336838,0.03208158485497614,0
1595627363.7406385,212.77641905380295,0.03208158485497614,0
1595627363.7506316,214.57517279220627,0.03208158485497614,0
1595627363.760646,216.37778891159104,0.03208158485497614,0
1595627363.7706354,218.17585600448655,0.03208158485497614,0
1595627363.7806356,219.97589720321702,0.03208158485497614,0
1595627363.790633,221.77542341781663,0.03208158485497614,0
1595627363.8006315,223.57516420913743,0.03208158485497614,0
1595627363.8106358,225.37593496871995,0.03208158485497614,0
1595627363.820628,227.1745170457463,0.03208158485497614,0
1595627363.8306413,228.9769185884099,0.03208158485497614,0
1595627363.84063,230.77489985061692,0.03208158485497614,0
1595627363.8506455,232.57768763137864,0.03208158485497614,0
1595627363.8606448,234.37755716873215,0.03208158485497614,0
1595627363.870629,236.17472303939866,0.03208158485497614,0
1595627363.8806362,237.97600878311204,0.03208158485497614,0
1595627363.8906362,239.77600706649827,0.03208158485497614,0
1595627363.900633,241.5754474504094,0.03208158485497614,0
1595627363.9106464,243.37784899307297,0.03208158485497614,0
1595627363.920646,245.17776144577073,0.03208158485497614,0
1595627363.930646,246.97775972915696,0.03208158485497614,0
1595627363.9406338,248.77556932998704,0.03208158485497614,0
1595627363.9506452,250.5776275498967,0.03208158485497614,0
1595627363.960644,252.37741125656174,0.03208158485497614,0
1595627363.9706275,254.17444838119553,0.03208158485497614,0
1595627363.9806347,255.9757341249089,0.03208158485497614,0
1595627363.9906328,257.77538908554124,0.03208158485497614,0
1595627364.0006351,259.57581652236985,0.03208158485497614,0
1595627364.0106437,261.37735975814866,0.03208158485497614,0
1595627364.020635,263.17577017379807,0.03208158485497614,0
1595627364.0306447,264.97752798629807,0.03208158485497614,0
1595627364.0406349,266.77576674057053,0.03208158485497614,0
1595627364.0506303,268.57494963241624,0.03208158485497614,0
1595627364.0606372,270.3761924607854,0.03208158485497614,0
1595627364.0706306,272.17498911453293,0.03208158485497614,0
1595627364.0806344,273.975674043427,0.03208158485497614,0
1595627364.0906427,275.77717436386155,0.03208158485497614,0
1595627364.1006358,277.57592810226487,0.03208158485497614,0
1595627364.1106305,279.37498224807786,0.03208158485497614,0
1595627364.1206465,281.17785585952805,0.03208158485497614,0
1595627364.1306431,282.97725332809495,0.03208158485497614,0
1595627364.1406384,284.7763933045964,0.03208158485497614,0
1595627364.1506324,286.5753187043767,0.03208158485497614,0
1595627364.1606393,288.3765615327458,0.03208158485497614,0
1595627364.170639,290.1765169007878,0.03208158485497614,0
1595627364.1806412,291.9769014222722,0.03208158485497614,0
1595627364.1906328,293.7753976686101,0.03208158485497614,0
1595627364.2006347,295.5757392747502,0.03208158485497614,0
1595627364.2106314,297.3751367433171,0.03208158485497614,0
1595627364.2206442,299.1774524552922,0.03208158485497614,0
1595627364.2306437,300.97736490798997,0.03208158485497614,0
1595627364.2406282,302.7745736940007,0.03208158485497614,0
1595627364.2506394,304.57658899856614,0.03208158485497614,0
1595627364.2606285,306.3746131761174,0.03208158485497614,0
1595627364.2706447,308.17752970291184,0.03208158485497614,0
1595627364.280631,309.9750818116765,0.03208158485497614,0
1595627364.2906425,311.77714003158616,0.03208158485497614,0
1595627364.3006394,313.5765804154973,0.03208158485497614,0
1595627364.3106325,315.3753341539006,0.03208158485497614,0
1595627364.3206358,317.1759332521062,0.03208158485497614,0
1595627364.3306274,318.97442949844407,0.03208158485497614,0
1595627364.3406303,320.77494276596116,0.03208158485497614,0
1595627364.3506286,322.5746406419377,0.03208158485497614,0
1595627364.3606439,324.3773855073552,0.03208158485497614,0
1595627364.3706398,326.1766542298894,0.03208158485497614,0
1595627364.3806362,327.97600878311204,0.03208158485497614,0
1595627364.3906372,329.7761787278752,0.03208158485497614,0
1595627364.4006333,331.57549036575364,0.03208158485497614,0
1595627364.4106302,333.37493074966477,0.03208158485497614,0
1595627364.4206443,335.17746103836106,0.03208158485497614,0
1595627364.430642,336.9770301683049,0.03208158485497614,0
1595627364.4406307,338.77501143051194,0.03208158485497614,0
1595627364.4506302,340.5749238832097,0.03208158485497614,0
1595627364.4606435,342.37732542587327,0.03208158485497614,0
1595627364.4706402,344.17672289444016,0.03208158485497614,0
1595627364.480629,345.9747041566472,0.03208158485497614,0
1595627364.4906366,347.77607573104905,0.03208158485497614,0
1595627364.5006454,349.5776618821721,0.03208158485497614,0
1595627364.510643,351.37723101211594,0.03208158485497614,0
1595627364.5206285,353.17461145950364,0.03208158485497614,0
1595627364.5306287,354.9746526582341,0.03208158485497614,0
1595627364.540637,356.7761529786687,0.03208158485497614,0
1595627364.5506437,358.5773528916936,0.03208158485497614,0
1595627364.558563,360,0.03208158485497614,1
1595627364.558563,0,0,0
1595627364.568577,1.802530288696289,0,0
1595627364.57857,3.601241111755371,0,0
1595627364.5885696,5.401196479797363,0,0
1595627364.5985675,7.200808525085449,0,0
1595627364.6085753,9.002223014831543,0,0
1595627364.6185682,10.800933837890625,0,0
1595627364.6285815,12.6033353805542,0,0
1595627364.6385746,14.40208911895752,0,0
1595627364.6485693,16.201143264770508,0,0
1595627364.6585758,18.002300262451172,0,0
1595627364.6685796,19.802985191345215,0,0
1595627364.6785643,21.600236892700195,0,0
1595627364.6885726,23.401737213134766,0,0
1595627364.6985662,25.200576782226562,0,0
1595627364.7085679,27.00087547302246,0,0
1595627364.718575,28.80216121673584,0,0
1595627364.7285779,30.60267448425293,0,0
1595627364.738577,32.40250110626221,0,0
1595627364.7485635,34.200096130371094,0,0
1595627364.7585697,36.00121021270752,0,0
1595627364.7685783,37.80275344848633,0,0
1595627364.7785728,39.60176467895508,0,0
1595627364.788573,41.40180587768555,0,0
1595627364.798563,43.20000171661377,0,0
1595627364.8085818,45.003390312194824,0,0
1595627364.8185768,46.80248737335205,0,0
1595627364.828564,48.600168228149414,0,0
1595627364.8385706,50.401368141174316,0,0
1595627364.848569,52.20106601715088,0,0
1595627364.8585708,54.001407623291016,0,0
1595627364.8685803,55.80312252044678,0,0
1595627364.878563,57.59998798370361,0,0
1595627364.8885772,59.40256118774414,0,0
1595627364.8985655,61.200456619262695,0,0
1595627364.9085684,63.000969886779785,0,0
1595627364.9185793,64.80294227600098,0,0
1595627364.92858,66.60306930541992,0,0
1595627364.93857,68.40126514434814,0,0
1595627364.9485755,70.20225048065186,0,0
1595627364.958573,72.0018196105957,0,0
1595627364.9685738,73.80194664001465,0,0
1595627364.9785666,75.60065746307373,0,0
1595627364.9885547,77.39850997924805,0,0
1595627364.9885547,82.31171930860972,0.027295607385342646,0
1595627364.988662,82.33103121351695,0.027295607385342646,0
1595627364.9985695,84.11437834333873,0.027295607385342646,0
1595627365.0085814,85.91652239393687,0.027295607385342646,0
1595627365.0185733,87.715061555619,0.027295607385342646,0
1595627365.0285647,89.51351488661265,0.027295607385342646,0
1595627365.0385802,91.31630266737437,0.027295607385342646,0
1595627365.04858,93.11625803541637,0.027295607385342646,0
1595627365.058564,94.91338099073863,0.027295607385342646,0
1595627365.068574,96.71518171858287,0.027295607385342646,0
1595627365.0785723,98.51487959455943,0.027295607385342646,0
1595627365.0885632,100.31324709486461,0.027295607385342646,0
1595627365.098574,102.11517656874156,0.027295607385342646,0
1595627365.108567,103.91393030714488,0.027295607385342646,0
1595627365.1185753,105.71543062757945,0.027295607385342646,0
1595627365.1285794,107.51615847181773,0.027295607385342646,0
1595627365.1385803,109.31632841658092,0.027295607385342646,0
1595627365.1485636,111.11332262587047,0.027295607385342646,0
1595627365.1585665,112.91383589338756,0.027295607385342646,0
1595627365.1685703,114.7145208222816,0.027295607385342646,0
1595627365.1785808,116.51640738081431,0.027295607385342646,0
1595627365.188563,118.31322992872691,0.027295607385342646,0
1595627365.1985736,120.11511648725963,0.027295607385342646,0
1595627365.208565,121.91356981825328,0.027295607385342646,0
1595627365.2185717,123.71476973127818,0.027295607385342646,0
1595627365.228581,125.5164417130897,0.027295607385342646,0
1595627365.238569,127.31429422926402,0.027295607385342646,0
1595627365.2485676,129.11403502058482,0.027295607385342646,0
1595627365.2585642,130.91343248915172,0.027295607385342646,0
1595627365.2685783,132.715962777848,0.027295607385342646,0
1595627365.2785754,134.51544607710338,0.027295607385342646,0
1595627365.288563,136.31321276258922,0.027295607385342646,0
1595627365.2985783,138.1159576280067,0.027295607385342646,0
1595627365.3085668,139.9138959748695,0.027295607385342646,0
1595627365.3185737,141.71513880323863,0.027295607385342646,0
1595627365.3285692,143.51432169508433,0.027295607385342646,0
1595627365.3385754,145.31543577742076,0.027295607385342646,0
1595627365.3485637,147.11333120893931,0.027295607385342646,0
1595627365.3585782,148.91594732832408,0.027295607385342646,0
1595627365.3685699,150.71444357466197,0.027295607385342646,0
1595627365.3785741,152.5152143342445,0.027295607385342646,0
1595627365.388569,154.31431139540172,0.027295607385342646,0
1595627365.3985643,156.11345137190318,0.027295607385342646,0
1595627365.4085698,157.9144367082069,0.027295607385342646,0
1595627365.4185746,159.7152932984779,0.027295607385342646,0
1595627365.4285798,161.51623571943736,0.027295607385342646,0
1595627365.4385767,163.3156761033485,0.027295607385342646,0
1595627365.4485695,165.11438692640758,0.027295607385342646,0
1595627365.4585655,166.91365564894176,0.027295607385342646,0
1595627365.468576,168.71554220747447,0.027295607385342646,0
1595627365.478573,170.51502550672984,0.027295607385342646,0
1595627365.4885774,172.31579626631236,0.027295607385342646,0
1595627365.4985738,174.11515081953502,0.027295607385342646,0
1595627365.508575,175.91536367964244,0.027295607385342646,0
1595627365.518565,177.71355951857066,0.027295607385342646,0
1595627365.528568,179.514115701432,0.027295607385342646,0
1595627365.5385754,181.31544436048958,0.027295607385342646,0
1595627365.5485692,183.1143268449256,0.027295607385342646,0
1595627365.5585718,184.91479719709847,0.027295607385342646,0
1595627365.5685768,186.7156967027137,0.027295607385342646,0
1595627365.5785675,188.51402128767464,0.027295607385342646,0
1595627365.588569,190.3142770631263,0.027295607385342646,0
1595627365.5985794,192.116163621659,0.027295607385342646,0
1595627365.6085737,193.91513193678352,0.027295607385342646,0
1595627365.6185696,195.7144006593177,0.027295607385342646,0
1595627365.628577,197.51572931837532,0.027295607385342646,0
1595627365.6385744,199.31525553297493,0.027295607385342646,0
1595627365.6485653,201.1136230332801,0.027295607385342646,0
1595627365.6585674,202.91400755476448,0.027295607385342646,0
1595627365.6685793,204.71615160536263,0.027295607385342646,0
1595627365.67857,206.51447619032356,0.027295607385342646,0
1595627365.6885662,208.31378782820198,0.027295607385342646,0
1595627365.698576,210.11554564070198,0.027295607385342646,0
1595627365.7085783,211.9159730775306,0.027295607385342646,0
1595627365.718579,213.71610010694954,0.027295607385342646,0
1595627365.7285686,215.5142101151893,0.027295607385342646,0
1595627365.7385666,217.3138650758216,0.027295607385342646,0
1595627365.7485688,219.11424959730599,0.027295607385342646,0
1595627365.7585628,220.91317499708626,0.027295607385342646,0
1595627365.7685697,222.7144178254554,0.027295607385342646,0
1595627365.778574,224.51518858503792,0.027295607385342646,0
1595627365.7885706,226.3145860536048,0.027295607385342646,0
1595627365.7985773,228.11578596662972,0.027295607385342646,0
1595627365.8085754,229.91544092726204,0.027295607385342646,0
1595627365.8185725,231.7149242265174,0.027295607385342646,0
1595627365.828562,233.51303423475716,0.027295607385342646,0
1595627365.838576,235.31556452345345,0.027295607385342646,0
1595627365.8485653,237.11363161634895,0.027295607385342646,0
1595627365.8585756,238.91547525953743,0.027295607385342646,0
1595627365.8685775,240.71581686567757,0.027295607385342646,0
1595627365.8785686,242.51422728132698,0.027295607385342646,0
1595627365.8885734,244.31508387159798,0.027295607385342646,0
1595627365.898572,246.11482466291878,0.027295607385342646,0
1595627365.9085658,247.9137071473548,0.027295607385342646,0
1595627365.9185672,249.71396292280647,0.027295607385342646,0
1595627365.9285753,251.5154203278968,0.027295607385342646,0
1595627365.938571,253.31464613508675,0.027295607385342646,0
1595627365.9485767,255.1156743867347,0.027295607385342646,0
1595627365.9585674,256.91399897169566,0.027295607385342646,0
1595627365.9685724,258.7148984773109,0.027295607385342646,0
1595627365.97857,260.51446760725474,0.027295607385342646,0
1595627365.9885633,262.3132642610023,0.027295607385342646,0
1595627365.99857,264.1144641740272,0.027295607385342646,0
1595627366.0085623,265.9130891663978,0.027295607385342646,0
1595627366.0185654,267.71364534925914,0.027295607385342646,0
1595627366.0285783,269.51596106123424,0.027295607385342646,0
1595627366.038575,271.31535852980113,0.027295607385342646,0
1595627366.048568,273.11411226820445,0.027295607385342646,0
1595627366.0585804,274.9163421494911,0.027295607385342646,0
1595627366.068568,276.7141088349769,0.027295607385342646,0
1595627366.07858,278.51625288557506,0.027295607385342646,0
1595627366.088562,280.3130325181434,0.027295607385342646,0
1595627366.098572,282.11483324598765,0.027295607385342646,0
1595627366.1085715,283.9147456986854,0.027295607385342646,0
1595627366.1185696,285.71440065931773,0.027295607385342646,0
1595627366.1285782,287.51594389509654,0.027295607385342646,0
1595627366.1385736,289.31512678694224,0.027295607385342646,0
1595627366.1485703,291.11452425550914,0.027295607385342646,0
1595627366.1585743,292.9152520997474,0.027295607385342646,0
1595627366.1685781,294.71593702864146,0.027295607385342646,0
1595627366.178573,296.51499117445445,0.027295607385342646,0
1595627366.1885676,298.31404532026744,0.027295607385342646,0
1595627366.1985738,300.11515940260387,0.027295607385342646,0
1595627366.2085779,301.91588724684215,0.027295607385342646,0
1595627366.2185695,303.71438349318004,0.027295607385342646,0
1595627366.228564,305.5133947236488,0.027295607385342646,0
1595627366.2385798,307.31622541975474,0.027295607385342646,0
1595627366.2485797,309.116223703141,0.027295607385342646,0
1595627366.2585716,310.9147628648231,0.027295607385342646,0
1595627366.2685685,312.71420324873424,0.027295607385342646,0
1595627366.278568,314.514115701432,0.027295607385342646,0
1595627366.2885695,316.31437147688365,0.027295607385342646,0
1595627366.2985613,318.1129106385658,0.027295607385342646,0
1595627366.3085685,319.91419638227916,0.027295607385342646,0
1595627366.31858,321.7162546021888,0.027295607385342646,0
1595627366.328576,323.51556624006724,0.027295607385342646,0
1595627366.3385706,325.314577470536,0.027295607385342646,0
1595627366.348571,327.1146615846107,0.027295607385342646,0
1595627366.3585632,328.91324366163707,0.027295607385342646,0
1595627366.368571,330.71465815138316,0.027295607385342646,0
1595627366.3785677,332.51405561995006,0.027295607385342646,0
1595627366.388579,334.3160709245155,0.027295607385342646,0
1595627366.3985717,336.11478174757457,0.027295607385342646,0
1595627366.4085708,337.91460836958385,0.027295607385342646,0
1595627366.4185708,339.7146066529701,0.027295607385342646,0
1595627366.4285703,341.51451910566783,0.027295607385342646,0
1595627366.4385626,343.31314409803844,0.027295607385342646,0
1595627366.448575,345.11537397932506,0.027295607385342646,0
1595627366.4585648,346.91352690290904,0.027295607385342646,0
1595627366.4685652,348.71361101698375,0.027295607385342646,0
1595627366.47857,350.51446760725474,0.027295607385342646,0
1595627366.4885712,352.31468046736217,0.027295607385342646,0
1595627366.4985702,354.11450708937144,0.027295607385342646,0
1595627366.508578,355.91592157911754,0.027295607385342646,0
1595627366.5185664,357.7138170106361,0.027295607385342646,0
1595627366.528567,359.51394404005504,0.027295607385342646,0
1595627366.5312688,360,0.027295607385342646,1
1595627366.5312688,0,0,0
1595627366.541274,1.8009424209594727,0,0
1595627366.5512874,3.603343963623047,0,0
1595627366.5612874,5.403342247009277,0,0
1595627366.571284,7.202739715576172,0,0
1595627366.5812714,9.000463485717773,0,0
1595627366.591279,10.801835060119629,0,0
1595627366.6012871,12.603292465209961,0,0
1595627366.6112757,14.401230812072754,0,0
1595627366.621274,16.200928688049316,0,0
1595627366.631277,18.001484870910645,0,0
1595627366.6412735,19.8008394241333,0,0
1595627366.6512773,21.601524353027344,0,0
1595627366.6612723,23.40062141418457,0,0
1595627366.6712794,25.20190715789795,0,0
1595627366.6812854,27.002978324890137,0,0
1595627366.691269,28.800015449523926,0,0
1595627366.7012758,30.601258277893066,0,0
1595627366.7112846,32.40284442901611,0,0
1595627366.7212856,34.2030143737793,0,0
1595627366.7312815,36.00228309631348,0,0
1595627366.7412791,37.801852226257324,0,0
1595627366.751276,39.60129261016846,0,0
1595627366.7612824,41.40244960784912,0,0
1595627366.7712724,43.200645446777344,0,0
1595627366.781278,45.001630783081055,0,0
1595627366.791275,46.801114082336426,0,0
1595627366.8012762,48.60132694244385,0,0
1595627366.8112772,50.40149688720703,0,0
1595627366.821286,52.20308303833008,0,0
1595627366.826173,53.08276176452637,0,0
1595627366.826173,57.0795915825484,0.022204610100122424,0
1595627366.831276,57.99810869528034,0.022204610100122424,0
1595627366.8412707,59.797162841093325,0.022204610100122424,0
1595627366.8512793,61.59870607687213,0.022204610100122424,0
1595627366.8612728,63.39754564596393,0.022204610100122424,0
1595627366.8712802,65.19887430502155,0.022204610100122424,0
1595627366.881287,67.00011713339069,0.022204610100122424,0
1595627366.8912692,68.79689676595905,0.022204610100122424,0
1595627366.9012868,70.60007078481891,0.022204610100122424,0
1595627366.911282,72.39921076132038,0.022204610100122424,0
1595627366.9212725,74.19749243093707,0.022204610100122424,0
1595627366.9312727,75.99753362966754,0.022204610100122424,0
1595627366.941269,77.79684526754596,0.022204610100122424,0
1595627366.9512715,79.59731561971881,0.022204610100122424,0
1595627366.9612725,81.397485564482,0.022204610100122424,0
1595627366.9712763,83.19817049337604,0.022204610100122424,0
1595627366.9812841,84.99958498312213,0.022204610100122424,0
1595627366.9912775,86.79838163686969,0.022204610100122424,0
1595627367.0012844,88.59962446523883,0.022204610100122424,0
1595627367.01128,90.39885027242877,0.022204610100122424,0
1595627367.0212808,92.19897730184772,0.022204610100122424,0
1595627367.0312777,93.99841768575885,0.022204610100122424,0
1595627367.0412798,95.79880220724323,0.022204610100122424,0
1595627367.0512798,97.59880049062946,0.022204610100122424,0
1595627367.061285,99.39974291158893,0.022204610100122424,0
1595627367.0712845,101.19965536428668,0.022204610100122424,0
1595627367.0812743,102.99780828787067,0.022204610100122424,0
1595627367.0912845,104.79965193105915,0.022204610100122424,0
1595627367.101269,106.59686071706989,0.022204610100122424,0
1595627367.1112869,108.40007765127399,0.022204610100122424,0
1595627367.121281,110.19900305105426,0.022204610100122424,0
1595627367.1312718,111.99737055135944,0.022204610100122424,0
1595627367.1412702,113.797068427336,0.022204610100122424,0
1595627367.151269,115.59685213400104,0.022204610100122424,0
1595627367.1612856,117.39985449148395,0.022204610100122424,0
1595627367.171279,119.19865114523151,0.022204610100122424,0
1595627367.1812766,120.99822027517536,0.022204610100122424,0
1595627367.1912858,122.79989225698688,0.022204610100122424,0
1595627367.2012842,124.59959013296344,0.022204610100122424,0
1595627367.2112777,126.39842970205524,0.022204610100122424,0
1595627367.2212703,128.19709760977008,0.022204610100122424,0
1595627367.2312686,129.99679548574665,0.022204610100122424,0
1595627367.2412848,131.79971201254108,0.022204610100122424,0
1595627367.251278,133.5984657509444,0.022204610100122424,0
1595627367.2612739,135.39773447347858,0.022204610100122424,0
1595627367.2712681,137.1967027886031,0.022204610100122424,0
1595627367.2812834,138.99944765402057,0.022204610100122424,0
1595627367.2912831,140.79940302206256,0.022204610100122424,0
1595627367.3012743,142.59781343771198,0.022204610100122424,0
1595627367.3112833,144.39944250417926,0.022204610100122424,0
1595627367.321273,146.19759542776325,0.022204610100122424,0
1595627367.331277,147.9982803566573,0.022204610100122424,0
1595627367.341274,149.79776365591266,0.022204610100122424,0
1595627367.3512783,151.59853441549518,0.022204610100122424,0
1595627367.3612776,153.3984039528487,0.022204610100122424,0
1595627367.3712704,155.19711477590778,0.022204610100122424,0
1595627367.3812768,156.99827177358844,0.022204610100122424,0
1595627367.3912718,158.79736883474567,0.022204610100122424,0
1595627367.4012823,160.59925539327838,0.022204610100122424,0
1595627367.4112847,162.399682830107,0.022204610100122424,0
1595627367.4212778,164.19843656851032,0.022204610100122424,0
1595627367.4312844,165.99963648153522,0.022204610100122424,0
1595627367.4412727,167.79753191305377,0.022204610100122424,0
1595627367.451279,169.5986459953902,0.022204610100122424,0
1595627367.4612787,171.3986013634322,0.022204610100122424,0
1595627367.4712846,173.19967253042438,0.022204610100122424,0
1595627367.4812765,174.9982116921065,0.022204610100122424,0
1595627367.4912732,176.7976091606734,0.022204610100122424,0
1595627367.5012763,178.59816534353473,0.022204610100122424,0
1595627367.511268,180.3966615898726,0.022204610100122424,0
1595627367.5212786,182.19859106374955,0.022204610100122424,0
1595627367.5312812,183.9990614159224,0.022204610100122424,0
1595627367.5412838,185.79953176809525,0.022204610100122424,0
1595627367.5512865,187.6000021202681,0.022204610100122424,0
1595627367.5612814,189.39909918142533,0.022204610100122424,0
1595627367.5712764,191.19819624258255,0.022204610100122424,0
1595627367.5812793,192.99870951009964,0.022204610100122424,0
1595627367.5912738,194.7977207405684,0.022204610100122424,0
1595627367.6012826,196.59930689169144,0.022204610100122424,0
1595627367.6112828,198.3993480904219,0.022204610100122424,0
1595627367.6212695,200.1969431145308,0.022204610100122424,0
1595627367.6312742,201.9977997048018,0.022204610100122424,0
1595627367.6412687,203.79681093527054,0.022204610100122424,0
1595627367.6512828,205.59934122396683,0.022204610100122424,0
1595627367.6612742,207.39779455496048,0.022204610100122424,0
1595627367.6712859,209.1998956902144,0.022204610100122424,0
1595627367.6812685,210.99676115347123,0.022204610100122424,0
1595627367.6912837,212.7995060188887,0.022204610100122424,0
1595627367.701268,214.5966718895552,0.022204610100122424,0
1595627367.7112708,216.3971851570723,0.022204610100122424,0
1595627367.7212791,218.19868547750687,0.022204610100122424,0
1595627367.7312818,219.99915582967972,0.022204610100122424,0
1595627367.7412682,221.79670793844437,0.022204610100122424,0
1595627367.7512743,223.5978220207808,0.022204610100122424,0
1595627367.7612836,225.39949400259232,0.022204610100122424,0
1595627367.7712796,227.1987627251265,0.022204610100122424,0
1595627367.781285,228.9997480614302,0.022204610100122424,0
1595627367.7912738,230.79772932363724,0.022204610100122424,0
1595627367.8012784,232.598542998564,0.022204610100122424,0
1595627367.8112724,234.39746839834427,0.022204610100122424,0
1595627367.8212805,236.1989258034346,0.022204610100122424,0
1595627367.8312745,237.99785120321488,0.022204610100122424,0
1595627367.8412764,239.79819280935502,0.022204610100122424,0
1595627367.8512845,241.59965021444535,0.022204610100122424,0
1595627367.8612843,243.39960558248734,0.022204610100122424,0
1595627367.8712862,245.19994718862748,0.022204610100122424,0
1595627367.8812835,246.99947340322709,0.022204610100122424,0
1595627367.8912764,248.79818422628617,0.022204610100122424,0
1595627367.9012856,250.5998562080977,0.022204610100122424,0
1595627367.9112737,252.397708724272,0.022204610100122424,0
1595627367.921283,254.19938070608353,0.022204610100122424,0
1595627367.931275,255.99791986776566,0.022204610100122424,0
1595627367.941272,257.79740316702106,0.022204610100122424,0
1595627367.951281,259.59903223348834,0.022204610100122424,0
1595627367.9612818,261.3991592629073,0.022204610100122424,0
1595627367.9712725,263.1974838478682,0.022204610100122424,0
1595627367.9812794,264.99872667623737,0.022204610100122424,0
1595627367.9912865,266.80001241995075,0.022204610100122424,0
1595627368.0012853,268.5997961266158,0.022204610100122424,0
1595627368.011269,270.3968761665938,0.022204610100122424,0
1595627368.021269,272.19687444998004,0.022204610100122424,0
1595627368.0312674,273.9965723259566,0.022204610100122424,0
1595627368.0412793,275.79871637655475,0.022204610100122424,0
1595627368.051273,277.5975988609908,0.022204610100122424,0
1595627368.0612683,279.39673883749225,0.022204610100122424,0
1595627368.0712729,281.197552512419,0.022204610100122424,0
1595627368.081268,282.9966924889205,0.022204610100122424,0
1595627368.091286,284.7999094231246,0.022204610100122424,0
1595627368.1012678,286.5966461403487,0.022204610100122424,0
1595627368.1112678,288.3966444237349,0.022204610100122424,0
1595627368.12127,290.1970289452193,0.022204610100122424,0
1595627368.1312864,291.999988387358,0.022204610100122424,0
1595627368.1412735,293.79766924215534,0.022204610100122424,0
1595627368.1512792,295.5986974938033,0.022204610100122424,0
1595627368.1612797,297.398781607878,0.022204610100122424,0
1595627368.1712854,299.19980985952594,0.022204610100122424,0
1595627368.1812742,300.997791121733,0.022204610100122424,0
1595627368.1912825,302.79929144216754,0.022204610100122424,0
1595627368.2012682,304.5967148048995,0.022204610100122424,0
1595627368.2112854,306.39980299307086,0.022204610100122424,0
1595627368.2212827,308.1993292076705,0.022204610100122424,0
1595627368.2312672,309.9965379936812,0.022204610100122424,0
1595627368.2412705,311.7971370918868,0.022204610100122424,0
1595627368.2512748,313.5979078514693,0.022204610100122424,0
1595627368.26128,315.3988502724288,0.022204610100122424,0
1595627368.271282,317.1991918785689,0.022204610100122424,0
1595627368.2812815,318.99910433126666,0.022204610100122424,0
1595627368.2912722,320.7974289162276,0.022204610100122424,0
1595627368.3012707,322.5971697075484,0.022204610100122424,0
1595627368.3112752,324.39798338247516,0.022204610100122424,0
1595627368.321279,326.1986683113692,0.022204610100122424,0
1595627368.3312774,327.99836618734577,0.022204610100122424,0
1595627368.3412774,329.798364470732,0.022204610100122424,0
1595627368.3512814,331.5990923149703,0.022204610100122424,0
1595627368.3612714,333.3972881538985,0.022204610100122424,0
1595627368.3712802,335.19887430502155,0.022204610100122424,0
1595627368.3812723,336.9974563820479,0.022204610100122424,0
1595627368.3912694,338.7969396813033,0.022204610100122424,0
1595627368.4012725,340.5974958641646,0.022204610100122424,0
1595627368.41128,342.39882452322223,0.022204610100122424,0
1595627368.42128,344.19882280660846,0.022204610100122424,0
1595627368.4312744,345.9978340370772,0.022204610100122424,0
1595627368.4412837,347.79950601888874,0.022204610100122424,0
1595627368.4512792,349.59868891073444,0.022204610100122424,0
1595627368.4612691,351.39688474966266,0.022204610100122424,0
1595627368.47127,353.19705469442584,0.022204610100122424,0
1595627368.4812713,354.99726755453327,0.022204610100122424,0
1595627368.4912827,356.79932577444293,0.022204610100122424,0
1595627368.5012817,358.5991523964522,0.022204610100122424,0
1595627368.5090795,360,0.022204610100122424,1
1595627368.5090795,0,0,0
1595627368.519087,1.8013715744018555,0,0
1595627368.529096,3.6029577255249023,0,0
1595627368.539098,5.403342247009277,0,0
1595627368.5490925,7.202353477478027,0,0
1595627368.559085,9.000978469848633,0,0
1595627368.5690901,10.801920890808105,0,0
1595627368.5790846,12.600932121276855,0,0
1595627368.5890794,14.399986267089844,0,0
1595627368.5990844,16.200885772705078,0,0
1595627368.6090941,18.002643585205078,0,0
1595627368.6162622,19.292893409729004,0,0
1595627368.6162622,22.296461038348486,0.016686486825663788,0
1595627368.6190925,22.805909089801123,0.016686486825663788,0
1595627368.6290975,24.606808595416357,0.016686486825663788,0
1595627368.639096,26.406549386737158,0.016686486825663788,0
1595627368.6490839,28.204358987567236,0.016686486825663788,0
1595627368.6590848,30.00452893233042,0.016686486825663788,0
1595627368.6690905,31.80555718397837,0.016686486825663788,0
1595627368.6790836,33.604310922381686,0.016686486825663788,0
1595627368.6890855,35.40465252852182,0.016686486825663788,0
1595627368.6990855,37.20465081190805,0.016686486825663788,0
1595627368.7090878,39.005078248736666,0.016686486825663788,0
1595627368.7190828,40.80417530989389,0.016686486825663788,0
1595627368.7290797,42.603615693805025,0.016686486825663788,0
1595627368.7390828,44.404171876666354,0.016686486825663788,0
1595627368.7490838,46.20434182142954,0.016686486825663788,0
1595627368.7590835,48.00429718947153,0.016686486825663788,0
1595627368.7690818,49.80399506544809,0.016686486825663788,0
1595627368.7790833,51.60425084089975,0.016686486825663788,0
1595627368.7890935,53.40609448408823,0.016686486825663788,0
1595627368.7990923,55.20587819075327,0.016686486825663788,0
1595627368.8090844,57.004460267779635,0.016686486825663788,0
1595627368.8190916,58.805746011493014,0.016686486825663788,0
1595627368.8290832,60.604242257830904,0.016686486825663788,0
1595627368.839082,62.40402596449594,0.016686486825663788,0
1595627368.8490882,64.20514004683237,0.016686486825663788,0
1595627368.859086,66.00475209212046,0.016686486825663788,0
1595627368.8690822,67.80406372999887,0.016686486825663788,0
1595627368.87909,69.60547821974497,0.016686486825663788,0
1595627368.8890922,71.40586274122934,0.016686486825663788,0
1595627368.899084,73.20440190291147,0.016686486825663788,0
1595627368.9090898,75.00543015455942,0.016686486825663788,0
1595627368.9190924,76.80590050673227,0.016686486825663788,0
1595627368.9290888,78.60525505995493,0.016686486825663788,0
1595627368.9390838,80.40435212111215,0.016686486825663788,0
1595627368.9490864,82.204822473285,0.016686486825663788,0
1595627368.9590797,84.00361912703256,0.016686486825663788,0
1595627368.9690816,85.8039607331727,0.016686486825663788,0
1595627368.97909,87.60546105360727,0.016686486825663788,0
1595627368.989097,89.40674679732065,0.016686486825663788,0
1595627368.999091,91.20562928175669,0.016686486825663788,0
1595627369.0090926,93.00592797255258,0.016686486825663788,0
1595627369.0190907,94.80558293318491,0.016686486825663788,0
1595627369.0290892,96.60532372450571,0.016686486825663788,0
1595627369.0390978,98.40686696028452,0.016686486825663788,0
1595627369.0490792,100.20351784682016,0.016686486825663788,0
1595627369.0590935,102.00609105086069,0.016686486825663788,0
1595627369.0690918,103.80578892683725,0.016686486825663788,0
1595627369.0790837,105.60432808851938,0.016686486825663788,0
1595627369.0890827,107.40415471052866,0.016686486825663788,0
1595627369.0990922,109.20586960768442,0.016686486825663788,0
1595627369.1090853,111.00462334608774,0.016686486825663788,0
1595627369.119091,112.80565159773569,0.016686486825663788,0
1595627369.1290936,114.60612194990854,0.016686486825663788,0
1595627369.1390796,116.40358822798471,0.016686486825663788,0
1595627369.1490958,118.20650475477915,0.016686486825663788,0
1595627369.1590981,120.00693219160776,0.016686486825663788,0
1595627369.1690948,121.80632966017465,0.016686486825663788,0
1595627369.1790857,123.60469716047983,0.016686486825663788,0
1595627369.1890886,125.40521042799692,0.016686486825663788,0
1595627369.199084,127.20439331984262,0.016686486825663788,0
1595627369.2090805,129.00374787306527,0.016686486825663788,0
1595627369.219085,130.80456154799202,0.016686486825663788,0
1595627369.2290843,132.60443108534554,0.016686486825663788,0
1595627369.2390795,134.403571061847,0.016686486825663788,0
1595627369.2490811,136.2038697526429,0.016686486825663788,0
1595627369.2590973,138.00678627943734,0.016686486825663788,0
1595627369.2690897,139.80541127180794,0.016686486825663788,0
1595627369.2790976,141.60682576155403,0.016686486825663788,0
1595627369.2890859,143.4047211930726,0.016686486825663788,0
1595627369.2990963,145.2066077516053,0.016686486825663788,0
1595627369.3090963,147.00660603499153,0.016686486825663788,0
1595627369.319096,148.80656140303353,0.016686486825663788,0
1595627369.3290904,150.60552971815804,0.016686486825663788,0
1595627369.3390892,152.40531342482308,0.016686486825663788,0
1595627369.3490906,154.20556920027474,0.016686486825663788,0
1595627369.3590875,156.00500958418587,0.016686486825663788,0
1595627369.3690844,157.804449968097,0.016686486825663788,0
1595627369.3790934,159.6060790345643,0.016686486825663788,0
1595627369.389087,161.40491860365609,0.016686486825663788,0
1595627369.399087,163.20491688704232,0.016686486825663788,0
1595627369.4090958,165.00650303816536,0.016686486825663788,0
1595627369.4190876,166.8050421998475,0.016686486825663788,0
1595627369.429084,168.60439675307015,0.016686486825663788,0
1595627369.4390893,170.40533917402962,0.016686486825663788,0
1595627369.4490836,172.20430748915413,0.016686486825663788,0
1595627369.459082,174.0040053651307,0.016686486825663788,0
1595627369.469094,175.80619233107308,0.016686486825663788,0
1595627369.4790833,177.60425942396859,0.016686486825663788,0
1595627369.48909,179.4054593369935,0.016686486825663788,0
1595627369.4990923,181.2058867738221,0.016686486825663788,0
1595627369.5090802,183.00369637465218,0.016686486825663788,0
1595627369.5190914,184.8057116792176,0.016686486825663788,0
1595627369.529095,186.6063536927674,0.016686486825663788,0
1595627369.5390956,188.40648072218636,0.016686486825663788,0
1595627369.549094,190.20617859816292,0.016686486825663788,0
1595627369.5590944,192.00626271223763,0.016686486825663788,0
1595627369.569083,193.80420105910042,0.016686486825663788,0
1595627369.5790784,195.60338395094612,0.016686486825663788,0
1595627369.5890872,197.40497010206917,0.016686486825663788,0
1595627369.5990796,199.20359509443978,0.016686486825663788,0
1595627369.6090944,201.00625412916878,0.016686486825663788,0
1595627369.6190927,202.80595200514534,0.016686486825663788,0
1595627369.6290874,204.60500615095833,0.016686486825663788,0
1595627369.6390915,206.4057339951966,0.016686486825663788,0
1595627369.6490934,208.20607560133675,0.016686486825663788,0
1595627369.6590962,210.00658886885384,0.016686486825663788,0
1595627369.6690931,211.80602925276497,0.016686486825663788,0
1595627369.6790864,213.60482590651253,0.016686486825663788,0
1595627369.6890786,215.4034079835389,0.016686486825663788,0
1595627369.6990871,217.2049512193177,0.016686486825663788,0
1595627369.709086,219.00473492598275,0.016686486825663788,0
1595627369.7190864,220.80481904005745,0.016686486825663788,0
1595627369.7290921,222.6058472917054,0.016686486825663788,0
1595627369.7390904,224.40554516768196,0.016686486825663788,0
1595627369.749091,226.20562928175667,0.016686486825663788,0
1595627369.7590957,228.00648587202767,0.016686486825663788,0
1595627369.7690804,229.80373757338265,0.016686486825663788,0
1595627369.779083,231.6042079255555,0.016686486825663788,0
1595627369.7890813,233.40390580153206,0.016686486825663788,0
1595627369.7990935,235.20609276747444,0.016686486825663788,0
1595627369.809085,237.0045460984681,0.016686486825663788,0
1595627369.8190918,238.80578892683724,0.016686486825663788,0
1595627369.829095,240.60634510969857,0.016686486825663788,0
1595627369.8390973,242.40677254652718,0.016686486825663788,0
1595627369.849081,244.2038525865052,0.016686486825663788,0
1595627369.859095,246.0063828752015,0.016686486825663788,0
1595627369.8690796,247.80359166121224,0.016686486825663788,0
1595627369.8790927,249.60595028853157,0.016686486825663788,0
1595627369.88908,251.40367405867318,0.016686486825663788,0
1595627369.8990781,253.2033290193055,0.016686486825663788,0
1595627369.9090798,255.0036277101014,0.016686486825663788,0
1595627369.9190874,256.80499928450325,0.016686486825663788,0
1595627369.9290924,258.6058987901185,0.016686486825663788,0
1595627369.9390812,260.4038800523255,0.016686486825663788,0
1595627369.9490957,262.2064961717103,0.016686486825663788,0
1595627369.9590876,264.0050353333924,0.016686486825663788,0
1595627369.9690795,265.80357449507454,0.016686486825663788,0
1595627369.9790947,267.606319360492,0.016686486825663788,0
1595627369.9890866,269.40485852217415,0.016686486825663788,0
1595627369.999087,271.20494263624886,0.016686486825663788,0
1595627370.0090926,273.00592797255257,0.016686486825663788,0
1595627370.0190938,274.80614083266,0.016686486825663788,0
1595627370.0290973,276.6067828462098,0.016686486825663788,0
1595627370.0390863,278.40480702376107,0.016686486825663788,0
1595627370.0490806,280.2037753388856,0.016686486825663788,0
1595627370.0590863,282.0048035905335,0.016686486825663788,0
1595627370.0690951,283.8063897416566,0.016686486825663788,0
1595627370.0790937,285.6061305329774,0.016686486825663788,0
1595627370.089094,287.40617173170784,0.016686486825663788,0
1595627370.0990865,289.2048396394227,0.016686486825663788,0
1595627370.109085,291.0045804307435,0.016686486825663788,0
1595627370.119089,292.80526535963753,0.016686486825663788,0
1595627370.129093,294.6059932038758,0.016686486825663788,0
1595627370.1390917,296.40577691054085,0.016686486825663788,0
1595627370.149081,298.20384400343636,0.016686486825663788,0
1595627370.1590855,300.0046576783631,0.016686486825663788,0
1595627370.1690798,301.8036259934876,0.016686486825663788,0
1595627370.1790867,303.60486882185677,0.016686486825663788,0
1595627370.1890943,305.4062403962586,0.016686486825663788,0
1595627370.1990871,307.2049512193177,0.016686486825663788,0
1595627370.2090933,309.00606530165413,0.016686486825663788,0
1595627370.219095,310.80636399245003,0.016686486825663788,0
1595627370.2290936,312.60610478377083,0.016686486825663788,0
1595627370.2390902,314.4055022523377,0.016686486825663788,0
1595627370.2490792,316.203526429889,0.016686486825663788,0
1595627370.2590806,318.00378220534066,0.016686486825663788,0
1595627370.2690964,319.8066129014466,0.016686486825663788,0
1595627370.279084,321.60437958693245,0.016686486825663788,0
1595627370.2890875,323.40502160048226,0.016686486825663788,0
1595627370.2990873,325.20497696852425,0.016686486825663788,0
1595627370.309085,327.0045460984681,0.016686486825663788,0
1595627370.3190804,328.8037289903138,0.016686486825663788,0
1595627370.3290913,330.605701379535,0.016686486825663788,0
1595627370.3390815,332.40394013380745,0.016686486825663788,0
1595627370.349083,334.2041959092591,0.016686486825663788,0
1595627370.3590858,336.0047091767762,0.016686486825663788,0
1595627370.3690965,337.80663865065316,0.016686486825663788,0
1595627370.3790867,339.6048774049256,0.016686486825663788,0
1595627370.389086,341.40474694227913,0.016686486825663788,0
1595627370.399095,343.2063760087464,0.016686486825663788,0
1595627370.4090805,345.0037564561341,0.016686486825663788,0
1595627370.4190848,346.80452721571663,0.016686486825663788,0
1595627370.4290931,348.6060275361512,0.016686486825663788,0
1595627370.4390776,350.40323632216194,0.016686486825663788,0
1595627370.4490921,352.2058524415467,0.016686486825663788,0
1595627370.4590886,354.00520699476937,0.016686486825663788,0
1595627370.4690776,355.80323117232064,0.016686486825663788,0
1595627370.4790936,357.60610478377083,0.016686486825663788,0
1595627370.489096,359.40653222059944,0.016686486825663788,0
1595627370.4924064,360,0.016686486825663788,1
1595627370.4924064,0,0,0
1595627370.5024166,1.8018436431884766,0,0
1595627370.5124128,3.6011552810668945,0,0
1595627370.5224156,5.401668548583984,0,0
1595627370.5324163,7.20179557800293,0,0
1595627370.5424168,9.001879692077637,0,0
1595627370.5524068,10.80007553100586,0,0
1595627370.5624251,12.603378295898438,0,0
1595627370.5724237,14.403119087219238,0,0
1595627370.5824144,16.201443672180176,0,0
1595627370.5924156,18.001656532287598,0,0
1595627370.6024072,19.80015277862549,0,0
1595627370.6124198,21.602425575256348,0,0
1595627370.6224148,23.401522636413574,0,0
1595627370.6324182,25.20212173461914,0,0
1595627370.6424217,27.002763748168945,0,0
1595627370.6524074,28.80018711090088,0,0
1595627370.662411,30.600829124450684,0,0
1595627370.6724203,32.40250110626221,0,0
1595627370.6824143,34.20142650604248,0,0
1595627370.6924162,36.00176811218262,0,0
1595627370.7024248,37.803311347961426,0,0
1595627370.7124074,39.60017681121826,0,0
1595627370.7224126,41.401119232177734,0,0
1595627370.732421,43.202619552612305,0,0
1595627370.7424173,45.00197410583496,0,0
1595627370.7524142,46.801414489746094,0,0
1595627370.7624066,48.6000394821167,0,0
1595627370.7724073,50.400166511535645,0,0
1595627370.7824233,52.20304012298584,0,0
1595627370.7924173,54.00196552276611,0,0
1595627370.8024065,55.80003261566162,0,0
1595627370.8124175,57.60200500488281,0,0
1595627370.8224242,59.403204917907715,0,0
1595627370.8324206,61.20255947113037,0,0
1595627370.8424067,63.00006866455078,0,0
1595627370.8524194,64.80234146118164,0,0
1595627370.8624237,66.60311222076416,0,0
1595627370.8724127,68.40113639831543,0,0
1595627370.88242,70.20246505737305,0,0
1595627370.8924232,72.00302124023438,0,0
1595627370.9024217,73.80276203155518,0,0
1595627370.9124107,75.60078620910645,0,0
1595627370.9224083,77.4003553390503,0,0
1595627370.9324136,79.20129776000977,0,0
1595627370.9424062,80.99996566772461,0,0
1595627370.9524207,82.80258178710938,0,0
1595627370.9624174,84.60197925567627,0,0
1595627370.9724228,86.40296459197998,0,0
1595627370.9824235,88.20309162139893,0,0
1595627370.9924145,90.0014591217041,0,0
1595627371.0024219,91.80278778076172,0,0
1595627371.012422,93.60282897949219,0,0
1595627371.0224226,95.4029130935669,0,0
1595627371.0324154,97.20162391662598,0,0
1595627371.0424159,99.00170803070068,0,0
1595627371.052411,100.80084800720215,0,0
1595627371.0624108,102.60080337524414,0,0
1595627371.072419,104.40226078033447,0,0
1595627371.0824115,106.20092868804932,0,0
1595627371.0924187,108.0022144317627,0,0
1595627371.102409,109.80045318603516,0,0
1595627371.1124074,111.60019397735596,0,0
1595627371.1224113,113.40087890625,0,0
1595627371.132407,115.20010471343994,0,0
1595627371.1424246,117.0032787322998,0,0
1595627371.152423,118.80297660827637,0,0
1595627371.1624177,120.60203075408936,0,0
1595627371.1724217,122.40275859832764,0,0
1595627371.1824136,124.20129776000977,0,0
1595627371.192412,126.00099563598633,0,0
1595627371.2024193,127.80232429504395,0,0
1595627371.2124138,129.6013355255127,0,0
1595627371.2224147,131.40150547027588,0,0
1595627371.232422,133.2028341293335,0,0
1595627371.242413,135.00120162963867,0,0
1595627371.2524214,136.80270195007324,0,0
1595627371.2624147,138.6014986038208,0,0
1595627371.2724152,140.4015827178955,0,0
1595627371.2824144,142.20145225524902,0,0
1595627371.2924242,144.00321006774902,0,0
1595627371.3024151,145.8015775680542,0,0
1595627371.3124063,147.5999879837036,0,0
1595627371.322409,149.40045833587646,0,0
1595627371.3324177,151.2020444869995,0,0
1595627371.3424091,153.00049781799316,0,0
1595627371.3524058,154.79989528656006,0,0
1595627371.3624153,156.60161018371582,0,0
1595627371.3724172,158.40195178985596,0,0
1595627371.3824072,160.20014762878418,0,0
1595627371.3924112,162.00087547302246,0,0
1595627371.4024205,163.80254745483398,0,0
1595627371.4124203,165.60250282287598,0,0
1595627371.4224234,167.4030590057373,0,0
1595627371.4324243,169.2032289505005,0,0
1595627371.4424183,171.00215435028076,0,0
1595627371.452406,172.7999210357666,0,0
1595627371.462418,174.60210800170898,0,0
1595627371.472416,176.40172004699707,0,0
1595627371.482411,178.2008171081543,0,0
1595627371.4924133,180.0012445449829,0,0
1595627371.5024154,181.80162906646729,0,0
1595627371.5124116,183.6009407043457,0,0
1595627371.5224214,185.4026985168457,0,0
1595627371.5324233,187.20304012298584,0,0
1595627371.542415,189.00153636932373,0,0
1595627371.5524197,190.80239295959473,0,0
1595627371.5624182,192.60213375091553,0,0
1595627371.5724132,194.40123081207275,0,0
1595627371.5824125,196.20110034942627,0,0
1595627371.5924242,198.00320148468018,0,0
1595627371.602414,199.80135440826416,0,0
1595627371.6124203,201.60251140594482,0,0
1595627371.6224182,203.4021234512329,0,0
1595627371.632412,205.20100593566895,0,0
1595627371.6424234,207.0030641555786,0,0
1595627371.6524088,208.8004446029663,0,0
1595627371.6624057,210.59988498687744,0,0
1595627371.6724231,212.40301609039307,0,0
1595627371.6824174,214.20198440551758,0,0
1595627371.6924217,216.0027551651001,0,0
1595627371.7024236,217.80309677124023,0,0
1595627371.71242,219.6024513244629,0,0
1595627371.7224164,221.40180587768555,0,0
1595627371.7324183,223.20214748382568,0,0
1595627371.7424066,225.00004291534424,0,0
1595627371.7524104,226.80072784423828,0,0
1595627371.7624125,228.60111236572266,0,0
1595627371.77242,230.40244102478027,0,0
1595627371.7824132,232.20123767852783,0,0
1595627371.7924101,234.00067806243896,0,0
1595627371.8024158,235.8017063140869,0,0
1595627371.8124092,237.60050296783447,0,0
1595627371.8224154,239.4016170501709,0,0
1595627371.832424,241.2031602859497,0,0
1595627371.8424165,243.00182819366455,0,0
1595627371.8524117,244.80096817016602,0,0
1595627371.8624113,246.60088062286377,0,0
1595627371.8724153,248.40160846710205,0,0
1595627371.8824172,250.2019500732422,0,0
1595627371.8924057,251.99988842010498,0,0
1595627371.902416,253.80173206329346,0,0
1595627371.9124186,255.6022024154663,0,0
1595627371.9224234,257.4030590057373,0,0
1595627371.9324183,259.20215606689453,0,0
1595627371.9424095,261.00056648254395,0,0
1595627371.9524214,262.8027105331421,0,0
1595627371.9624126,264.6011209487915,0,0
1595627371.972412,266.40103340148926,0,0
1595627371.9824188,268.20223331451416,0,0
1595627371.9924214,270.002703666687,0,0
1595627372.0024087,271.8004274368286,0,0
1595627372.0124118,273.60098361968994,0,0
1595627372.0224173,275.40196895599365,0,0
1595627372.0324106,277.2007656097412,0,0
1595627372.0424118,279.00097846984863,0,0
1595627372.0524228,280.8029508590698,0,0
1595627372.062406,282.5999450683594,0,0
1595627372.0724213,284.40268993377686,0,0
1595627372.0824072,286.200156211853,0,0
1595627372.0924072,288.00015449523926,0,0
1595627372.102406,289.7999382019043,0,0
1595627372.1124232,291.6030263900757,0,0
1595627372.122422,293.4028100967407,0,0
1595627372.1324165,295.2018213272095,0,0
1595627372.1424115,297.0009183883667,0,0
1595627372.152416,298.80173206329346,0,0
1595627372.162421,300.6026315689087,0,0
1595627372.1724055,302.39984035491943,0,0
1595627372.1824076,304.2002248764038,0,0
1595627372.1924143,306.0014247894287,0,0
1595627372.2024128,307.8011655807495,0,0
1595627372.212421,309.60262298583984,0,0
1595627372.2224152,311.40159130096436,0,0
1595627372.2324238,313.20313453674316,0,0
1595627372.242415,315.0015449523926,0,0
1595627372.2524097,316.80059909820557,0,0
1595627372.2624133,318.60124111175537,0,0
1595627372.2724211,320.40265560150146,0,0
1595627372.282412,322.20102310180664,0,0
1595627372.2924194,324.00235176086426,0,0
1595627372.3024046,325.7996892929077,0,0
1595627372.312421,327.6026487350464,0,0
1595627372.3224225,329.40290451049805,0,0
1595627372.3324146,331.2014865875244,0,0
1595627372.342424,333.00315856933594,0,0
1595627372.352407,334.80010986328125,0,0
1595627372.362407,336.6001081466675,0,0
1595627372.3724155,338.4016513824463,0,0
1595627372.38242,340.20246505737305,0,0
1595627372.392407,342.0001029968262,0,0
1595627372.4024234,343.80306243896484,0,0
1595627372.4124167,345.6018590927124,0,0
1595627372.4224193,347.40232944488525,0,0
1595627372.432421,349.20262813568115,0,0
1595627372.4424117,351.0009527206421,0,0
1595627372.452414,352.8013801574707,0,0
1595627372.4624174,354.60197925567627,0,0
1595627372.4724154,356.4016342163086,0,0
1595627372.4824219,358.20279121398926,0,0
1595627372.4924076,360,0,1
1595627372.4924076,0,0,0
1595627372.5024207,1.802358627319336,0,0
1595627372.5124142,3.601198196411133,0,0
1595627372.522417,5.401711463928223,0,0
1595627372.5324104,7.200508117675781,0,0
1595627372.5424235,9.002866744995117,0,0
1595627372.5524154,10.801405906677246,0,0
1595627372.5624197,12.602176666259766,0,0
1595627372.5724213,14.402475357055664,0,0
1595627372.5824144,16.201229095458984,0,0
1595627372.5924242,18.002986907958984,0,0
1595627372.6024263,19.80337142944336,0,0
1595627372.6124122,21.60083770751953,0,0
1595627372.622412,23.400793075561523,0,0
1595627372.6324112,25.20066261291504,0,0
1595627372.6424081,27.000102996826172,0,0
1595627372.6524208,28.80237579345703,0,0
1595627372.662412,30.600786209106445,0,0
1595627372.672414,32.40117073059082,0,0
1595627372.6824267,34.20344352722168,0,0
1595627372.6924186,36.00198268890381,0,0
1595627372.7024107,37.800564765930176,0,0
1595627372.7124085,39.60017681121826,0,0
1595627372.7224128,41.40094757080078,0,0
1595627372.7324123,43.200860023498535,0,0
1595627372.7424161,45.00154495239258,0,0
1595627372.7524111,46.800642013549805,0,0
1595627372.7624204,48.60231399536133,0,0
1595627372.7724216,50.40252685546875,0,0
1595627372.782425,52.203125953674316,0,0
1595627372.7924147,54.0012788772583,0,0
1595627372.8024077,55.80003261566162,0,0
1595627372.8124077,57.60003089904785,0,0
1595627372.822413,59.400973320007324,0,0
1595627372.8324077,61.20002746582031,0,0
1595627372.8424222,63.00264358520508,0,0
1595627372.8524132,64.80101108551025,0,0
1595627372.8624153,66.60139560699463,0,0
1595627372.8724198,68.40220928192139,0,0
1595627372.8824081,70.20010471343994,0,0
1595627372.8924255,72.00323581695557,0,0
1595627372.9024177,73.80181789398193,0,0
1595627372.9124262,75.60336112976074,0,0
1595627372.9224114,77.4006986618042,0,0
1595627372.9324229,79.20275688171387,0,0
1595627372.9424164,81.00159645080566,0,0
1595627372.9524097,82.80039310455322,0,0
1595627372.9624252,84.60318088531494,0,0
1595627372.9724128,86.40094757080078,0,0
1595627372.9824176,88.20180416107178,0,0
1595627372.992423,90.00278949737549,0,0
1595627373.002419,91.80205821990967,0,0
1595627373.0124242,93.60300064086914,0,0
1595627373.0224147,95.40128231048584,0,0
1595627373.0324175,97.20179557800293,0,0
1595627373.0424078,99.00003433227539,0,0
1595627373.0524135,100.80106258392334,0,0
1595627373.062426,102.6033353805542,0,0
1595627373.0724142,104.40118789672852,0,0
1595627373.0824246,106.20307445526123,0,0
1595627373.0924113,108.00066947937012,0,0
1595627373.1024232,109.80281352996826,0,0
1595627373.1124115,111.60070896148682,0,0
1595627373.1224122,113.40083599090576,0,0
1595627373.1324139,115.20113468170166,0,0
1595627373.1424177,117.0018196105957,0,0
1595627373.1524234,118.80284786224365,0,0
1595627373.1624134,120.60104370117188,0,0
1595627373.172423,122.40275859832764,0,0
1595627373.1824217,124.20254230499268,0,0
1595627373.1924207,126.00236892700195,0,0
1595627373.202411,127.80060768127441,0,0
1595627373.212423,129.6027946472168,0,0
1595627373.222414,131.40116214752197,0,0
1595627373.232408,133.20008754730225,0,0
1595627373.24241,135.00042915344238,0,0
1595627373.2524133,136.80102825164795,0,0
1595627373.2624161,138.60154151916504,0,0
1595627373.2724082,140.4001235961914,0,0
1595627373.2824259,142.20329761505127,0,0
1595627373.2924109,144.0005922317505,0,0
1595627373.3024101,145.800461769104,0,0
1595627373.3124175,147.60179042816162,0,0
1595627373.3224258,149.4032907485962,0,0
1595627373.3324194,151.202130317688,0,0
1595627373.342416,153.00152778625488,0,0
1595627373.352421,154.80242729187012,0,0
1595627373.3624115,156.60070896148682,0,0
1595627373.372423,158.40276718139648,0,0
1595627373.3824089,160.20023345947266,0,0
1595627373.392407,161.99988842010498,0,0
1595627373.4024258,163.80327701568604,0,0
1595627373.4124162,165.60155868530273,0,0
1595627373.4224076,167.4000120162964,0,0
1595627373.4324088,169.2002248764038,0,0
1595627373.442414,171.00116729736328,0,0
1595627373.452412,172.80077934265137,0,0
1595627373.4624226,174.60270881652832,0,0
1595627373.4724143,176.4012050628662,0,0
1595627373.482413,178.20098876953125,0,0
1595627373.4924247,180.00308990478516,0,0
1595627373.5024133,181.80102825164795,0,0
1595627373.5124164,183.60158443450928,0,0
1595627373.5224192,185.40209770202637,0,0
1595627373.5324078,187.20003604888916,0,0
1595627373.5424252,189.00316715240479,0,0
1595627373.552422,190.80260753631592,0,0
1595627373.5624204,192.60230541229248,0,0
1595627373.5724072,194.3999433517456,0,0
1595627373.5824137,196.20110034942627,0,0
1595627373.5924165,198.00161361694336,0,0
1595627373.6024215,199.8025131225586,0,0
1595627373.6124218,201.60255432128906,0,0
1595627373.6224096,203.40036392211914,0,0
1595627373.6324182,205.20190715789795,0,0
1595627373.6424222,207.00263500213623,0,0
1595627373.6524255,208.8032341003418,0,0
1595627373.662407,210.59988498687744,0,0
1595627373.6724231,212.40280151367188,0,0
1595627373.6824117,214.20073986053467,0,0
1595627373.6924148,216.001296043396,0,0
1595627373.7024214,217.8024959564209,0,0
1595627373.712412,219.60082054138184,0,0
1595627373.7224188,221.40202045440674,0,0
1595627373.732425,223.20313453674316,0,0
1595627373.7424238,225.0029182434082,0,0
1595627373.7524211,226.8024444580078,0,0
1595627373.7624252,228.6031723022461,0,0
1595627373.7724135,230.40106773376465,0,0
1595627373.7824218,232.20256805419922,0,0
1595627373.7924128,234.0009355545044,0,0
1595627373.8024106,235.80054759979248,0,0
1595627373.812417,237.60170459747314,0,0
1595627373.8224068,239.39985752105713,0,0
1595627373.832419,241.2020444869995,0,0
1595627373.8424094,243.0003261566162,0,0
1595627373.852417,244.80169773101807,0,0
1595627373.8624246,246.60306930541992,0,0
1595627373.8724096,248.40036392211914,0,0
1595627373.882425,250.20315170288086,0,0
1595627373.8924098,252.00040340423584,0,0
1595627373.9024239,253.80293369293213,0,0
1595627373.9124238,255.60293197631836,0,0
1595627373.9224083,257.4001407623291,0,0
1595627373.9324121,259.20082569122314,0,0
1595627373.9424102,261.00048065185547,0,0
1595627373.9524126,262.8009080886841,0,0
1595627373.9624217,264.60253715515137,0,0
1595627373.9724064,266.39978885650635,0,0
1595627373.9824219,268.20257663726807,0,0
1595627373.9924114,270.0006866455078,0,0
1595627374.0024219,271.8025732040405,0,0
1595627374.012417,273.601713180542,0,0
1595627374.0224166,275.40162563323975,0,0
1595627374.032415,277.2013235092163,0,0
1595627374.0424168,279.00166511535645,0,0
1595627374.052413,280.80097675323486,0,0
1595627374.0624237,282.6029062271118,0,0
1595627374.0724142,284.4011878967285,0,0
1595627374.0824194,286.202130317688,0,0
1595627374.0924194,288.0021286010742,0,0
1595627374.1024203,289.8022985458374,0,0
1595627374.1124082,291.6001081466675,0,0
1595627374.1224144,293.4012222290039,0,0
1595627374.1324189,295.20203590393066,0,0
1595627374.1424162,297.0015621185303,0,0
1595627374.1524208,298.80237579345703,0,0
1595627374.162418,300.6018590927124,0,0
1595627374.17242,302.4022436141968,0,0
1595627374.1824195,304.20215606689453,0,0
1595627374.1924207,306.00236892700195,0,0
1595627374.202406,307.7997064590454,0,0
1595627374.212409,309.60026264190674,0,0
1595627374.222424,311.40296459198,0,0
1595627374.2324245,313.2030487060547,0,0
1595627374.2424135,315.00107288360596,0,0
1595627374.2524107,316.8005561828613,0,0
1595627374.262411,318.60064029693604,0,0
1595627374.2724085,320.40016651153564,0,0
1595627374.2824101,322.20046520233154,0,0
1595627374.2924128,324.0009355545044,0,0
1595627374.3024204,325.80230712890625,0,0
1595627374.312409,327.60024547576904,0,0
1595627374.322425,329.40311908721924,0,0
1595627374.3324144,331.201229095459,0,0
1595627374.3424118,333.0007553100586,0,0
1595627374.35241,334.80045318603516,0,0
1595627374.3624175,336.6017818450928,0,0
1595627374.3724213,338.4024667739868,0,0
1595627374.382412,340.20079135894775,0,0
1595627374.3924146,342.0012617111206,0,0
1595627374.402418,343.8018608093262,0,0
1595627374.4124217,345.6025457382202,0,0
1595627374.422417,347.4016857147217,0,0
1595627374.4324107,349.2005681991577,0,0
1595627374.442423,351.00279808044434,0,0
1595627374.4524076,352.8000068664551,0,0
1595627374.4624078,354.60004806518555,0,0
1595627374.4724247,356.4030933380127,0,0
1595627374.4824064,358.1997871398926,0,0
1595627374.4924088,360,0,1
1595627374.4924088,0,0,0
1595627374.5024242,1.8027877807617188,0,0
1595627374.5124104,3.600296974182129,0,0
1595627374.5224202,5.402054786682129,0,0
1595627374.5324214,7.202267646789551,0,0
1595627374.5424259,9.003081321716309,0,0
1595627374.552427,10.80329418182373,0,0
1595627374.5624123,12.600631713867188,0,0
1595627374.5724242,14.402775764465332,0,0
1595627374.5824206,16.20213031768799,0,0
1595627374.5924277,18.003416061401367,0,0
1595627374.6024218,19.80234146118164,0,0
1595627374.6124127,21.600708961486816,0,0
1595627374.622427,23.403282165527344,0,0
1595627374.6324189,25.201821327209473,0,0
1595627374.6424143,27.001004219055176,0,0
1595627374.6524193,28.80190372467041,0,0
1595627374.6624186,30.601773262023926,0,0
1595627374.6724088,32.40001201629639,0,0
1595627374.6824138,34.20091152191162,0,0
1595627374.6924148,36.001081466674805,0,0
1595627374.702409,37.800049781799316,0,0
1595627374.7124186,39.60176467895508,0,0
1595627374.7224247,41.402878761291504,0,0
1595627374.7324202,43.20206165313721,0,0
1595627374.7424102,45.00025749206543,0,0
1595627374.7524252,46.80295944213867,0,0
1595627374.7624097,48.600168228149414,0,0
1595627374.7724173,50.40153980255127,0,0
1595627374.7824194,52.201924324035645,0,0
1595627374.7924228,54.00252342224121,0,0
1595627374.8024156,55.80123424530029,0,0
1595627374.8124127,57.600717544555664,0,0
1595627374.8224201,59.40204620361328,0,0
1595627374.8324249,61.20290279388428,0,0
1595627374.8424144,63.00101280212402,0,0
1595627374.8524275,64.80337142944336,0,0
1595627374.8624253,66.60298347473145,0,0
1595627374.8724148,68.40109348297119,0,0
1595627374.8824146,70.20104885101318,0,0
1595627374.89242,72.0020341873169,0,0
1595627374.9024155,73.8012170791626,0,0
1595627374.912427,75.60327529907227,0,0
1595627374.9224253,77.40297317504883,0,0
1595627374.932413,79.2007827758789,0,0
1595627374.9424238,81.00271224975586,0,0
1595627374.9524107,82.80035018920898,0,0
1595627374.962409,84.60004806518555,0,0
1595627374.972411,86.40038967132568,0,0
1595627374.9824083,88.1999158859253,0,0
1595627374.992426,90.00308990478516,0,0
1595627375.0024238,91.80270195007324,0,0
1595627375.0124223,93.60244274139404,0,0
1595627375.0224197,95.40196895599365,0,0
1595627375.0324116,97.20050811767578,0,0
1595627375.0424128,99.0007209777832,0,0
1595627375.0524192,100.80187797546387,0,0
1595627375.0624259,102.60307788848877,0,0
1595627375.0724258,104.403076171875,0,0
1595627375.0824263,106.2031602859497,0,0
1595627375.092424,108.00272941589355,0,0
1595627375.1024144,109.80101108551025,0,0
1595627375.112413,111.60075187683105,0,0
1595627375.122412,113.40057849884033,0,0
1595627375.1324124,115.20066261291504,0,0
1595627375.1424177,117.00160503387451,0,0
1595627375.1524088,118.80001544952393,0,0
1595627375.1624184,120.60173034667969,0,0
1595627375.1724184,122.40172863006592,0,0
1595627375.1824222,124.20241355895996,0,0
1595627375.1924124,126.00065231323242,0,0
1595627375.2024183,127.80172348022461,0,0
1595627375.2124245,129.60283756256104,0,0
1595627375.2224226,131.40249252319336,0,0
1595627375.2324228,133.20253372192383,0,0
1595627375.2424119,135.0005578994751,0,0
1595627375.2524254,136.8030023574829,0,0
1595627375.26242,138.60201358795166,0,0
1595627375.272413,140.40076732635498,0,0
1595627375.28242,142.20201015472412,0,0
1595627375.2924254,144.00299549102783,0,0
1595627375.3024182,145.8017063140869,0,0
1595627375.3124096,147.60015964508057,0,0
1595627375.322415,149.40114498138428,0,0
1595627375.3324156,151.20122909545898,0,0
1595627375.3424115,153.00049781799316,0,0
1595627375.3524103,154.8002815246582,0,0
1595627375.3624089,156.600022315979,0,0
1595627375.3724132,158.40079307556152,0,0
1595627375.3824086,160.19997596740723,0,0
1595627375.3924084,161.99993133544922,0,0
1595627375.4024162,163.8013458251953,0,0
1595627375.4124146,165.60104370117188,0,0
1595627375.4224138,167.4009132385254,0,0
1595627375.432422,169.20237064361572,0,0
1595627375.4424174,171.00155353546143,0,0
1595627375.4524186,172.80176639556885,0,0
1595627375.462414,174.60094928741455,0,0
1595627375.4724157,176.40124797821045,0,0
1595627375.482411,178.2003879547119,0,0
1595627375.4924133,180.00081539154053,0,0
1595627375.5024137,181.80089950561523,0,0
1595627375.5124085,183.59995365142822,0,0
1595627375.5224233,185.40261268615723,0,0
1595627375.5324244,187.20282554626465,0,0
1595627375.5424092,189.00007724761963,0,0
1595627375.5524123,190.80063343048096,0,0
1595627375.562425,192.60290622711182,0,0
1595627375.5724077,194.3998146057129,0,0
1595627375.5824158,196.20127201080322,0,0
1595627375.5924098,198.0001974105835,0,0
1595627375.602416,199.80131149291992,0,0
1595627375.6124268,201.60324096679688,0,0
1595627375.6224146,203.40105056762695,0,0
1595627375.6324127,205.20070552825928,0,0
1595627375.6424217,207.00233459472656,0,0
1595627375.652418,208.80164623260498,0,0
1595627375.6624124,210.60065746307373,0,0
1595627375.6724257,212.4030590057373,0,0
1595627375.6824117,214.20052528381348,0,0
1595627375.692414,216.0009527206421,0,0
1595627375.7024126,217.8006935119629,0,0
1595627375.7124217,219.60232257843018,0,0
1595627375.7224267,221.4032220840454,0,0
1595627375.7324183,223.2017183303833,0,0
1595627375.7424195,225.00193119049072,0,0
1595627375.7524204,226.8021011352539,0,0
1595627375.7624204,228.60209941864014,0,0
1595627375.7724183,230.40171146392822,0,0
1595627375.7824116,232.20050811767578,0,0
1595627375.7924247,234.00286674499512,0,0
1595627375.8024237,235.8026933670044,0,0
1595627375.812411,237.600417137146,0,0
1595627375.8224154,239.40118789672852,0,0
1595627375.832425,241.20294570922852,0,0
1595627375.8424263,243.00315856933594,0,0
1595627375.8524091,244.800066947937,0,0
1595627375.8624208,246.60216808319092,0,0
1595627375.872408,248.39984893798828,0,0
1595627375.882413,250.20074844360352,0,0
1595627375.892418,252.00164794921875,0,0
1595627375.9024227,253.80250453948975,0,0
1595627375.9124248,255.60288906097412,0,0
1595627375.9224148,257.40108489990234,0,0
1595627375.9324245,259.20284271240234,0,0
1595627375.9424138,261.00090980529785,0,0
1595627375.9524252,262.8029680252075,0,0
1595627375.962419,264.60185050964355,0,0
1595627375.972417,266.4015054702759,0,0
1595627375.9824116,268.20051670074463,0,0
1595627375.9924176,270.0015878677368,0,0
1595627376.0024233,271.80261611938477,0,0
1595627376.0124247,273.6028718948364,0,0
1595627376.0224133,275.4008102416992,0,0
1595627376.032417,277.20149517059326,0,0
1595627376.0424151,279.0011501312256,0,0
1595627376.0524158,280.80127716064453,0,0
1595627376.0624175,282.60157585144043,0,0
1595627376.0724144,284.40101623535156,0,0
1595627376.0824163,286.2013578414917,0,0
1595627376.0924242,288.0027723312378,0,0
1595627376.1024175,289.80156898498535,0,0
1595627376.1124203,291.60208225250244,0,0
1595627376.1224194,293.4019088745117,0,0
1595627376.1324253,295.2029800415039,0,0
1595627376.142411,297.00040340423584,0,0
1595627376.1524088,298.8000154495239,0,0
1595627376.1624086,300.5999708175659,0,0
1595627376.1724224,302.40245819091797,0,0
1595627376.182416,304.20129776000977,0,0
1595627376.192412,306.00056648254395,0,0
1595627376.2024157,307.801251411438,0,0
1595627376.2124078,309.59983348846436,0,0
1595627376.222416,311.4012908935547,0,0
1595627376.2324116,313.20051670074463,0,0
1595627376.2424095,315.0001287460327,0,0
1595627376.2524137,316.80089950561523,0,0
1595627376.2624238,318.6027002334595,0,0
1595627376.2724204,320.40209770202637,0,0
1595627376.2824118,322.20055103302,0,0
1595627376.2924142,324.00097846984863,0,0
1595627376.3024108,325.8003759384155,0,0
1595627376.3124187,327.6017904281616,0,0
1595627376.3224256,329.40303325653076,0,0
1595627376.332416,331.20131492614746,0,0
1595627376.342416,333.0013132095337,0,0
1595627376.3524115,334.8004961013794,0,0
1595627376.3624225,336.6024684906006,0,0
1595627376.3724225,338.4024667739868,0,0
1595627376.3824108,340.20036220550537,0,0
1595627376.392424,342.00276374816895,0,0
1595627376.4024167,343.8014316558838,0,0
1595627376.4124231,345.60258865356445,0,0
1595627376.4224114,347.400484085083,0,0
1595627376.4324205,349.2021131515503,0,0
1595627376.4424205,351.0021114349365,0,0
1595627376.4524088,352.8000068664551,0,0
1595627376.4624126,354.6006917953491,0,0
1595627376.4724083,356.39991760253906,0,0
1595627376.4824235,358.20266246795654,0,0
1595627376.4924161,360,0,1
1595627376.4924161,0,0,0
1595627376.5024302,1.802530288696289,0,0
1595627376.5124338,3.6031723022460938,0,0
1595627376.5224237,5.401368141174316,0,0
1595627376.532417,7.200164794921875,0,0
1595627376.542419,9.000506401062012,0,0
1595627376.5524182,10.800375938415527,0,0
1595627376.5624204,12.600760459899902,0,0
1595627376.572431,14.402689933776855,0,0
1595627376.5824277,16.20208740234375,0,0
1595627376.592421,18.00088405609131,0,0
1595627376.6024308,19.80264186859131,0,0
1595627376.612433,21.603026390075684,0,0
1595627376.622433,23.403024673461914,0,0
1595627376.6324275,25.202035903930664,0,0
1595627376.642421,27.00087547302246,0,0
1595627376.652427,28.80194664001465,0,0
1595627376.662435,30.60340404510498,0,0
1595627376.6724272,32.40198612213135,0,0
1595627376.6824265,34.20185565948486,0,0
1595627376.6924298,36.00245475769043,0,0
1595627376.7024174,37.80022144317627,0,0
1595627376.712422,39.60103511810303,0,0
1595627376.7224317,41.40279293060303,0,0
1595627376.7324252,43.201632499694824,0,0
1595627376.7424173,45.00021457672119,0,0
1595627376.7524183,46.800384521484375,0,0
1595627376.7624276,48.6020565032959,0,0
1595627376.7724338,50.403170585632324,0,0
1595627376.7824202,52.20072269439697,0,0
1595627376.7924297,54.002437591552734,0,0
1595627376.8024178,55.80029010772705,0,0
1595627376.8124213,57.600932121276855,0,0
1595627376.8224266,59.40187454223633,0,0
1595627376.8324258,61.201744079589844,0,0
1595627376.8424294,63.00238609313965,0,0
1595627376.852433,64.80302810668945,0,0
1595627376.8624194,66.6005802154541,0,0
1595627376.8724327,68.40298175811768,0,0
1595627376.8824346,70.20332336425781,0,0
1595627376.8924327,72.00297832489014,0,0
1595627376.9024272,73.80198955535889,0,0
1595627376.912424,75.60142993927002,0,0
1595627376.9224257,77.40172863006592,0,0
1595627376.9324229,79.20121192932129,0,0
1595627376.9424272,81.00198268890381,0,0
1595627376.9524295,82.80241012573242,0,0
1595627376.9624298,84.60245132446289,0,0
1595627376.9724185,86.40043258666992,0,0
1595627376.982429,88.20231914520264,0,0
1595627376.9924207,90.00081539154053,0,0
1595627377.0024266,91.80188655853271,0,0
1595627377.012429,93.60231399536133,0,0
1595627377.0224226,95.40115356445312,0,0
1595627377.0324283,97.20218181610107,0,0
1595627377.0424256,99.00170803070068,0,0
1595627377.05243,100.8024787902832,0,0
1595627377.0624278,102.60209083557129,0,0
1595627377.072419,104.4005012512207,0,0
1595627377.0824287,106.2022590637207,0,0
1595627377.0924165,108.00006866455078,0,0
1595627377.1024315,109.80277061462402,0,0
1595627377.112427,111.60195350646973,0,0
1595627377.1224236,113.40135097503662,0,0
1595627377.1324282,115.20216464996338,0,0
1595627377.14243,117.00250625610352,0,0
1595627377.1524312,118.80271911621094,0,0
1595627377.1624198,120.60065746307373,0,0
1595627377.1724274,122.40202903747559,0,0
1595627377.182416,124.19996738433838,0,0
1595627377.1924176,126.00026607513428,0,0
1595627377.202422,127.8010368347168,0,0
1595627377.2124257,129.60172176361084,0,0
1595627377.2224245,131.40150547027588,0,0
1595627377.2324162,133.20000171661377,0,0
1595627377.2424166,135.00008583068848,0,0
1595627377.2524316,136.80278778076172,0,0
1595627377.2624261,138.60179901123047,0,0
1595627377.2724292,140.4023551940918,0,0
1595627377.2824254,142.20166683197021,0,0
1595627377.2924297,144.00243759155273,0,0
1595627377.302423,145.8012342453003,0,0
1595627377.3124342,147.60324954986572,0,0
1595627377.3224342,149.40324783325195,0,0
1595627377.3324227,151.20118618011475,0,0
1595627377.342432,153.00285816192627,0,0
1595627377.3524299,154.80247020721436,0,0
1595627377.3624191,156.60053730010986,0,0
1595627377.3724322,158.4028959274292,0,0
1595627377.3824291,160.20233631134033,0,0
1595627377.3924284,162.00220584869385,0,0
1595627377.4024198,163.8006591796875,0,0
1595627377.4124212,165.60091495513916,0,0
1595627377.422432,167.4028444290161,0,0
1595627377.4324336,169.203143119812,0,0
1595627377.4424305,171.00258350372314,0,0
1595627377.4524255,172.80168056488037,0,0
1595627377.4624228,174.60120677947998,0,0
1595627377.472419,176.4005184173584,0,0
1595627377.48242,178.20068836212158,0,0
1595627377.4924307,180.00261783599854,0,0
1595627377.50243,181.80248737335205,0,0
1595627377.512416,183.59995365142822,0,0
1595627377.5224304,185.402569770813,0,0
1595627377.5324311,187.20269680023193,0,0
1595627377.5424201,189.0007209777832,0,0
1595627377.5524201,190.80071926116943,0,0
1595627377.5624273,192.6020050048828,0,0
1595627377.57243,194.40247535705566,0,0
1595627377.5824301,196.20251655578613,0,0
1595627377.5924163,198.00002574920654,0,0
1595627377.6024163,199.80002403259277,0,0
1595627377.6124277,201.60208225250244,0,0
1595627377.6224222,203.4010934829712,0,0
1595627377.6324327,205.2029800415039,0,0
1595627377.6424286,207.0022487640381,0,0
1595627377.6524296,208.80241870880127,0,0
1595627377.6624165,210.6000566482544,0,0
1595627377.6724188,212.400484085083,0,0
1595627377.6824198,214.2006540298462,0,0
1595627377.692422,216.00103855133057,0,0
1595627377.702418,217.80035018920898,0,0
1595627377.7124214,219.60094928741455,0,0
1595627377.7224212,221.40090465545654,0,0
1595627377.7324219,223.2010316848755,0,0
1595627377.7424202,225.00072956085205,0,0
1595627377.7524185,226.8004274368286,0,0
1595627377.7624314,228.6027431488037,0,0
1595627377.7724268,230.4019260406494,0,0
1595627377.7824228,232.2011947631836,0,0
1595627377.7924187,234.00046348571777,0,0
1595627377.802424,235.80140590667725,0,0
1595627377.8124282,237.60217666625977,0,0
1595627377.8224304,239.40256118774414,0,0
1595627377.8324306,241.2026023864746,0,0
1595627377.8424199,243.00066947937012,0,0
1595627377.8524222,244.80109691619873,0,0
1595627377.8624222,246.60109519958496,0,0
1595627377.8724327,248.40298175811768,0,0
1595627377.882415,250.19980430603027,0,0
1595627377.8924265,252.00186252593994,0,0
1595627377.902429,253.8023328781128,0,0
1595627377.9124157,255.59992790222168,0,0
1595627377.9224324,257.4029302597046,0,0
1595627377.9324331,259.20305728912354,0,0
1595627377.9424202,261.0007381439209,0,0
1595627377.9524322,262.80288219451904,0,0
1595627377.962425,264.6015930175781,0,0
1595627377.9724183,266.4003896713257,0,0
1595627377.982431,268.20266246795654,0,0
1595627377.9924173,270.0002145767212,0,0
1595627378.002429,271.8023157119751,0,0
1595627378.0124254,273.60167026519775,0,0
1595627378.0224147,275.39973735809326,0,0
1595627378.0324197,277.2006368637085,0,0
1595627378.0424294,279.0023946762085,0,0
1595627378.052418,280.8003330230713,0,0
1595627378.0624156,282.59990215301514,0,0
1595627378.0724273,284.40200328826904,0,0
1595627378.082418,286.20032787323,0,0
1595627378.0924203,288.0007553100586,0,0
1595627378.1024318,289.80281352996826,0,0
1595627378.1124313,291.602725982666,0,0
1595627378.122433,293.4030246734619,0,0
1595627378.1324286,295.20225048065186,0,0
1595627378.1424186,297.0004463195801,0,0
1595627378.1524165,298.80005836486816,0,0
1595627378.162427,300.6019449234009,0,0
1595627378.1724231,302.4012565612793,0,0
1595627378.182429,304.2023277282715,0,0
1595627378.192418,306.00035190582275,0,0
1595627378.20242,307.8006935119629,0,0
1595627378.212433,309.6030521392822,0,0
1595627378.222424,311.4014196395874,0,0
1595627378.2324283,313.2021903991699,0,0
1595627378.2424333,315.00308990478516,0,0
1595627378.252417,316.8001699447632,0,0
1595627378.2624311,318.6027002334595,0,0
1595627378.272429,320.40231227874756,0,0
1595627378.2824278,322.2020959854126,0,0
1595627378.2924285,324.00222301483154,0,0
1595627378.302427,325.80196380615234,0,0
1595627378.3124168,327.6001167297363,0,0
1595627378.3224235,329.40131664276123,0,0
1595627378.3324144,331.1996841430664,0,0
1595627378.3424208,333.00084114074707,0,0
1595627378.3524325,334.802942276001,0,0
1595627378.3624184,336.60040855407715,0,0
1595627378.3724267,338.4019088745117,0,0
1595627378.3824213,340.20092010498047,0,0
1595627378.3924215,342.00096130371094,0,0
1595627378.4024255,343.8016891479492,0,0
1595627378.4124267,345.60190200805664,0,0
