Timestamp,Phase,Offset,Ping?
1595630713.0000904,59.400000000000006,0,0
1595630713.0101159,61.20248737335206,0.33,0
1595630713.0201209,63.00338687896729,0.33,0
1595630713.0301158,64.80248394012452,0.33,0
1595630713.0401044,66.60042228698731,0.33,0
1595630713.0501025,68.40007724761963,0.33,0
1595630713.060103,70.20016136169434,0.33,0
1595630713.0701106,72.0015329360962,0.33,0
1595630713.0801191,73.803076171875,0.33,0
1595630713.0901117,75.60174407958985,0.33,0
1595630713.1001103,77.40148487091065,0.33,0
1595630713.1101222,79.2036289215088,0.33,0
1595630713.120107,81.00088062286378,0.33,0
1595630713.1301112,82.8016513824463,0.33,0
1595630713.1401129,84.6019500732422,0.33,0
1595630713.1501198,86.40319290161133,0.33,0
1595630713.160107,88.2008737564087,0.33,0
1595630713.170111,90.00160160064698,0.33,0
1595630713.180115,91.80232944488526,0.33,0
1595630713.190104,93.60035362243653,0.33,0
1595630713.200113,95.40198268890381,0.33,0
1595630713.2101207,97.20335426330567,0.33,0
1595630713.2201161,99.00253715515137,0.33,0
1595630713.2301154,100.80240669250489,0.33,0
1595630713.2401175,102.60279121398926,0.33,0
1595630713.250112,104.40180244445801,0.33,0
1595630713.260108,106.2010711669922,0.33,0
1595630713.2701182,108.00291481018067,0.33,0
1595630713.2801156,109.80244102478028,0.33,0
1595630713.2901218,111.6035551071167,0.33,0
1595630713.3001034,113.40024890899659,0.33,0
1595630713.310106,115.20071926116944,0.33,0
1595630713.3201103,117.00149002075196,0.33,0
1595630713.3301108,118.80157413482667,0.33,0
1595630713.3401208,120.6033748626709,0.33,0
1595630713.3479147,122.00627746582032,0.33,0
1595630713.3479147,122.00627746582032,0.33,0
1595630713.3501093,122.4013132095337,0.33,0
1595630713.3601084,124.20113983154297,0.33,0
1595630713.370115,126.00233974456788,0.33,0
1595630713.3801036,127.80027809143067,0.33,0
1595630713.3901186,129.6029800415039,0.33,0
1595630713.4001193,131.40310707092286,0.33,0
1595630713.410115,133.2023328781128,0.33,0
1595630713.4201198,135.0031894683838,0.33,0
1595630713.4301212,136.80344524383545,0.33,0
1595630713.4401078,138.60104026794434,0.33,0
1595630713.4501057,140.40065231323243,0.33,0
1595630713.460121,142.2033971786499,0.33,0
1595630713.4701214,144.00348129272462,0.33,0
1595630713.4801092,145.8012908935547,0.33,0
1595630713.4901185,147.60296287536622,0.33,0
1595630713.5001206,149.4033473968506,0.33,0
1595630713.5101094,151.20132865905762,0.33,0
1595630713.520114,153.00214233398438,0.33,0
1595630713.5301063,154.800767326355,0.33,0
1595630713.5401182,156.60291137695313,0.33,0
1595630713.5501199,158.40321006774903,0.33,0
1595630713.5601215,160.20350875854493,0.33,0
1595630713.5701187,162.0029920578003,0.33,0
1595630713.5801044,163.80041542053223,0.33,0
1595630713.5901198,165.60320320129395,0.33,0
1595630713.6001155,167.4024290084839,0.33,0
1595630713.6101117,169.2017406463623,0.33,0
1595630713.6201105,171.00152435302735,0.33,0
1595630713.630111,172.80160846710206,0.33,0
1595630713.6401205,174.60332336425782,0.33,0
1595630713.6501071,176.4009183883667,0.33,0
1595630713.660118,178.2028907775879,0.33,0
1595630713.6701186,180.0029748916626,0.33,0
1595630713.6801145,181.80224361419678,0.33,0
1595630713.6901066,183.60082569122315,0.33,0
1595630713.7001092,185.401296043396,0.33,0
1595630713.7101088,187.20120849609376,0.33,0
1595630713.7201047,189.00047721862794,0.33,0
1595630713.7301025,190.80008926391602,0.33,0
1595630713.7401018,192.59995880126954,0.33,0
1595630713.7501142,194.40218868255616,0.33,0
1595630713.760118,196.2028736114502,0.33,0
1595630713.770114,198.00214233398438,0.33,0
1595630713.7801077,199.80102481842042,0.33,0
1595630713.790113,201.6019672393799,0.33,0
1595630713.800112,203.40179386138917,0.33,0
1595630713.8101053,205.20059051513672,0.33,0
1595630713.8201103,207.00149002075196,0.33,0
1595630713.8301187,208.80299034118653,0.33,0
1595630713.8401113,210.60165824890137,0.33,0
1595630713.8501053,212.40058364868165,0.33,0
1595630713.8601193,214.20311393737794,0.33,0
1595630713.8701127,216.0019105911255,0.33,0
1595630713.8801055,217.80062141418458,0.33,0
1595630713.8901207,219.60336627960206,0.33,0
1595630713.9001133,221.4020341873169,0.33,0
1595630713.9101083,223.20113124847413,0.33,0
1595630713.9201198,225.0031894683838,0.33,0
1595630713.9301136,226.80207195281983,0.33,0
1595630713.9401052,228.60056819915772,0.33,0
1595630713.9501164,230.40258350372315,0.33,0
1595630713.960107,232.2009080886841,0.33,0
1595630713.9701073,234.00094928741456,0.33,0
1595630713.9801114,235.80167713165284,0.33,0
1595630713.9901013,237.59987297058106,0.33,0
1595630714.0001097,239.40137329101563,0.33,0
1595630714.0101047,241.20047035217286,0.33,0
1595630714.0201197,243.0031723022461,0.33,0
1595630714.0301094,244.80132522583008,0.33,0
1595630714.0401132,246.60201015472413,0.33,0
1595630714.050111,248.4016222000122,0.33,0
1595630714.0601203,250.20329418182374,0.33,0
1595630714.0701063,252.0007604598999,0.33,0
1595630714.080113,253.8019603729248,0.33,0
1595630714.090114,255.60217323303223,0.33,0
1595630714.1001143,257.40221443176273,0.33,0
1595630714.110102,259.19998111724857,0.33,0
1595630714.120108,261.00105228424076,0.33,0
1595630714.1301148,262.8022951126099,0.33,0
1595630714.14012,264.60323753356937,0.33,0
1595630714.1501153,266.40237751007083,0.33,0
1595630714.1601088,268.20121707916263,0.33,0
1595630714.1701126,270.0019020080567,0.33,0
1595630714.1801047,271.80048408508304,0.33,0
1595630714.1901183,273.60292854309085,0.33,0
1595630714.2001019,275.39996566772464,0.33,0
1595630714.2101061,277.20073642730716,0.33,0
1595630714.220114,279.00215091705326,0.33,0
1595630714.230109,280.8012479782105,0.33,0
1595630714.2401016,282.5999158859253,0.33,0
1595630714.2501094,284.4013303756714,0.33,0
1595630714.2601008,286.1997837066651,0.33,0
1595630714.2701101,288.0014556884766,0.33,0
1595630714.2801025,289.8000806808472,0.33,0
1595630714.2901196,291.6031688690186,0.33,0
1595630714.3001137,293.40209426879886,0.33,0
1595630714.3101008,295.1997751235962,0.33,0
1595630714.320117,297.00269165039066,0.33,0
1595630714.3301132,298.8020032882691,0.33,0
1595630714.3401067,300.6008428573609,0.33,0
1595630714.350113,302.4019569396973,0.33,0
1595630714.360111,304.2016119003296,0.33,0
1595630714.3701146,306.00225391387943,0.33,0
1595630714.3801124,307.8018659591675,0.33,0
1595630714.3901186,309.60298004150394,0.33,0
1595630714.4001193,311.4031070709229,0.33,0
1595630714.4101045,313.20044460296634,0.33,0
1595630714.4201083,315.0011295318604,0.33,0
1595630714.4301114,316.8016857147217,0.33,0
1595630714.4401007,318.5997528076172,0.33,0
1595630714.4501145,320.4022401809693,0.33,0
1595630714.4601197,322.20318260192875,0.33,0
1595630714.4701033,324.00021972656253,0.33,0
1595630714.480119,325.8030504226685,0.33,0
1595630714.490104,327.6003450393677,0.33,0
1595630714.500103,329.400171661377,0.33,0
1595630714.5101156,331.20244445800785,0.33,0
1595630714.5201144,333.0022281646729,0.33,0
1595630714.5301118,334.8017543792725,0.33,0
1595630714.5401113,336.60166683197025,0.33,0
1595630714.5501127,338.4019226074219,0.33,0
1595630714.560106,340.20071926116947,0.33,0
1595630714.5701141,342.0021766662598,0.33,0
1595630714.5801105,343.80153121948246,0.33,0
1595630714.5901093,345.6013149261475,0.33,0
1595630714.6001008,347.39976825714115,0.33,0
1595630714.6101196,349.2031568527222,0.33,0
1595630714.620108,351.00105228424076,0.33,0
1595630714.6301007,352.79976310729984,0.33,0
1595630714.6401167,354.60263671875003,0.33,0
1595630714.6501045,356.4004463195801,0.33,0
1595630714.6601188,358.20301952362064,0.33,0
1595630714.6701012,359.99984207153324,0.33,0
1595630714.6701245,360,0.33,1
1595630714.6701245,0,0,0
1595630714.680141,4.267649738624419,0.013692723869365264,0
1595630714.6901352,6.066618053748931,0.013692723869365264,0
1595630714.7001362,7.866787998512114,0.013692723869365264,0
1595630714.7101407,9.667601673438872,0.013692723869365264,0
1595630714.7201412,11.46768578751358,0.013692723869365264,0
1595630714.7301254,13.264851658180083,0.013692723869365264,0
1595630714.7401257,15.064892856910552,0.013692723869365264,0
1595630714.750126,16.864934055641022,0.013692723869365264,0
1595630714.7601357,18.666691868141022,0.013692723869365264,0
1595630714.7701268,20.465102283790436,0.013692723869365264,0
1595630714.7801425,22.267932979896393,0.013692723869365264,0
1595630714.7901359,24.066729633643952,0.013692723869365264,0
1595630714.8001387,25.867242901161042,0.013692723869365264,0
1595630714.8101282,27.665352909400788,0.013692723869365264,0
1595630714.8201394,29.467368213966218,0.013692723869365264,0
1595630714.8301258,31.264920322730866,0.013692723869365264,0
1595630714.8401349,33.06654938919815,0.013692723869365264,0
1595630714.8501358,34.866719333961335,0.013692723869365264,0
1595630714.8601427,36.667962162330475,0.013692723869365264,0
1595630714.8701305,38.465771763160554,0.013692723869365264,0
1595630714.8801386,40.267229168250886,0.013692723869365264,0
1595630714.8901424,42.06791409714493,0.013692723869365264,0
1595630714.9001324,43.86610993607315,0.013692723869365264,0
1595630714.9101243,45.66464909775528,0.013692723869365264,0
1595630714.9201398,47.467436878517,0.013692723869365264,0
1595630714.930139,49.267306415870515,0.013692723869365264,0
1595630714.9401364,51.066832630470124,0.013692723869365264,0
1595630714.9501305,52.8657580302504,0.013692723869365264,0
1595630714.9601371,54.6669579432753,0.013692723869365264,0
1595630714.9701257,56.46489629013809,0.013692723869365264,0
1595630714.9801295,58.265581219032136,0.013692723869365264,0
1595630714.99013,60.06566533310684,0.013692723869365264,0
1595630715.00014,61.86746606095108,0.013692723869365264,0
1595630715.0101323,63.666091053321686,0.013692723869365264,0
1595630715.020143,65.46802052719863,0.013692723869365264,0
1595630715.0301342,67.26643094284805,0.013692723869365264,0
1595630715.040135,69.06655797226699,0.013692723869365264,0
1595630715.0501285,70.86539754135879,0.013692723869365264,0
1595630715.0601277,72.6652670787123,0.013692723869365264,0
1595630715.07013,74.46569451554092,0.013692723869365264,0
1595630715.0801427,76.26796731217178,0.013692723869365264,0
1595630715.0901396,78.06740769608291,0.013692723869365264,0
1595630715.1001248,79.86474522812637,0.013692723869365264,0
1595630715.1101258,81.66491517288955,0.013692723869365264,0
1595630715.1201372,83.46697339279922,0.013692723869365264,0
1595630715.1301389,85.26727208359512,0.013692723869365264,0
1595630715.1401274,87.06521043045791,0.013692723869365264,0
1595630715.1501405,88.86756905777725,0.013692723869365264,0
1595630715.1601298,90.66563615067275,0.013692723869365264,0
1595630715.1701329,92.46619233353408,0.013692723869365264,0
1595630715.1801293,94.26554688675674,0.013692723869365264,0
1595630715.1901271,96.06515893204482,0.013692723869365264,0
1595630715.2001295,97.86558636887344,0.013692723869365264,0
1595630715.2101352,99.66661462052139,0.013692723869365264,0
1595630715.2201295,101.4655829356459,0.013692723869365264,0
1595630715.2301378,103.26708325608047,0.013692723869365264,0
1595630715.2401254,105.06484994156631,0.013692723869365264,0
1595630715.250124,106.86459073288711,0.013692723869365264,0
1595630715.2601357,108.66669186814102,0.013692723869365264,0
1595630715.2701297,110.46561726792129,0.013692723869365264,0
1595630715.2801354,112.26664551956924,0.013692723869365264,0
1595630715.290138,114.06711587174209,0.013692723869365264,0
1595630715.3001244,115.86466798050674,0.013692723869365264,0
1595630715.3101268,117.66509541733535,0.013692723869365264,0
1595630715.3201406,119.4675827906874,0.013692723869365264,0
1595630715.3301291,121.2655211375502,0.013692723869365264,0
1595630715.3401377,123.067064373329,0.013692723869365264,0
1595630715.3467364,124.25483235581191,0.013692723869365264,0
1595630715.3467364,124.25483235581191,0.013692723869365264,0
1595630715.3501327,124.86616143448623,0.013692723869365264,0
1595630715.3601263,126.66500100357803,0.013692723869365264,0
1595630715.3701332,128.46624383194717,0.013692723869365264,0
1595630715.3801322,130.26607045395644,0.013692723869365264,0
1595630715.390139,132.06731328232559,0.013692723869365264,0
1595630715.400131,133.86585244400771,0.013692723869365264,0
1595630715.4101405,135.66756734116348,0.013692723869365264,0
1595630715.4201415,137.46773728592666,0.013692723869365264,0
1595630715.4301405,139.26756390793594,0.013692723869365264,0
1595630715.4401267,141.06507310135635,0.013692723869365264,0
1595630715.4501262,142.8649855540541,0.013692723869365264,0
1595630715.4601295,144.66558465225967,0.013692723869365264,0
1595630715.470129,146.46549710495742,0.013692723869365264,0
1595630715.480132,148.26605328781875,0.013692723869365264,0
1595630715.4901323,150.06609448654922,0.013692723869365264,0
1595630715.5001385,151.86720856888564,0.013692723869365264,0
1595630715.5101273,153.66518983109268,0.013692723869365264,0
1595630715.5201383,155.46716222031387,0.013692723869365264,0
1595630715.5301337,157.26634511215957,0.013692723869365264,0
1595630715.540127,159.06514176590713,0.013692723869365264,0
1595630715.5501263,160.86501130326064,0.013692723869365264,0
1595630715.5601406,162.66758450730117,0.013692723869365264,0
1595630715.5701346,164.46650990708144,0.013692723869365264,0
1595630715.5801427,166.26796731217178,0.013692723869365264,0
1595630715.590129,168.0654765055922,0.013692723869365264,0
1595630715.6001334,169.86629018051894,0.013692723869365264,0
1595630715.6101246,171.66470059616836,0.013692723869365264,0
1595630715.620136,173.46675881607803,0.013692723869365264,0
1595630715.6301258,175.264911739662,0.013692723869365264,0
1595630715.640136,177.0667553828505,0.013692723869365264,0
1595630715.6501377,178.8670540736464,0.013692723869365264,0
1595630715.6601267,180.66507825119766,0.013692723869365264,0
1595630715.6701381,182.46713647110732,0.013692723869365264,0
1595630715.68013,184.26567563278945,0.013692723869365264,0
1595630715.6901314,186.0659314082411,0.013692723869365264,0
1595630715.7001314,187.86592969162734,0.013692723869365264,0
1595630715.7101307,189.66579922898086,0.013692723869365264,0
1595630715.7201283,191.4653683589247,0.013692723869365264,0
1595630715.7301366,193.26686867935928,0.013692723869365264,0
1595630715.7401419,195.06781110031875,0.013692723869365264,0
1595630715.7501266,196.86506280167373,0.013692723869365264,0
1595630715.7601423,198.6678934977797,0.013692723869365264,0
1595630715.7701302,200.46570309860977,0.013692723869365264,0
1595630715.780132,202.2660447047499,0.013692723869365264,0
1595630715.7901251,204.06479844315322,0.013692723869365264,0
1595630715.8001266,205.86505421860488,0.013692723869365264,0
1595630715.8101354,207.66664036972793,0.013692723869365264,0
1595630715.820124,209.46457871659072,0.013692723869365264,0
1595630715.8301408,211.26762398941787,0.013692723869365264,0
1595630715.8401315,213.0659485743788,0.013692723869365264,0
1595630715.850139,214.86727723343643,0.013692723869365264,0
1595630715.8601243,216.66465768082412,0.013692723869365264,0
1595630715.8701258,218.46491345627578,0.013692723869365264,0
1595630715.8801281,220.2653408931044,0.013692723869365264,0
1595630715.8901253,222.06482419235977,0.013692723869365264,0
1595630715.900129,223.8655091212538,0.013692723869365264,0
1595630715.9101353,225.66662320359023,0.013692723869365264,0
1595630715.9201336,227.4663210795668,0.013692723869365264,0
1595630715.9301264,229.26503190262588,0.013692723869365264,0
1595630715.9401267,231.06507310135635,0.013692723869365264,0
1595630715.9501367,232.86687382920059,0.013692723869365264,0
1595630715.960142,234.66781625016006,0.013692723869365264,0
1595630715.9701345,236.4664841578749,0.013692723869365264,0
1595630715.9801276,238.26523789627822,0.013692723869365264,0
1595630715.9901397,240.0674248622206,0.013692723869365264,0
1595630716.0001352,241.8666077540663,0.013692723869365264,0
1595630716.0101247,243.66471776230605,0.013692723869365264,0
1595630716.020124,245.46458729965957,0.013692723869365264,0
1595630716.030124,247.2645855830458,0.013692723869365264,0
1595630716.0401309,249.06582841141494,0.013692723869365264,0
1595630716.050142,250.86784371598037,0.013692723869365264,0
1595630716.0601358,252.6667262004164,0.013692723869365264,0
1595630716.0701408,254.46762570603164,0.013692723869365264,0
1595630716.080129,256.26547822220596,0.013692723869365264,0
1595630716.0901263,258.06500443680557,0.013692723869365264,0
1595630716.1001332,259.8662472651747,0.013692723869365264,0
1595630716.1101313,261.66590222580703,0.013692723869365264,0
1595630716.1201344,263.46645840866836,0.013692723869365264,0
1595630716.1301355,265.2666712687758,0.013692723869365264,0
1595630716.1401303,267.06572541458877,0.013692723869365264,0
1595630716.1501408,268.8676119731215,0.013692723869365264,0
1595630716.160124,270.66460618241103,0.013692723869365264,0
1595630716.1701334,272.46627816422256,0.013692723869365264,0
1595630716.180134,274.2664051936415,0.013692723869365264,0
1595630716.1901338,276.0663605616835,0.013692723869365264,0
1595630716.200125,277.8647709773329,0.013692723869365264,0
1595630716.2101405,279.66755875809463,0.013692723869365264,0
1595630716.2201326,281.466140835121,0.013692723869365264,0
1595630716.2301233,283.26446542008193,0.013692723869365264,0
1595630716.2401404,285.0675536082533,0.013692723869365264,0
1595630716.2501237,286.86454781754287,0.013692723869365264,0
1595630716.2601407,288.66759309037,0.013692723869365264,0
1595630716.2701359,290.4667330668715,0.013692723869365264,0
1595630716.2801397,292.2674179957655,0.013692723869365264,0
1595630716.2901309,294.06582841141494,0.013692723869365264,0
1595630716.3001392,295.8673287318495,0.013692723869365264,0
1595630716.3101234,297.664494602516,0.013692723869365264,0
1595630716.3201356,299.4666815684584,0.013692723869365264,0
1595630716.3301408,301.26762398941787,0.013692723869365264,0
1595630716.3401275,303.06521901352676,0.013692723869365264,0
1595630716.3501358,304.8667193339613,0.013692723869365264,0
1595630716.360139,306.66727551682266,0.013692723869365264,0
1595630716.370142,308.467831699684,0.013692723869365264,0
1595630716.3801403,310.26752957566055,0.013692723869365264,0
1595630716.3901381,312.06714162094863,0.013692723869365264,0
1595630716.4001398,313.86744031174453,0.013692723869365264,0
1595630716.4101346,315.6664944575575,0.013692723869365264,0
1595630716.420131,317.4658490107802,0.013692723869365264,0
1595630716.4301298,319.2656327174452,0.013692723869365264,0
1595630716.4401398,321.06743344528945,0.013692723869365264,0
1595630716.450131,322.86584386093887,0.013692723869365264,0
1595630716.4601262,324.66498383744033,0.013692723869365264,0
1595630716.4701414,326.4677287028578,0.013692723869365264,0
1595630716.4801238,328.2645512507704,0.013692723869365264,0
1595630716.4901364,330.06682404740127,0.013692723869365264,0
1595630716.5001378,331.86707982285293,0.013692723869365264,0
1595630716.5101278,333.66527566178115,0.013692723869365264,0
1595630716.5201414,335.46772011978896,0.013692723869365264,0
1595630716.530132,337.2660447047499,0.013692723869365264,0
1595630716.5401378,339.06707295639785,0.013692723869365264,0
1595630716.550126,340.8649683879164,0.013692723869365264,0
1595630716.5601256,342.66488084061416,0.013692723869365264,0
1595630716.5701277,344.46526536209853,0.013692723869365264,0
1595630716.5801337,346.2663365290907,0.013692723869365264,0
1595630716.5901299,348.06564816696914,0.013692723869365264,0
1595630716.6001256,349.8648739741591,0.013692723869365264,0
1595630716.6101413,351.66770467026504,0.013692723869365264,0
1595630716.6201417,353.46778878433975,0.013692723869365264,0
1595630716.630134,355.26641377671035,0.013692723869365264,0
1595630716.6401343,357.0664549754408,0.013692723869365264,0
1595630716.650125,358.86477956040176,0.013692723869365264,0
1595630716.65645,360,0.013692723869365264,1
1595630716.65645,0,0,0
1595630716.6664624,4.312343999673938,0.013945078435485092,0
1595630716.676455,6.111011907388781,0.013945078435485092,0
1595630716.6864612,7.912125989725207,0.013945078435485092,0
1595630716.6964679,9.71332590275011,0.013945078435485092,0
1595630716.706457,11.51135008030138,0.013945078435485092,0
1595630716.7164526,13.310575887491321,0.013945078435485092,0
1595630716.7264514,15.11035959415636,0.013945078435485092,0
1595630716.7364688,16.913490697671985,0.013945078435485092,0
1595630716.746456,18.71117155246935,0.013945078435485092,0
1595630716.756467,20.51318685703478,0.013945078435485092,0
1595630716.7664616,22.31219808750353,0.013945078435485092,0
1595630716.7764552,24.111037656595325,0.013945078435485092,0
1595630716.7864513,25.910349294473743,0.013945078435485092,0
1595630716.7964597,27.711849614908314,0.013945078435485092,0
1595630716.8064563,29.511247083475208,0.013945078435485092,0
1595630716.816455,31.31098787479601,0.013945078435485092,0
1595630716.826457,33.11137239628038,0.013945078435485092,0
1595630716.836457,34.91137067966661,0.013945078435485092,0
1595630716.846465,36.71282808475694,0.013945078435485092,0
1595630716.8564577,38.51149599247179,0.013945078435485092,0
1595630716.8664606,40.312009259988876,0.013945078435485092,0
1595630716.8764553,42.111063405801865,0.013945078435485092,0
1595630716.886466,43.91299287967882,0.013945078435485092,0
1595630716.8964531,45.71067373447618,0.013945078435485092,0
1595630716.906468,47.513332769205185,0.013945078435485092,0
1595630716.9164639,49.312601491739365,0.013945078435485092,0
1595630716.9264545,51.1109260767003,0.013945078435485092,0
1595630716.9364502,52.910151883890244,0.013945078435485092,0
1595630716.94645,54.710107251932236,0.013945078435485092,0
1595630716.9564679,56.51332418613634,0.013945078435485092,0
1595630716.966455,58.3110050409337,0.013945078435485092,0
1595630716.976456,60.111174985696884,0.013945078435485092,0
1595630716.9864616,61.91220323734483,0.013945078435485092,0
1595630716.9964597,63.71185819797716,0.013945078435485092,0
1595630717.0064657,65.51292936496935,0.013945078435485092,0
1595630717.016455,67.31099645786486,0.013945078435485092,0
1595630717.026459,69.11172430210314,0.013945078435485092,0
1595630717.03645,70.91009180240832,0.013945078435485092,0
1595630717.0464602,72.7119354455968,0.013945078435485092,0
1595630717.0564535,74.51073209934435,0.013945078435485092,0
1595630717.06645,76.31012956791125,0.013945078435485092,0
1595630717.0764568,78.11132948093615,0.013945078435485092,0
1595630717.0864525,79.91055528812609,0.013945078435485092,0
1595630717.0964513,81.71033899479113,0.013945078435485092,0
1595630717.1064522,83.51050893955431,0.013945078435485092,0
1595630717.116454,85.31080763035021,0.013945078435485092,0
1595630717.126463,87.1124366968175,0.013945078435485092,0
1595630717.136466,88.91299287967882,0.013945078435485092,0
1595630717.146454,90.71084539585314,0.013945078435485092,0
1595630717.1564546,92.51092950992785,0.013945078435485092,0
1595630717.1664615,94.31217233829699,0.013945078435485092,0
1595630717.1764636,96.11255685978136,0.013945078435485092,0
1595630717.1864595,97.91182558231554,0.013945078435485092,0
1595630717.1964517,99.71040765934191,0.013945078435485092,0
1595630717.2064676,101.5132812707921,0.013945078435485092,0
1595630717.2164588,103.31169168644152,0.013945078435485092,0
1595630717.2264585,105.11164705448351,0.013945078435485092,0
1595630717.2364497,106.91005747013293,0.013945078435485092,0
1595630717.2464557,108.71112863712511,0.013945078435485092,0
1595630717.2564647,110.5127577035924,0.013945078435485092,0
1595630717.26646,112.31189768009386,0.013945078435485092,0
1595630717.2764657,114.11292593174181,0.013945078435485092,0
1595630717.286463,115.91245214634142,0.013945078435485092,0
1595630717.2964673,117.71322290592394,0.013945078435485092,0
1595630717.3064518,119.51043169193468,0.013945078435485092,0
1595630717.3164644,121.31270448856554,0.013945078435485092,0
1595630717.3205936,122.05595533542834,0.013945078435485092,0
1595630717.3205936,122.05595533542834,0.013945078435485092,0
1595630717.3264542,123.11085741214953,0.013945078435485092,0
1595630717.3364518,124.91042654209338,0.013945078435485092,0
1595630717.346462,126.71227018528185,0.013945078435485092,0
1595630717.3564625,128.51235429935656,0.013945078435485092,0
1595630717.366463,130.31243841343127,0.013945078435485092,0
1595630717.3764527,132.11059133701525,0.013945078435485092,0
1595630717.386458,133.91153375797472,0.013945078435485092,0
1595630717.3964672,135.71320573978625,0.013945078435485092,0
1595630717.4064605,137.5120023935338,0.013945078435485092,0
1595630717.4164655,139.31290189914904,0.013945078435485092,0
1595630717.426457,141.1113552301427,0.013945078435485092,0
1595630717.4364574,142.9114393442174,0.013945078435485092,0
1595630717.4464655,144.71289674930773,0.013945078435485092,0
1595630717.4564607,146.5120367258092,0.013945078435485092,0
1595630717.466461,148.31207792453966,0.013945078435485092,0
1595630717.4764621,150.1122907846471,0.013945078435485092,0
1595630717.486468,151.91336195163927,0.013945078435485092,0
1595630717.4964616,153.71220152073107,0.013945078435485092,0
1595630717.506464,155.51262895755968,0.013945078435485092,0
1595630717.5164592,157.31176893406115,0.013945078435485092,0
1595630717.5264535,159.11073724918566,0.013945078435485092,0
1595630717.5364647,160.9127525537511,0.013945078435485092,0
1595630717.5464535,162.71073381595812,0.013945078435485092,0
1595630717.5564523,164.51051752262316,0.013945078435485092,0
1595630717.5664659,166.31296198063097,0.013945078435485092,0
1595630717.5764503,168.11017076664172,0.013945078435485092,0
1595630717.5864594,169.911799833109,0.013945078435485092,0
1595630717.5964494,171.70999567203722,0.013945078435485092,0
1595630717.6064541,173.51085226230822,0.013945078435485092,0
1595630717.616456,175.31119386844836,0.013945078435485092,0
1595630717.6264539,177.11080591373644,0.013945078435485092,0
1595630717.6364532,178.91067545108996,0.013945078435485092,0
1595630717.6464562,180.7112316339513,0.013945078435485092,0
1595630717.656461,182.51208822422228,0.013945078435485092,0
1595630717.6664624,184.31234399967394,0.013945078435485092,0
1595630717.6764498,186.11006776981554,0.013945078435485092,0
1595630717.6864617,187.9122118204137,0.013945078435485092,0
1595630717.6964517,189.7104076593419,0.013945078435485092,0
1595630717.7064517,191.51040594272814,0.013945078435485092,0
1595630717.7164667,193.31310789280138,0.013945078435485092,0
1595630717.7264614,195.11216203861437,0.013945078435485092,0
1595630717.7364585,196.91164533786974,0.013945078435485092,0
1595630717.7464678,198.71331731968127,0.013945078435485092,0
1595630717.7564614,200.51215688877306,0.013945078435485092,0
1595630717.766449,202.3099235742589,0.013945078435485092,0
1595630717.7764597,204.11185304813586,0.013945078435485092,0
1595630717.7864678,205.9133104532262,0.013945078435485092,0
1595630717.7964606,207.71202127628527,0.013945078435485092,0
1595630717.80646,209.5118908136388,0.013945078435485092,0
1595630717.8164577,211.31150285892687,0.013945078435485092,0
1595630717.8264668,213.11313192539416,0.013945078435485092,0
1595630717.8364558,214.91115610294543,0.013945078435485092,0
1595630717.8464627,216.71239893131457,0.013945078435485092,0
1595630717.856457,218.51136724643908,0.013945078435485092,0
1595630717.8664548,220.31097929172716,0.013945078435485092,0
1595630717.8764663,222.11303751163683,0.013945078435485092,0
1595630717.8864567,223.91131918125353,0.013945078435485092,0
1595630717.8964608,225.7120470254918,0.013945078435485092,0
1595630717.906468,227.5133327692052,0.013945078435485092,0
1595630717.9164512,229.31032697849474,0.013945078435485092,0
1595630717.9264498,231.11006776981554,0.013945078435485092,0
1595630717.9364572,232.91139642887316,0.013945078435485092,0
1595630717.9464593,234.71178095035754,0.013945078435485092,0
1595630717.956454,236.51083509617052,0.013945078435485092,0
1595630717.9664526,238.31057588749132,0.013945078435485092,0
1595630717.9764502,240.11014501743517,0.013945078435485092,0
1595630717.9864578,241.91151659183703,0.013945078435485092,0
1595630717.9964552,243.71104280643664,0.013945078435485092,0
1595630718.0064635,245.5125431268712,0.013945078435485092,0
1595630718.0164661,247.31301347904406,0.013945078435485092,0
1595630718.0264535,249.11073724918566,0.013945078435485092,0
1595630718.036456,250.9112076013585,0.013945078435485092,0
1595630718.0464675,252.71326582126818,0.013945078435485092,0
1595630718.056462,254.51227705173693,0.013945078435485092,0
1595630718.0664675,256.31326238804064,0.013945078435485092,0
1595630718.076464,258.1126169412633,0.013945078435485092,0
1595630718.0864606,259.9120144098302,0.013945078435485092,0
1595630718.0964668,261.7131284921666,0.013945078435485092,0
1595630718.1064641,263.5126547067662,0.013945078435485092,0
1595630718.1164494,265.3099922388097,0.013945078435485092,0
1595630718.1264498,267.1100763528844,0.013945078435485092,0
1595630718.1364555,268.91110460453234,0.013945078435485092,0
1595630718.1464593,270.7117895334264,0.013945078435485092,0
1595630718.1564603,272.51195947818957,0.013945078435485092,0
1595630718.1664543,274.31088487796984,0.013945078435485092,0
1595630718.1764588,276.1116985528966,0.013945078435485092,0
1595630718.1864486,277.9098514764806,0.013945078435485092,0
1595630718.1964526,279.71057932071886,0.013945078435485092,0
1595630718.2064524,281.51053468876086,0.013945078435485092,0
1595630718.216465,283.3128074853917,0.013945078435485092,0
1595630718.2264533,285.11070291691027,0.013945078435485092,0
1595630718.2364576,286.9114736764928,0.013945078435485092,0
1595630718.246451,288.71027033024035,0.013945078435485092,0
1595630718.2564666,290.5131010263463,0.013945078435485092,0
1595630718.2664545,292.3109106271764,0.013945078435485092,0
1595630718.2764566,294.11129514866076,0.013945078435485092,0
1595630718.2864568,295.9113363473912,0.013945078435485092,0
1595630718.2964628,297.7124075143834,0.013945078435485092,0
1595630718.3064568,299.5113329141637,0.013945078435485092,0
1595630718.3164544,301.31090204410754,0.013945078435485092,0
1595630718.3264565,303.1112865655919,0.013945078435485092,0
1595630718.3364632,304.9124864786168,0.013945078435485092,0
1595630718.3464513,306.71033899479113,0.013945078435485092,0
1595630718.3564608,308.5120538919469,0.013945078435485092,0
1595630718.3664641,310.31265299015246,0.013945078435485092,0
1595630718.3764558,312.11114923649035,0.013945078435485092,0
1595630718.3864627,313.9123920648595,0.013945078435485092,0
1595630718.3964663,315.7130340784093,0.013945078435485092,0
1595630718.4064608,317.51204530887804,0.013945078435485092,0
1595630718.4164658,319.3129448144933,0.013945078435485092,0
1595630718.4264512,321.110325261881,0.013945078435485092,0
1595630718.4364488,322.9098943918248,0.013945078435485092,0
1595630718.4464502,324.7101501672765,0.013945078435485092,0
1595630718.4564562,326.51122133426867,0.013945078435485092,0
1595630718.4664602,328.31194917850695,0.013945078435485092,0
1595630718.4764612,330.11211912327013,0.013945078435485092,0
1595630718.4864497,331.9100574701329,0.013945078435485092,0
1595630718.496455,333.7109998910924,0.013945078435485092,0
1595630718.506461,335.5120710580846,0.013945078435485092,0
1595630718.5164573,337.31142561130724,0.013945078435485092,0
1595630718.526458,339.1115526407262,0.013945078435485092,0
1595630718.5364544,340.91090719394884,0.013945078435485092,0
1595630718.5464592,342.71176378421984,0.013945078435485092,0
1595630718.5564501,344.510131284525,0.013945078435485092,0
1595630718.5664642,346.3126615732213,0.013945078435485092,0
1595630718.5764544,348.11090032749377,0.013945078435485092,0
1595630718.5864565,349.91128484897814,0.013945078435485092,0
1595630718.5964534,351.7107252328893,0.013945078435485092,0
1595630718.6064577,353.5114959924718,0.013945078435485092,0
1595630718.6164653,355.31286756687365,0.013945078435485092,0
1595630718.6264617,357.1122221200963,0.013945078435485092,0
1595630718.6364515,358.9103750436803,0.013945078435485092,0
1595630718.6425118,360,0.013945078435485092,1
1595630718.6425118,0,0,0
1595630718.6525178,4.266765023013708,0.013698299200119557,0
1595630718.6625247,6.068007851382848,0.013698299200119557,0
1595630718.6725123,7.865774536868688,0.013698299200119557,0
1595630718.6825264,9.668304825564977,0.013698299200119557,0
1595630718.692519,11.466972733279821,0.013698299200119557,0
1595630718.7025225,13.267614746829626,0.013698299200119557,0
1595630718.7125144,15.066153908511755,0.013698299200119557,0
1595630718.7225213,16.867396736880895,0.013698299200119557,0
1595630718.7325268,18.668382073184606,0.013698299200119557,0
1595630718.7425296,20.468895340701696,0.013698299200119557,0
1595630718.7525222,22.26756324841654,0.013698299200119557,0
1595630718.7625139,24.06605949475443,0.013698299200119557,0
1595630718.7725127,25.86584320141947,0.013698299200119557,0
1595630718.7825224,27.66760101391947,0.013698299200119557,0
1595630718.7925138,29.466054344913122,0.013698299200119557,0
1595630718.802528,31.26858463360941,0.013698299200119557,0
1595630718.8125257,33.06819667889749,0.013698299200119557,0
1595630718.8225243,34.867937470218294,0.013698299200119557,0
1595630718.8325276,36.66853656842386,0.013698299200119557,0
1595630718.8425298,38.468921089908235,0.013698299200119557,0
1595630718.8525252,40.26810398175394,0.013698299200119557,0
1595630718.862518,42.06681480481302,0.013698299200119557,0
1595630718.8725266,43.86835804059183,0.013698299200119557,0
1595630718.882519,45.666983032962435,0.013698299200119557,0
1595630718.8925223,47.467582131168,0.013698299200119557,0
1595630718.902521,49.2673229224888,0.013698299200119557,0
1595630718.9125125,51.06581916882669,0.013698299200119557,0
1595630718.9225154,52.86633243634378,0.013698299200119557,0
1595630718.9325209,54.66731777264749,0.013698299200119557,0
1595630718.9425297,56.46890392377054,0.013698299200119557,0
1595630718.9525278,58.268558884402864,0.013698299200119557,0
1595630718.962524,60.06787052228128,0.013698299200119557,0
1595630718.972523,61.86769714429056,0.013698299200119557,0
1595630718.982527,63.66842498852884,0.013698299200119557,0
1595630718.9925294,65.46885242535745,0.013698299200119557,0
1595630719.0025182,67.26683368756449,0.013698299200119557,0
1595630719.012527,69.06841983868753,0.013698299200119557,0
1595630719.022518,70.86678733899271,0.013698299200119557,0
1595630719.0325172,72.66665687634622,0.013698299200119557,0
1595630719.042519,74.46699848248636,0.013698299200119557,0
1595630719.052516,76.2664388663975,0.013698299200119557,0
1595630719.062528,78.06858291699564,0.013698299200119557,0
1595630719.0725284,79.86866703107034,0.013698299200119557,0
1595630719.0825257,81.66819324566995,0.013698299200119557,0
1595630719.092525,83.46806278302347,0.013698299200119557,0
1595630719.1025205,85.26724567486917,0.013698299200119557,0
1595630719.1125276,87.06853141858255,0.013698299200119557,0
1595630719.1225295,88.86887302472269,0.013698299200119557,0
1595630719.1325204,90.66724052502786,0.013698299200119557,0
1595630719.1425261,92.46826877667581,0.013698299200119557,0
1595630719.1525278,94.26856746747171,0.013698299200119557,0
1595630719.162517,96.06663456036722,0.013698299200119557,0
1595630719.1725295,97.86886444165384,0.013698299200119557,0
1595630719.1825275,99.66851940228617,0.013698299200119557,0
1595630719.1925302,101.46898975445902,0.013698299200119557,0
1595630719.2025251,103.26808681561624,0.013698299200119557,0
1595630719.2125301,105.06898632123148,0.013698299200119557,0
1595630719.2225256,106.86816921307718,0.013698299200119557,0
1595630719.2325191,108.66700878216898,0.013698299200119557,0
1595630719.242515,110.46627750470316,0.013698299200119557,0
1595630719.252523,112.26769199444925,0.013698299200119557,0
1595630719.2625191,114.06700363232767,0.013698299200119557,0
1595630719.2725296,115.86889019086038,0.013698299200119557,0
1595630719.2825139,117.66605606152689,0.013698299200119557,0
1595630719.292529,119.46880092694437,0.013698299200119557,0
1595630719.293203,119.59012260510599,0.013698299200119557,0
1595630719.293203,119.59012260510599,0.013698299200119557,0
1595630719.3025205,121.26725425793802,0.013698299200119557,0
1595630719.312527,123.06841125561868,0.013698299200119557,0
1595630719.3225238,124.86785163952982,0.013698299200119557,0
1595630719.3325174,126.66669120862161,0.013698299200119557,0
1595630719.342522,128.46750488354837,0.013698299200119557,0
1595630719.3525112,130.26557197644388,0.013698299200119557,0
1595630719.3625293,132.06883182599222,0.013698299200119557,0
1595630719.372526,133.86822929455911,0.013698299200119557,0
1595630719.382512,135.66573848797952,0.013698299200119557,0
1595630719.392516,137.46642341687357,0.013698299200119557,0
1595630719.4025283,139.2686532981602,0.013698299200119557,0
1595630719.4125233,141.06775035931742,0.013698299200119557,0
1595630719.4225276,142.86852111889993,0.013698299200119557,0
1595630719.4325187,144.66693153454935,0.013698299200119557,0
1595630719.4425294,146.4688610084263,0.013698299200119557,0
1595630719.4525278,148.26855888440286,0.013698299200119557,0
1595630719.4625182,150.06684055401956,0.013698299200119557,0
1595630719.4725184,151.86688175275003,0.013698299200119557,0
1595630719.4825208,153.66730918957865,0.013698299200119557,0
1595630719.4925263,155.46829452588236,0.013698299200119557,0
1595630719.502518,157.26679077222025,0.013698299200119557,0
1595630719.5125124,159.065802002689,0.013698299200119557,0
1595630719.5225277,160.86854686810648,0.013698299200119557,0
1595630719.5325217,162.66747226788675,0.013698299200119557,0
1595630719.5425143,164.4661401756016,0.013698299200119557,0
1595630719.5525296,166.26888504101908,0.013698299200119557,0
1595630719.5625172,168.06665172650492,0.013698299200119557,0
1595630719.5725217,169.86746540143167,0.013698299200119557,0
1595630719.582519,171.66699161603128,0.013698299200119557,0
1595630719.5925124,173.46578826977884,0.013698299200119557,0
1595630719.6025233,175.26776065900003,0.013698299200119557,0
1595630719.6125114,177.06561317517435,0.013698299200119557,0
1595630719.6225243,178.86792888714945,0.013698299200119557,0
1595630719.6325235,180.66779842450296,0.013698299200119557,0
1595630719.642513,182.4659084327427,0.013698299200119557,0
1595630719.6525145,184.26616420819437,0.013698299200119557,0
1595630719.6625178,186.06676330639993,0.013698299200119557,0
1595630719.6725113,187.86560287549173,0.013698299200119557,0
1595630719.6825264,189.66830482556497,0.013698299200119557,0
1595630719.6925113,191.4655994422642,0.013698299200119557,0
1595630719.7025304,193.26903095318949,0.013698299200119557,0
1595630719.712518,195.06679763867533,0.013698299200119557,0
1595630719.7225242,196.86791172101175,0.013698299200119557,0
1595630719.7325156,198.6663650520054,0.013698299200119557,0
1595630719.7425184,200.4668783195225,0.013698299200119557,0
1595630719.7525294,202.26885070874368,0.013698299200119557,0
1595630719.7625165,204.06653156354105,0.013698299200119557,0
1595630719.772515,205.86627235486185,0.013698299200119557,0
1595630719.782529,207.66880264355814,0.013698299200119557,0
1595630719.7925243,209.4679426200596,0.013698299200119557,0
1595630719.802514,211.2660955436436,0.013698299200119557,0
1595630719.8125155,213.06635131909525,0.013698299200119557,0
1595630719.8225136,214.86600627972757,0.013698299200119557,0
1595630719.8325214,216.66742076947367,0.013698299200119557,0
1595630719.8425114,218.4656166084019,0.013698299200119557,0
1595630719.8525157,220.2663873679844,0.013698299200119557,0
1595630719.862522,222.06750145032083,0.013698299200119557,0
1595630719.872512,223.8657402045933,0.013698299200119557,0
1595630719.8825154,225.66633930279886,0.013698299200119557,0
1595630719.8925173,227.466680908939,0.013698299200119557,0
1595630719.9025187,229.26693668439066,0.013698299200119557,0
1595630719.912517,231.06663456036722,0.013698299200119557,0
1595630719.9225216,232.86744823529398,0.013698299200119557,0
1595630719.932518,234.66680278851663,0.013698299200119557,0
1595630719.9425116,236.46564235760843,0.013698299200119557,0
1595630719.952517,238.26662769391214,0.013698299200119557,0
1595630719.962512,240.06572475506937,0.013698299200119557,0
1595630719.972519,241.8669675834385,0.013698299200119557,0
1595630719.9825275,243.66851081921732,0.013698299200119557,0
1595630719.9925222,245.4675649650303,0.013698299200119557,0
1595630720.0025275,247.26850738598978,0.013698299200119557,0
1595630720.012523,249.06769027783548,0.013698299200119557,0
1595630720.0225198,250.86713066174661,0.013698299200119557,0
1595630720.0325155,252.66635646893656,0.013698299200119557,0
1595630720.042517,254.46661224438822,0.013698299200119557,0
1595630720.052513,256.2658809669224,0.013698299200119557,0
1595630720.0625153,258.066308403751,0.013698299200119557,0
1595630720.0725112,259.8655771262852,0.013698299200119557,0
1595630720.0825298,261.668922806522,0.013698299200119557,0
1595630720.0925167,263.46656074597513,0.013698299200119557,0
1595630720.1025305,265.2690481193272,0.013698299200119557,0
1595630720.1125307,267.06908931805765,0.013698299200119557,0
1595630720.1225214,268.8674139030186,0.013698299200119557,0
1595630720.1325154,270.66633930279886,0.013698299200119557,0
1595630720.1425295,272.46886959149515,0.013698299200119557,0
1595630720.1525161,274.26646461560404,0.013698299200119557,0
1595630720.1625123,276.06577625348245,0.013698299200119557,0
1595630720.1725264,277.86830654217874,0.013698299200119557,0
1595630720.182527,279.6684335715977,0.013698299200119557,0
1595630720.1925287,281.4687322623936,0.013698299200119557,0
1595630720.202512,283.26572647168314,0.013698299200119557,0
1595630720.2125158,285.0664114005772,0.013698299200119557,0
1595630720.222528,286.86859836651956,0.013698299200119557,0
1595630720.232519,288.66696586682474,0.013698299200119557,0
1595630720.2425227,290.4676507957188,0.013698299200119557,0
1595630720.2525175,292.26670494153177,0.013698299200119557,0
1595630720.26253,294.06897773816263,0.013698299200119557,0
1595630720.2725108,295.86549987866556,0.013698299200119557,0
1595630720.2825153,297.6663135535923,0.013698299200119557,0
1595630720.2925246,299.46798553540384,0.013698299200119557,0
1595630720.3025231,301.26772632672464,0.013698299200119557,0
1595630720.3125167,303.06656589581644,0.013698299200119557,0
1595630720.322526,304.86823787762796,0.013698299200119557,0
1595630720.3325179,306.6667770393101,0.013698299200119557,0
1595630720.342511,308.4655307777134,0.013698299200119557,0
1595630720.3525178,310.26677360608255,0.013698299200119557,0
1595630720.3625174,312.0666860587803,0.013698299200119557,0
1595630720.3725214,313.8674139030186,0.013698299200119557,0
1595630720.3825102,315.6653951652256,0.013698299200119557,0
1595630720.3925269,317.4683975227085,0.013698299200119557,0
1595630720.4025254,319.26813831402933,0.013698299200119557,0
1595630720.4125152,321.0662912376133,0.013698299200119557,0
1595630720.422522,322.86753406598245,0.013698299200119557,0
1595630720.4325154,324.66633071973,0.013698299200119557,0
1595630720.4425275,326.4685176856724,0.013698299200119557,0
1595630720.4525213,328.26740017010843,0.013698299200119557,0
1595630720.4625247,330.067999268314,0.013698299200119557,0
1595630720.4725149,331.86623802258646,0.013698299200119557,0
1595630720.4825144,333.6661504752842,0.013698299200119557,0
1595630720.4925168,335.4665779121128,0.013698299200119557,0
1595630720.5025196,337.2670911796299,0.013698299200119557,0
1595630720.5125246,339.06799068524515,0.013698299200119557,0
1595630720.5225246,340.8679889686314,0.013698299200119557,0
1595630720.5325172,342.6666568763462,0.013698299200119557,0
1595630720.5425143,344.4661401756016,0.013698299200119557,0
1595630720.5525103,346.2654088981358,0.013698299200119557,0
1595630720.5625193,348.06703796460306,0.013698299200119557,0
1595630720.5725188,349.8669504173008,0.013698299200119557,0
1595630720.582513,351.6659187324253,0.013698299200119557,0
1595630720.5925293,353.46883525921976,0.013698299200119557,0
1595630720.602523,355.2677177436558,0.013698299200119557,0
1595630720.6125126,357.06582775189554,0.013698299200119557,0
1595630720.62252,358.86715641095316,0.013698299200119557,0
1595630720.6288302,360,0.013698299200119557,1
1595630720.6288302,0,0,0
1595630720.6388311,4.216050675350358,0.01342155961437319,0
1595630720.6488438,6.018323471981217,0.01342155961437319,0
1595630720.6588392,7.81750636382692,0.01342155961437319,0
1595630720.668844,9.618362954097917,0.01342155961437319,0
1595630720.678831,11.41604380889528,0.01342155961437319,0
1595630720.6888402,13.217672875362565,0.01342155961437319,0
1595630720.6988323,15.016254952388932,0.01342155961437319,0
1595630720.7088442,16.81839900298708,0.01342155961437319,0
1595630720.7188442,18.61839728637331,0.01342155961437319,0
1595630720.7288396,20.417580178219012,0.01342155961437319,0
1595630720.7388487,22.219209244686297,0.01342155961437319,0
1595630720.7488372,24.01714759154909,0.01342155961437319,0
1595630720.7588422,25.818047097164325,0.01342155961437319,0
1595630720.7688308,27.615985444027118,0.01342155961437319,0
1595630720.77883,29.415854981380633,0.01342155961437319,0
1595630720.7888358,31.216883233028582,0.01342155961437319,0
1595630720.7988408,33.01778273864382,0.01342155961437319,0
1595630720.808845,34.818553498226336,0.01342155961437319,0
1595630720.818843,36.61816554351442,0.01342155961437319,0
1595630720.8288395,38.41756301208132,0.01342155961437319,0
1595630720.8388393,40.21751838012331,0.01342155961437319,0
1595630720.8488324,42.01627211852663,0.01342155961437319,0
1595630720.8588398,43.817600777584246,0.01342155961437319,0
1595630720.868843,45.61819987578981,0.01342155961437319,0
1595630720.8788433,47.41824107452028,0.01342155961437319,0
1595630720.888836,49.216908982235125,0.01342155961437319,0
1595630720.8988473,51.01896720214479,0.01342155961437319,0
1595630720.9088368,52.81707721038454,0.01342155961437319,0
1595630720.9188333,54.616431763607196,0.01342155961437319,0
1595630720.9288433,56.418232491451434,0.01342155961437319,0
1595630720.9388456,58.21865992828005,0.01342155961437319,0
1595630720.9488318,60.01616912170046,0.01342155961437319,0
1595630720.9588444,61.81844191833132,0.01342155961437319,0
1595630720.9688354,63.61680941863649,0.01342155961437319,0
1595630720.9788306,65.41594939513796,0.01342155961437319,0
1595630720.9888344,67.216634324032,0.01342155961437319,0
1595630720.9988375,69.01719050689333,0.01342155961437319,0
1595630721.008835,70.81675963683718,0.01342155961437319,0
1595630721.0188344,72.61662917419069,0.01342155961437319,0
1595630721.028834,74.41658454223268,0.01342155961437319,0
1595630721.0388355,76.21684031768434,0.01342155961437319,0
1595630721.0488331,78.01640944762819,0.01342155961437319,0
1595630721.058843,79.81816726012819,0.01342155961437319,0
1595630721.0688365,81.61700682921999,0.01342155961437319,0
1595630721.0788395,83.41756301208132,0.01342155961437319,0
1595630721.0888414,85.21790461822145,0.01342155961437319,0
1595630721.0988424,87.01807456298464,0.01342155961437319,0
1595630721.108842,88.81798701568239,0.01342155961437319,0
1595630721.1188354,90.61682658477419,0.01342155961437319,0
1595630721.1288335,92.41648154540651,0.01342155961437319,0
1595630721.1388419,94.21798186584108,0.01342155961437319,0
1595630721.1488416,96.01793723388307,0.01342155961437319,0
1595630721.158846,97.8187079934656,0.01342155961437319,0
1595630721.1688378,99.61724715514772,0.01342155961437319,0
1595630721.178844,101.41836123748415,0.01342155961437319,0
1595630721.188831,103.21604209228151,0.01342155961437319,0
1595630721.1988401,105.0176711587488,0.01342155961437319,0
1595630721.2088325,106.8162961511194,0.01342155961437319,0
1595630721.2188354,108.61680941863649,0.01342155961437319,0
1595630721.2288451,110.41856723113649,0.01342155961437319,0
1595630721.2388382,112.21732096953981,0.01342155961437319,0
1595630721.2488306,114.01594596191042,0.01342155961437319,0
1595630721.25883,115.81585841460817,0.01342155961437319,0
1595630721.2670407,117.2937770394861,0.01342155961437319,0
1595630721.2670407,117.2937770394861,0.01342155961437319,0
1595630721.2688458,117.61868911071413,0.01342155961437319,0
1595630721.2788334,119.41645579619997,0.01342155961437319,0
1595630721.2888443,121.21842818542116,0.01342155961437319,0
1595630721.2988331,123.01640944762819,0.01342155961437319,0
1595630721.308846,124.81872515960329,0.01342155961437319,0
1595630721.318834,126.6165776757776,0.01342155961437319,0
1595630721.3288414,128.4179063348352,0.01342155961437319,0
1595630721.338835,130.216745903927,0.01342155961437319,0
1595630721.3488445,132.01846080108277,0.01342155961437319,0
1595630721.3588483,133.8191457299768,0.01342155961437319,0
1595630721.36884,135.6176419763147,0.01342155961437319,0
1595630721.3788483,137.41914229674927,0.01342155961437319,0
1595630721.388847,139.2189260034143,0.01342155961437319,0
1595630721.3988416,141.01793723388306,0.01342155961437319,0
1595630721.4088366,142.8170342950403,0.01342155961437319,0
1595630721.4188316,144.6161313561975,0.01342155961437319,0
1595630721.4288406,146.4177604226648,0.01342155961437319,0
1595630721.4388463,148.21878867431275,0.01342155961437319,0
1595630721.4488475,150.01900153442017,0.01342155961437319,0
1595630721.4588299,151.81582408233277,0.01342155961437319,0
1595630721.468837,153.61710982604615,0.01342155961437319,0
1595630721.478848,155.41908221526734,0.01342155961437319,0
1595630721.4888403,157.21770720763794,0.01342155961437319,0
1595630721.4988334,159.01646094604126,0.01342155961437319,0
1595630721.508831,160.8160300759851,0.01342155961437319,0
1595630721.518838,162.61727290435425,0.01342155961437319,0
1595630721.5288358,164.41688494964234,0.01342155961437319,0
1595630721.5388448,166.21851401610962,0.01342155961437319,0
1595630721.548843,168.01816897674195,0.01342155961437319,0
1595630721.5588453,169.81859641357056,0.01342155961437319,0
1595630721.5688472,171.6189380197107,0.01342155961437319,0
1595630721.5788326,173.4163184670984,0.01342155961437319,0
1595630721.58884,175.217647126156,0.01342155961437319,0
1595630721.5988307,177.01597171111695,0.01342155961437319,0
1595630721.6088455,178.81863074584595,0.01342155961437319,0
1595630721.618835,180.6167407540857,0.01342155961437319,0
1595630721.6288462,182.41875605865113,0.01342155961437319,0
1595630721.638845,184.21853976531617,0.01342155961437319,0
1595630721.648836,186.01690726562134,0.01342155961437319,0
1595630721.6588378,187.81724887176148,0.01342155961437319,0
1595630721.6688418,189.61797671599976,0.01342155961437319,0
1595630721.6788375,191.4172025231897,0.01342155961437319,0
1595630721.6888363,193.21698622985474,0.01342155961437319,0
1595630721.6988482,195.01913028045288,0.01342155961437319,0
1595630721.7088473,196.81895690246216,0.01342155961437319,0
1595630721.7188296,198.61577945037476,0.01342155961437319,0
1595630721.7288394,200.41753726287476,0.01342155961437319,0
1595630721.7388294,202.21573310180298,0.01342155961437319,0
1595630721.7488441,204.018392136532,0.01342155961437319,0
1595630721.7588315,205.8161159066736,0.01342155961437319,0
1595630721.7688465,207.61881785674683,0.01342155961437319,0
1595630721.7788296,209.41576915069214,0.01342155961437319,0
1595630721.7888355,211.21684031768433,0.01342155961437319,0
1595630721.7988305,213.01593737884156,0.01342155961437319,0
1595630721.808836,214.81692271514527,0.01342155961437319,0
1595630721.8188298,216.6158051995813,0.01342155961437319,0
1595630721.8288407,218.4177775888025,0.01342155961437319,0
1595630721.8388422,220.21803336425415,0.01342155961437319,0
1595630721.8488295,222.01575713439576,0.01342155961437319,0
1595630721.8588462,223.81875949187867,0.01342155961437319,0
1595630721.868845,225.6185431985437,0.01342155961437319,0
1595630721.8788466,227.4188418893396,0.01342155961437319,0
1595630721.8888366,229.21703772826783,0.01342155961437319,0
1595630721.8988407,231.0177655725061,0.01342155961437319,0
1595630721.908829,232.81566100402466,0.01342155961437319,0
1595630721.918843,234.61819129272095,0.01342155961437319,0
1595630721.9288409,236.41780333800904,0.01342155961437319,0
1595630721.9388316,238.21612792296997,0.01342155961437319,0
1595630721.9488356,240.01685576720826,0.01342155961437319,0
1595630721.9588356,241.8168540505945,0.01342155961437319,0
1595630721.9688313,243.61607985778443,0.01342155961437319,0
1595630721.9788423,245.41805224700562,0.01342155961437319,0
1595630721.9888465,247.21882300658814,0.01342155961437319,0
1595630721.9988465,249.01882128997437,0.01342155961437319,0
1595630722.0088344,250.81663089080445,0.01342155961437319,0
1595630722.0188415,252.61791663451783,0.01342155961437319,0
1595630722.0288448,254.4185157327234,0.01342155961437319,0
1595630722.0388439,256.21834235473267,0.01342155961437319,0
1595630722.0488422,258.01804023070923,0.01342155961437319,0
1595630722.058833,259.81636481567017,0.01342155961437319,0
1595630722.0688324,261.6162772683679,0.01342155961437319,0
1595630722.078845,263.4185500649988,0.01342155961437319,0
1595630722.088839,265.21747546477906,0.01342155961437319,0
1595630722.0988405,267.0177312402307,0.01342155961437319,0
1595630722.1088302,268.8158841638147,0.01342155961437319,0
1595630722.118833,270.6163974313318,0.01342155961437319,0
1595630722.128832,272.41622405334107,0.01342155961437319,0
1595630722.138835,274.21673732085816,0.01342155961437319,0
1595630722.1488373,276.01716475768677,0.01342155961437319,0
1595630722.15883,277.8158326654016,0.01342155961437319,0
1595630722.1688461,279.61874919219605,0.01342155961437319,0
1595630722.1788342,281.41660170837037,0.01342155961437319,0
1595630722.1888456,283.21865992828003,0.01342155961437319,0
1595630722.1988423,285.0180573968469,0.01342155961437319,0
1595630722.2088459,286.81869941039673,0.01342155961437319,0
1595630722.2188334,288.6164660958826,0.01342155961437319,0
1595630722.2288446,290.418481400448,0.01342155961437319,0
1595630722.2388349,292.21672015472046,0.01342155961437319,0
1595630722.2488358,294.01689009948365,0.01342155961437319,0
1595630722.2588315,295.8161159066736,0.01342155961437319,0
1595630722.2688468,297.61886077209107,0.01342155961437319,0
1595630722.2788405,299.4177432565271,0.01342155961437319,0
1595630722.2888305,301.2159390954553,0.01342155961437319,0
1595630722.2988331,303.0164094476282,0.01342155961437319,0
1595630722.3088317,304.816150238949,0.01342155961437319,0
1595630722.318846,306.6187234429895,0.01342155961437319,0
1595630722.3288424,308.41807799621216,0.01342155961437319,0
1595630722.3388329,310.21635966582886,0.01342155961437319,0
1595630722.3488355,312.0168300180017,0.01342155961437319,0
1595630722.358837,313.8170857934534,0.01342155961437319,0
1595630722.3688304,315.61592536254517,0.01342155961437319,0
1595630722.3788378,317.4172540216028,0.01342155961437319,0
1595630722.3888423,319.21806769652954,0.01342155961437319,0
1595630722.3988454,321.0186238793909,0.01342155961437319,0
1595630722.4088316,322.8161330728113,0.01342155961437319,0
1595630722.4188418,324.61797671599976,0.01342155961437319,0
1595630722.428847,326.41891913695923,0.01342155961437319,0
1595630722.438832,328.21621375365845,0.01342155961437319,0
1595630722.4488363,330.01698451324097,0.01342155961437319,0
1595630722.4588423,331.81805568023316,0.01342155961437319,0
1595630722.4688334,333.6164660958826,0.01342155961437319,0
1595630722.4788458,335.4186959771692,0.01342155961437319,0
1595630722.4888458,337.2186942605554,0.01342155961437319,0
1595630722.4988368,339.0170617608606,0.01342155961437319,0
1595630722.5088458,340.8186908273279,0.01342155961437319,0
1595630722.5188348,342.61671500487915,0.01342155961437319,0
1595630722.5288448,344.4185157327234,0.01342155961437319,0
1595630722.538844,346.2183852700769,0.01342155961437319,0
1595630722.5488284,348.0155511407434,0.01342155961437319,0
1595630722.5588334,349.81645064635865,0.01342155961437319,0
1595630722.5688343,351.61662059112183,0.01342155961437319,0
1595630722.5788329,353.41636138244263,0.01342155961437319,0
1595630722.5888467,355.2188487557947,0.01342155961437319,0
1595630722.5988474,357.0189757852136,0.01342155961437319,0
1595630722.6088421,358.8180299310266,0.01342155961437319,0
1595630722.6154258,360,0.01342155961437319,1
1595630722.6154258,0,0,0
1595630722.6254416,4.172322169103109,0.013163841516650843,0
1595630722.6354442,5.97279252127596,0.013163841516650843,0
1595630722.6454332,7.77081669882723,0.013163841516650843,0
1595630722.6554382,9.571716204442463,0.013163841516650843,0
1595630722.6654346,11.37107075766512,0.013163841516650843,0
1595630722.6754344,13.171026125707112,0.013163841516650843,0
1595630722.6854372,14.971539393224202,0.013163841516650843,0
1595630722.695438,16.771666422643147,0.013163841516650843,0
1595630722.7054358,18.571278467931233,0.013163841516650843,0
1595630722.7154276,20.36981762961336,0.013163841516650843,0
1595630722.7254267,22.16964425162264,0.013163841516650843,0
1595630722.7354279,23.96985711173006,0.013163841516650843,0
1595630722.7454443,25.772816553868733,0.013163841516650843,0
1595630722.7554383,27.571741953649006,0.013163841516650843,0
1595630722.765437,29.371482744969807,0.013163841516650843,0
1595630722.77543,31.170236483373127,0.013163841516650843,0
1595630722.785438,32.97169388846346,0.013163841516650843,0
1595630722.795444,34.77276505545565,0.013163841516650843,0
1595630722.8054256,36.56945885733553,0.013163841516650843,0
1595630722.8154416,38.37233246878573,0.013163841516650843,0
1595630722.8254302,40.17027081564852,0.013163841516650843,0
1595630722.8354278,41.96983994559237,0.013163841516650843,0
1595630722.8454332,43.77082528189608,0.013163841516650843,0
1595630722.855426,45.56953610495516,0.013163841516650843,0
1595630722.8654425,47.372495547093834,0.013163841516650843,0
1595630722.875437,49.171506777562584,0.013163841516650843,0
1595630722.8854318,50.97056092337557,0.013163841516650843,0
1595630722.8954425,52.772490397252525,0.013163841516650843,0
1595630722.9054341,54.570986643590416,0.013163841516650843,0
1595630722.9154282,56.36991204337069,0.013163841516650843,0
1595630722.925433,58.170768633641686,0.013163841516650843,0
1595630722.93544,59.972054377355065,0.013163841516650843,0
1595630722.945433,61.77076520041415,0.013163841516650843,0
1595630722.9554296,63.57016266898104,0.013163841516650843,0
1595630722.9654398,65.37200631216952,0.013163841516650843,0
1595630722.9754407,67.1721762569327,0.013163841516650843,0
1595630722.9854338,68.97092999533602,0.013163841516650843,0
1595630722.9954393,70.77191533163973,0.013163841516650843,0
1595630723.0054343,72.57101239279696,0.013163841516650843,0
1595630723.0154297,74.37019528464266,0.013163841516650843,0
1595630723.0254352,76.17118062094637,0.013163841516650843,0
1595630723.035442,77.97242344931551,0.013163841516650843,0
1595630723.045436,79.77130593375155,0.013163841516650843,0
1595630723.0554426,81.57250584677645,0.013163841516650843,0
1595630723.0654426,83.37250413016268,0.013163841516650843,0
1595630723.0754323,85.17065705374667,0.013163841516650843,0
1595630723.0854285,86.96996869162508,0.013163841516650843,0
1595630723.095443,88.77258481100985,0.013163841516650843,0
1595630723.105441,90.57223977164217,0.013163841516650843,0
1595630723.1154313,92.37047852591463,0.013163841516650843,0
1595630723.1254258,94.16948975638338,0.013163841516650843,0
1595630723.1354291,95.97008885458895,0.013163841516650843,0
1595630723.1454282,97.76991547659823,0.013163841516650843,0
1595630723.15543,99.57025708273837,0.013163841516650843,0
1595630723.1654427,101.37252987936922,0.013163841516650843,0
1595630723.1754332,103.17081154898592,0.013163841516650843,0
1595630723.1854424,104.97248353079745,0.013163841516650843,0
1595630723.1954322,106.77063645438143,0.013163841516650843,0
1595630723.2054384,108.57175053671786,0.013163841516650843,0
1595630723.2154396,110.37196339682528,0.013163841516650843,0
1595630723.2254355,112.17123211935946,0.013163841516650843,0
1595630723.2354312,113.9704579265494,0.013163841516650843,0
1595630723.2383888,114.50282277182528,0.013163841516650843,0
1595630723.2383888,114.50282277182528,0.013163841516650843,0
1595630723.2454267,115.7696408183951,0.013163841516650843,0
1595630723.2554393,117.57191361502596,0.013163841516650843,0
1595630723.265436,119.37131108359286,0.013163841516650843,0
1595630723.275433,121.17079438284823,0.013163841516650843,0
1595630723.285442,122.97242344931551,0.013163841516650843,0
1595630723.2954388,124.77182091788241,0.013163841516650843,0
1595630723.3054338,126.57091797903963,0.013163841516650843,0
1595630723.3154333,128.37083043173737,0.013163841516650843,0
1595630723.3254306,130.17035664633698,0.013163841516650843,0
1595630723.335444,131.97275818900056,0.013163841516650843,0
1595630723.3454363,133.77138318137116,0.013163841516650843,0
1595630723.3554368,135.57146729544587,0.013163841516650843,0
1595630723.3654358,137.37129391745515,0.013163841516650843,0
1595630723.375443,139.17257966116853,0.013163841516650843,0
1595630723.385432,140.9706038387198,0.013163841516650843,0
1595630723.3954265,142.76961506918855,0.013163841516650843,0
1595630723.4054358,144.57128705100007,0.013163841516650843,0
1595630723.415438,146.37167157248444,0.013163841516650843,0
1595630723.4254348,148.17111195639558,0.013163841516650843,0
1595630723.4354405,149.97214020804353,0.013163841516650843,0
1595630723.4454372,151.77153767661042,0.013163841516650843,0
1595630723.4554346,153.57106389121003,0.013163841516650843,0
1595630723.4654427,155.37252129630036,0.013163841516650843,0
1595630723.475429,157.170073405065,0.013163841516650843,0
1595630723.4854417,158.97234620169587,0.013163841516650843,0
1595630723.4954257,160.76946915701814,0.013163841516650843,0
1595630723.5054362,162.57135571555085,0.013163841516650843,0
1595630723.515442,164.3723839671988,0.013163841516650843,0
1595630723.5254436,166.1726826579947,0.013163841516650843,0
1595630723.535429,167.9700631053824,0.013163841516650843,0
1595630723.5454378,169.77164925650544,0.013163841516650843,0
1595630723.555433,171.5707892330069,0.013163841516650843,0
1595630723.565432,173.37061585501618,0.013163841516650843,0
1595630723.5754392,175.17190159872956,0.013163841516650843,0
1595630723.5854294,176.97014035300202,0.013163841516650843,0
1595630723.5954397,178.7719839961905,0.013163841516650843,0
1595630723.6054285,180.56996525839753,0.013163841516650843,0
1595630723.6154337,182.370907679357,0.013163841516650843,0
1595630723.6254265,184.16961850241609,0.013163841516650843,0
1595630723.6354327,185.9707325847525,0.013163841516650843,0
1595630723.6454365,187.77141751364655,0.013163841516650843,0
1595630723.6554408,189.57218827322907,0.013163841516650843,0
1595630723.6654413,191.37227238730378,0.013163841516650843,0
1595630723.6754363,193.171369448461,0.013163841516650843,0
1595630723.6854308,194.97038067892976,0.013163841516650843,0
1595630723.6954432,196.77261056021638,0.013163841516650843,0
1595630723.7054431,198.5726088436026,0.013163841516650843,0
1595630723.7154248,200.3693026454825,0.013163841516650843,0
1595630723.7254415,202.1723050029654,0.013163841516650843,0
1595630723.7354279,203.96985711173005,0.013163841516650843,0
1595630723.7454329,205.77075661734528,0.013163841516650843,0
1595630723.7554393,207.57191361502595,0.013163841516650843,0
1595630723.7654383,209.37174023703523,0.013163841516650843,0
1595630723.775441,211.17221058920808,0.013163841516650843,0
1595630723.7854419,212.97238053397126,0.013163841516650843,0
1595630723.795443,214.77259339407868,0.013163841516650843,0
1595630723.8054264,216.56958760336823,0.013163841516650843,0
1595630723.8154306,218.37035836295075,0.013163841516650843,0
1595630723.8254313,220.1704853923697,0.013163841516650843,0
1595630723.8354259,221.96949662283845,0.013163841516650843,0
1595630723.845438,223.77168358878083,0.013163841516650843,0
1595630723.8554273,225.56975068167634,0.013163841516650843,0
1595630723.865428,227.36987771109528,0.013163841516650843,0
1595630723.8754432,229.17262257651277,0.013163841516650843,0
1595630723.8854246,230.9692734630484,0.013163841516650843,0
1595630723.8954318,232.7705592067618,0.013163841516650843,0
1595630723.9054377,234.57163037375398,0.013163841516650843,0
1595630723.9154289,236.3700407894034,0.013163841516650843,0
1595630723.9254315,238.17051114157624,0.013163841516650843,0
1595630723.9354246,239.96926487997956,0.013163841516650843,0
1595630723.9454327,241.7707222850699,0.013163841516650843,0
1595630723.9554257,243.56947602347321,0.013163841516650843,0
1595630723.9654324,245.37067593649812,0.013163841516650843,0
1595630723.9754314,247.1705025585074,0.013163841516650843,0
1595630723.9854403,248.97208870963044,0.013163841516650843,0
1595630723.995434,250.77097119406648,0.013163841516650843,0
1595630724.0054395,252.5719565303702,0.013163841516650843,0
1595630724.0154438,254.3727272899527,0.013163841516650843,0
1595630724.0254376,256.17160977438874,0.013163841516650843,0
1595630724.0354397,257.9719942958731,0.013163841516650843,0
1595630724.0454297,259.77019013480134,0.013163841516650843,0
1595630724.055431,261.57040299490876,0.013163841516650843,0
1595630724.0654268,263.36967171744294,0.013163841516650843,0
1595630724.0754435,265.17267407492585,0.013163841516650843,0
1595630724.0854259,266.96949662283845,0.013163841516650843,0
1595630724.095443,268.77258481100984,0.013163841516650843,0
1595630724.1054428,270.5725401790518,0.013163841516650843,0
1595630724.115441,272.3722380550284,0.013163841516650843,0
1595630724.125432,274.17060555533357,0.013163841516650843,0
1595630724.1354268,275.96965970114655,0.013163841516650843,0
1595630724.1454353,277.77120293692536,0.013163841516650843,0
1595630724.155427,279.56969918326325,0.013163841516650843,0
1595630724.1654391,281.37188614920564,0.013163841516650843,0
1595630724.1754262,283.169567004003,0.013163841516650843,0
1595630724.1854377,284.97162522391267,0.013163841516650843,0
1595630724.1954372,286.7715376766104,0.013163841516650843,0
1595630724.2054372,288.57153595999665,0.013163841516650843,0
1595630724.2154365,290.37140549735017,0.013163841516650843,0
1595630724.2254372,292.1715325267691,0.013163841516650843,0
1595630724.2354245,293.9692562969107,0.013163841516650843,0
1595630724.2454338,295.77092827872224,0.013163841516650843,0
1595630724.2554271,297.5697249324698,0.013163841516650843,0
1595630724.2654378,299.37165440634675,0.013163841516650843,0
1595630724.275431,301.17040814475007,0.013163841516650843,0
1595630724.2854364,302.9713934810538,0.013163841516650843,0
1595630724.2954364,304.77139176444,0.013163841516650843,0
1595630724.3054276,306.5698021800894,0.013163841516650843,0
1595630724.3154316,308.3705300243277,0.013163841516650843,0
1595630724.325441,310.17220200613923,0.013163841516650843,0
1595630724.3354328,311.97074116782136,0.013163841516650843,0
1595630724.3454328,313.7707394512076,0.013163841516650843,0
1595630724.3554409,315.5721968562979,0.013163841516650843,0
1595630724.3654342,317.3709935100455,0.013163841516650843,0
1595630724.3754344,319.17103470877595,0.013163841516650843,0
1595630724.3854272,320.96974553183503,0.013163841516650843,0
1595630724.3954358,322.77128876761384,0.013163841516650843,0
1595630724.4054315,324.5705145748038,0.013163841516650843,0
1595630724.4154387,326.37180031851716,0.013163841516650843,0
1595630724.4254386,328.1717986019034,0.013163841516650843,0
1595630724.4354265,329.96960820273347,0.013163841516650843,0
1595630724.4454272,331.7697352321524,0.013163841516650843,0
1595630724.455441,333.57222260550446,0.013163841516650843,0
1595630724.4654348,335.3711050899405,0.013163841516650843,0
1595630724.4754367,337.17144669608064,0.013163841516650843,0
1595630724.485439,338.97187413290925,0.013163841516650843,0
1595630724.4954345,340.77105702475495,0.013163841516650843,0
1595630724.5054302,342.5702828319449,0.013163841516650843,0
1595630724.515437,344.3714827449698,0.013163841516650843,0
1595630724.5254376,346.17160977438874,0.013163841516650843,0
1595630724.5354252,347.9693764598746,0.013163841516650843,0
1595630724.545424,349.7691601665396,0.013163841516650843,0
1595630724.5554419,351.5723771007437,0.013163841516650843,0
1595630724.5654385,353.3717745693106,0.013163841516650843,0
1595630724.5754387,355.1718157680411,0.013163841516650843,0
1595630724.5854368,356.9714707286734,0.013163841516650843,0
1595630724.595428,358.7698811443228,0.013163841516650843,0
1595630724.6022785,360,0.013163841516650843,1
1595630724.6022785,0,0,0
1595630724.6122956,4.116198645008369,0.012850613649094345,0
1595630724.622291,5.915381536854072,0.012850613649094345,0
1595630724.6322925,7.7156373123057325,0.012850613649094345,0
1595630724.6422849,9.514262304676338,0.012850613649094345,0
1595630724.6522818,11.31370268858747,0.012850613649094345,0
1595630724.6622815,13.113658056629463,0.012850613649094345,0
1595630724.6722856,14.914385900867744,0.012850613649094345,0
1595630724.6822877,16.714770422352117,0.012850613649094345,0
1595630724.6922803,18.51343833006696,0.012850613649094345,0
1595630724.7022862,20.31450949705915,0.012850613649094345,0
1595630724.7122943,22.11596690214948,0.012850613649094345,0
1595630724.722291,23.915364370716375,0.012850613649094345,0
1595630724.7322943,25.71596346892194,0.012850613649094345,0
1595630724.7422924,27.515618429554266,0.012850613649094345,0
1595630724.7522898,29.315144644153875,0.012850613649094345,0
1595630724.7622952,31.116129980457586,0.012850613649094345,0
1595630724.7722852,32.91432581938581,0.012850613649094345,0
1595630724.7822878,34.71479617155866,0.012850613649094345,0
1595630724.7922797,36.51333533324079,0.012850613649094345,0
1595630724.8022838,38.31406317747907,0.012850613649094345,0
1595630724.8122892,40.11504851378278,0.012850613649094345,0
1595630724.8222966,41.9163771728404,0.012850613649094345,0
1595630724.8322933,43.71577464140729,0.012850613649094345,0
1595630724.8422854,45.51435671843366,0.012850613649094345,0
1595630724.852281,47.3135825256236,0.012850613649094345,0
1595630724.8622847,49.11422453917341,0.012850613649094345,0
1595630724.8722968,50.91641150511579,0.012850613649094345,0
1595630724.8822825,52.71383486784772,0.012850613649094345,0
1595630724.892292,54.515549765003485,0.012850613649094345,0
1595630724.9022815,56.31365977324323,0.012850613649094345,0
1595630724.9122915,58.11546050108747,0.012850613649094345,0
1595630724.9222856,59.91438590086774,0.012850613649094345,0
1595630724.9322865,61.714555845630926,0.012850613649094345,0
1595630724.9422958,63.51622782744245,0.012850613649094345,0
1595630724.95229,65.31519614256696,0.012850613649094345,0
1595630724.962281,67.11356364287214,0.012850613649094345,0
1595630724.9722903,68.91523562468366,0.012850613649094345,0
1595630724.982293,70.71570597685651,0.012850613649094345,0
1595630724.9922793,72.51325808562116,0.012850613649094345,0
1595630725.00229,74.31518755949811,0.012850613649094345,0
1595630725.0122926,76.11565791167097,0.012850613649094345,0
1595630725.0222971,77.91647158659772,0.012850613649094345,0
1595630725.0322952,79.71612654723005,0.012850613649094345,0
1595630725.0422802,81.51342116392927,0.012850613649094345,0
1595630725.052284,83.31410609282331,0.012850613649094345,0
1595630725.062279,85.11320315398054,0.012850613649094345,0
1595630725.0722785,86.91311560667829,0.012850613649094345,0
1595630725.0822973,88.71650420225934,0.012850613649094345,0
1595630725.0922923,90.51560126341657,0.012850613649094345,0
1595630725.102286,92.3144837478526,0.012850613649094345,0
1595630725.11228,94.11336623228864,0.012850613649094345,0
1595630725.122279,95.91319285429792,0.012850613649094345,0
1595630725.1322868,97.71460734404401,0.012850613649094345,0
1595630725.1422918,99.51550684965925,0.012850613649094345,0
1595630725.1522791,101.31323061980085,0.012850613649094345,0
1595630725.1622894,103.11507426298932,0.012850613649094345,0
1595630725.17228,104.91339884795026,0.012850613649094345,0
1595630725.1822894,106.71507082976179,0.012850613649094345,0
1595630725.1922917,108.5154982665904,0.012850613649094345,0
1595630725.2022805,110.31347952879743,0.012850613649094345,0
1595630725.2097547,111.65883265532331,0.012850613649094345,0
1595630725.2097547,111.65883265532331,0.012850613649094345,0
1595630725.2122862,112.11450778044538,0.012850613649094345,0
1595630725.222281,113.91356192625837,0.012850613649094345,0
1595630725.2322965,115.71634970702009,0.012850613649094345,0
1595630725.2422814,117.5136443237193,0.012850613649094345,0
1595630725.2522874,119.31471549071149,0.012850613649094345,0
1595630725.2622845,121.11419878996686,0.012850613649094345,0
1595630725.2722905,122.91526995695905,0.012850613649094345,0
1595630725.282293,124.7157403091319,0.012850613649094345,0
1595630725.2922812,126.51359282530622,0.012850613649094345,0
1595630725.3022902,128.31522189177352,0.012850613649094345,0
1595630725.3122804,130.11346064604598,0.012850613649094345,0
1595630725.3222952,131.91611968077498,0.012850613649094345,0
1595630725.3322802,133.7134142974742,0.012850613649094345,0
1595630725.342278,135.5130263427623,0.012850613649094345,0
1595630725.3522825,137.31384001768905,0.012850613649094345,0
1595630725.36229,139.11516867674666,0.012850613649094345,0
1595630725.372288,140.914823637379,0.012850613649094345,0
1595630725.382295,142.71606646574813,0.012850613649094345,0
1595630725.3922877,144.5147772888072,0.012850613649094345,0
1595630725.4022887,146.3149472335704,0.012850613649094345,0
1595630725.4122946,148.11601840056258,0.012850613649094345,0
1595630725.4222832,149.91395674742537,0.012850613649094345,0
1595630725.432285,151.7142983535655,0.012850613649094345,0
1595630725.4422886,153.51494036711532,0.012850613649094345,0
1595630725.45229,155.31519614256698,0.012850613649094345,0
1595630725.4622812,157.1136065582164,0.012850613649094345,0
1595630725.4722967,158.9163943389781,0.012850613649094345,0
1595630725.4822948,160.71604929961043,0.012850613649094345,0
1595630725.4922967,162.51639090575057,0.012850613649094345,0
1595630725.5022957,164.31621752775985,0.012850613649094345,0
1595630725.5122802,166.1134263137706,0.012850613649094345,0
1595630725.5222862,167.91449748076278,0.012850613649094345,0
1595630725.5322897,169.71513949431258,0.012850613649094345,0
1595630725.5422828,171.5138932327159,0.012850613649094345,0
1595630725.5522883,173.3148785690196,0.012850613649094345,0
1595630725.562286,175.11444769896346,0.012850613649094345,0
1595630725.5722775,176.91294394530135,0.012850613649094345,0
1595630725.5822816,178.71367178953963,0.012850613649094345,0
1595630725.5922892,180.5150433639415,0.012850613649094345,0
1595630725.6022809,182.31353961027938,0.012850613649094345,0
1595630725.612291,184.11538325346785,0.012850613649094345,0
1595630725.6222794,185.9132786849864,0.012850613649094345,0
1595630725.6322904,187.7152510742076,0.012850613649094345,0
1595630725.6422775,189.51293192900496,0.012850613649094345,0
1595630725.6522863,191.314518080128,0.012850613649094345,0
1595630725.6622834,193.11400137938338,0.012850613649094345,0
1595630725.6722846,194.9142142394908,0.012850613649094345,0
1595630725.6822789,196.71318255461532,0.012850613649094345,0
1595630725.6922846,198.51421080626326,0.012850613649094345,0
1595630725.7022924,200.31562529600936,0.012850613649094345,0
1595630725.7122943,202.1159669021495,0.012850613649094345,0
1595630725.7222917,203.9154931167491,0.012850613649094345,0
1595630725.732284,205.7141181091197,0.012850613649094345,0
1595630725.7422905,207.51527510680037,0.012850613649094345,0
1595630725.7522883,209.31488715208846,0.012850613649094345,0
1595630725.7622912,211.11540041960555,0.012850613649094345,0
1595630725.7722938,212.9158707717784,0.012850613649094345,0
1595630725.7822902,214.71522532500106,0.012850613649094345,0
1595630725.792282,216.5137644866832,0.012850613649094345,0
1595630725.802287,218.31466399229842,0.012850613649094345,0
1595630725.8122823,220.11380396879989,0.012850613649094345,0
1595630725.8222787,221.91315852202254,0.012850613649094345,0
1595630725.832291,223.71534548796492,0.012850613649094345,0
1595630725.8422964,225.51633082426864,0.012850613649094345,0
1595630725.8522835,227.314011679066,0.012850613649094345,0
1595630725.8622882,229.114868269337,0.012850613649094345,0
1595630725.8722916,230.91546736754256,0.012850613649094345,0
1595630725.8822818,232.71370612181502,0.012850613649094345,0
1595630725.8922834,234.51400481261092,0.012850613649094345,0
1595630725.9022925,236.3156338790782,0.012850613649094345,0
1595630725.9122941,238.1159325698741,0.012850613649094345,0
1595630725.9222791,239.91322718657332,0.012850613649094345,0
1595630725.9322789,241.71318255461532,0.012850613649094345,0
1595630725.9422781,243.51305209196883,0.012850613649094345,0
1595630725.952289,245.31502448119002,0.012850613649094345,0
1595630725.9622898,247.11515151060897,0.012850613649094345,0
1595630725.9722855,248.9143773177989,0.012850613649094345,0
1595630725.982295,250.71609221495467,0.012850613649094345,0
1595630725.992288,252.514845953358,0.012850613649094345,0
1595630726.002284,254.31411467589217,0.012850613649094345,0
1595630726.0122871,256.1146708587535,0.012850613649094345,0
1595630726.0222797,257.91333876646837,0.012850613649094345,0
1595630726.0322778,259.7129937271007,0.012850613649094345,0
1595630726.0422812,261.51359282530626,0.012850613649094345,0
1595630726.05229,263.3151789764293,0.012850613649094345,0
1595630726.0622864,265.11453352965196,0.012850613649094345,0
1595630726.0722952,266.916119680775,0.012850613649094345,0
1595630726.0822845,268.7141867736705,0.012850613649094345,0
1595630726.0922892,270.5150433639415,0.012850613649094345,0
1595630726.1022918,272.31551371611437,0.012850613649094345,0
1595630726.112293,274.1157265762218,0.012850613649094345,0
1595630726.1222847,275.9142228225597,0.012850613649094345,0
1595630726.1322882,277.7148648361095,0.012850613649094345,0
1595630726.1422856,279.5143910507091,0.012850613649094345,0
1595630726.1522908,281.31533347166857,0.012850613649094345,0
1595630726.1622913,283.1154175857433,0.012850613649094345,0
1595630726.1722891,284.91502963103136,0.012850613649094345,0
1595630726.182281,286.7135687927135,0.012850613649094345,0
1595630726.1922805,288.51348124541124,0.012850613649094345,0
1595630726.2022786,290.31313620604357,0.012850613649094345,0
1595630726.2122817,292.1136923889049,0.012850613649094345,0
1595630726.2222855,293.91437731779894,0.012850613649094345,0
1595630726.2322922,295.71557723082384,0.012850613649094345,0
1595630726.2422774,297.5129147628673,0.012850613649094345,0
1595630726.2522902,299.3152304748424,0.012850613649094345,0
1595630726.2622895,301.1151000121959,0.012850613649094345,0
1595630726.2722936,302.9158278564342,0.012850613649094345,0
1595630726.2822826,304.71385203398546,0.012850613649094345,0
1595630726.2922847,306.51423655546984,0.012850613649094345,0
1595630726.302283,308.3139344314464,0.012850613649094345,0
1595630726.3122957,310.11620722807726,0.012850613649094345,0
1595630726.3222895,311.9150897125133,0.012850613649094345,0
1595630726.3322818,313.7137147048839,0.012850613649094345,0
1595630726.3422844,315.51418505705675,0.012850613649094345,0
1595630726.3522775,317.31293879546007,0.012850613649094345,0
1595630726.3622954,319.1161557296642,0.012850613649094345,0
1595630726.372278,320.913021192921,0.012850613649094345,0
1595630726.3822782,322.7130623916515,0.012850613649094345,0
1595630726.39229,324.5152064422496,0.012850613649094345,0
1595630726.4022872,326.314689741505,0.012850613649094345,0
1595630726.412291,328.11537467039904,0.012850613649094345,0
1595630726.4222882,329.9148579696544,0.012850613649094345,0
1595630726.432289,331.71498499907335,0.012850613649094345,0
1595630726.4422936,333.51584158934435,0.012850613649094345,0
1595630726.4522834,335.31399451292833,0.012850613649094345,0
1595630726.462296,337.1162673095592,0.012850613649094345,0
1595630726.472289,338.9150210479625,0.012850613649094345,0
1595630726.482279,340.71321688689073,0.012850613649094345,0
1595630726.4922907,342.51531802214464,0.012850613649094345,0
1595630726.5022771,344.3128701309093,0.012850613649094345,0
1595630726.5122905,346.11527167357286,0.012850613649094345,0
1595630726.5222883,347.91488371886095,0.012850613649094345,0
1595630726.5322783,349.7130795577892,0.012850613649094345,0
1595630726.5422957,351.5162106613048,0.012850613649094345,0
1595630726.552291,353.31535063780626,0.012850613649094345,0
1595630726.562291,355.1153489211925,0.012850613649094345,0
1595630726.572278,356.91302977598986,0.012850613649094345,0
1595630726.5822942,358.7159463027843,0.012850613649094345,0
1595630726.5894396,360,0.012850613649094345,1
1595630726.5894396,0,0,0
1595630726.5994568,4.058746233632213,0.012531433585893481,0
1595630726.6094508,5.857671633412487,0.012531433585893481,0
1595630726.6194527,7.6580132395526235,0.012531433585893481,0
1595630726.629446,9.456809893300182,0.012531433585893481,0
1595630726.6394527,11.258009806325084,0.012531433585893481,0
1595630726.6494505,13.05762185161317,0.012531433585893481,0
1595630726.6594396,14.85564602916444,0.012531433585893481,0
1595630726.669455,16.65843380992616,0.012531433585893481,0
1595630726.6794598,18.459290400197155,0.012531433585893481,0
1595630726.6894398,20.25568379466737,0.012531433585893481,0
1595630726.699446,22.056797877003795,0.012531433585893481,0
1595630726.7094448,23.856581583668834,0.012531433585893481,0
1595630726.7194438,25.65640820567811,0.012531433585893481,0
1595630726.7294478,27.457136049916393,0.012531433585893481,0
1595630726.7394483,29.2572201639911,0.012531433585893481,0
1595630726.749459,31.059149637868053,0.012531433585893481,0
1595630726.7594423,32.856143847157604,0.012531433585893481,0
1595630726.7694514,34.65777291362489,0.012531433585893481,0
1595630726.7794442,36.45648373668397,0.012531433585893481,0
1595630726.7894459,38.25678242747987,0.012531433585893481,0
1595630726.799454,40.0582398325702,0.012531433585893481,0
1595630726.8094497,41.85746563976014,0.012531433585893481,0
1595630726.8194544,43.65832223003114,0.012531433585893481,0
1595630726.8294563,45.458663836171276,0.012531433585893481,0
1595630726.8394425,47.256173029591686,0.012531433585893481,0
1595630726.8494449,49.0566004664203,0.012531433585893481,0
1595630726.859456,50.85861577098573,0.012531433585893481,0
1595630726.8694553,52.658485308339245,0.012531433585893481,0
1595630726.8794398,54.45569409434999,0.012531433585893481,0
1595630726.8894424,56.25616444652284,0.012531433585893481,0
1595630726.8994403,58.055776491810924,0.012531433585893481,0
1595630726.9094512,59.857748881032116,0.012531433585893481,0
1595630726.919447,61.65697468822206,0.012531433585893481,0
1595630726.929446,63.456801310231334,0.012531433585893481,0
1595630726.9394534,65.25812996928894,0.012531433585893481,0
1595630726.9494414,67.05598248546326,0.012531433585893481,0
1595630726.9594526,68.85799779002869,0.012531433585893481,0
1595630726.96945,70.6575240046283,0.012531433585893481,0
1595630726.9794476,72.45709313457215,0.012531433585893481,0
1595630726.98944,74.25571812694275,0.012531433585893481,0
1595630726.9994535,76.05816258495057,0.012531433585893481,0
1595630727.0094414,77.85597218578064,0.012531433585893481,0
1595630727.0194578,79.65893162791932,0.012531433585893481,0
1595630727.0294492,81.45738495891297,0.012531433585893481,0
1595630727.0394464,83.25686825816834,0.012531433585893481,0
1595630727.0494537,85.05819691722596,0.012531433585893481,0
1595630727.0594552,86.85845269267762,0.012531433585893481,0
1595630727.06944,88.6557043940326,0.012531433585893481,0
1595630727.0794454,90.45668973033631,0.012531433585893481,0
1595630727.0894578,92.25891961162293,0.012531433585893481,0
1595630727.0994432,94.05630005901062,0.012531433585893481,0
1595630727.1094418,95.85604085033142,0.012531433585893481,0
1595630727.119448,97.65715493266785,0.012531433585893481,0
1595630727.1294472,99.45702447002137,0.012531433585893481,0
1595630727.1394565,101.25869645183289,0.012531433585893481,0
1595630727.14945,103.05753602092469,0.012531433585893481,0
1595630727.1594498,104.85749138896668,0.012531433585893481,0
1595630727.16944,106.65573014323914,0.012531433585893481,0
1595630727.1794462,108.45684422557557,0.012531433585893481,0
1595630727.181095,108.75360383098328,0.012531433585893481,0
1595630727.181095,108.75360383098328,0.012531433585893481,0
1595630727.189447,110.25697125499451,0.012531433585893481,0
1595630727.1994476,112.05709828441346,0.012531433585893481,0
1595630727.2094426,113.85619534557068,0.012531433585893481,0
1595630727.219448,115.6571806818744,0.012531433585893481,0
1595630727.229444,117.45644940440857,0.012531433585893481,0
1595630727.2394447,119.25657643382752,0.012531433585893481,0
1595630727.2494535,121.05816258495057,0.012531433585893481,0
1595630727.2594478,122.85713090007508,0.012531433585893481,0
1595630727.2694566,124.65871705119812,0.012531433585893481,0
1595630727.2794394,126.4556254297992,0.012531433585893481,0
1595630727.2894506,128.25764073436463,0.012531433585893481,0
1595630727.2994492,130.05738152568543,0.012531433585893481,0
1595630727.309439,131.8555344492694,0.012531433585893481,0
1595630727.3194408,133.65587605540955,0.012531433585893481,0
1595630727.3294427,135.4562176615497,0.012531433585893481,0
1595630727.339457,137.2587908655902,0.012531433585893481,0
1595630727.3494518,139.0578450114032,0.012531433585893481,0
1595630727.3594508,140.85767163341248,0.012531433585893481,0
1595630727.3694408,142.6558674723407,0.012531433585893481,0
1595630727.3794434,144.45633782451355,0.012531433585893481,0
1595630727.3894491,146.2573660761615,0.012531433585893481,0
1595630727.3994403,148.05577649181092,0.012531433585893481,0
1595630727.4094467,149.85693348949158,0.012531433585893481,0
1595630727.4194467,151.6569317728778,0.012531433585893481,0
1595630727.4294517,153.45783127849305,0.012531433585893481,0
1595630727.4394515,155.25778664653504,0.012531433585893481,0
1595630727.4494421,157.05611123149598,0.012531433585893481,0
1595630727.4594524,158.85795487468445,0.012531433585893481,0
1595630727.4694536,160.65816773479187,0.012531433585893481,0
1595630727.4794402,162.45576275890076,0.012531433585893481,0
1595630727.489443,164.25627602641785,0.012531433585893481,0
1595630727.499458,166.0589779764911,0.012531433585893481,0
1595630727.5094576,167.85889042918885,0.012531433585893481,0
1595630727.5194416,169.6560133845111,0.012531433585893481,0
1595630727.5294552,171.45845784251892,0.012531433585893481,0
1595630727.539441,173.2559241205951,0.012531433585893481,0
1595630727.5494552,175.0584544092914,0.012531433585893481,0
1595630727.5594547,176.85836686198914,0.012531433585893481,0
1595630727.569441,178.6559189707538,0.012531433585893481,0
1595630727.57944,180.45574559276307,0.012531433585893481,0
1595630727.5894463,182.2568596750995,0.012531433585893481,0
1595630727.5994496,184.05745877330506,0.012531433585893481,0
1595630727.6094503,185.857585802724,0.012531433585893481,0
1595630727.6194415,187.65599621837342,0.012531433585893481,0
1595630727.6294425,189.4561661631366,0.012531433585893481,0
1595630727.6394536,191.25818146770203,0.012531433585893481,0
1595630727.6494415,193.0559910685321,0.012531433585893481,0
1595630727.6594467,194.85693348949158,0.012531433585893481,0
1595630727.6694543,196.65830506389344,0.012531433585893481,0
1595630727.6794457,198.4567583948871,0.012531433585893481,0
1595630727.6894438,200.2564133555194,0.012531433585893481,0
1595630727.699441,202.05589665477478,0.012531433585893481,0
1595630727.7094526,203.8579977900287,0.012531433585893481,0
1595630727.719455,205.6584252268573,0.012531433585893481,0
1595630727.72945,207.45752228801453,0.012531433585893481,0
1595630727.739448,209.25717724864685,0.012531433585893481,0
1595630727.7494543,211.05829133098328,0.012531433585893481,0
1595630727.7594504,212.8576029688617,0.012531433585893481,0
1595630727.7694495,214.65742959087098,0.012531433585893481,0
1595630727.7794542,216.45828618114197,0.012531433585893481,0
1595630727.7894511,218.2577265650531,0.012531433585893481,0
1595630727.7994392,220.05557908122742,0.012531433585893481,0
1595630727.8094566,221.85871018474305,0.012531433585893481,0
1595630727.8194528,223.65802182262146,0.012531433585893481,0
1595630727.8294497,225.4574622065326,0.012531433585893481,0
1595630727.8394563,227.2586621195575,0.012531433585893481,0
1595630727.84944,229.05574215953553,0.012531433585893481,0
1595630727.8594403,230.855783358266,0.012531433585893481,0
1595630727.8694544,232.65831364696228,0.012531433585893481,0
1595630727.879456,234.45861233775818,0.012531433585893481,0
1595630727.8894508,236.25766648357117,0.012531433585893481,0
1595630727.8994567,238.05873765056336,0.012531433585893481,0
1595630727.909452,239.85787762706482,0.012531433585893481,0
1595630727.9194467,241.6569317728778,0.012531433585893481,0
1595630727.929448,243.45714463298523,0.012531433585893481,0
1595630727.939445,245.2566279322406,0.012531433585893481,0
1595630727.9494567,247.0587290674945,0.012531433585893481,0
1595630727.9594498,248.85748280589783,0.012531433585893481,0
1595630727.969443,250.6562794596454,0.012531433585893481,0
1595630727.9794443,252.4564923197528,0.012531433585893481,0
1595630727.9894426,254.25619019572937,0.012531433585893481,0
1595630727.9994462,256.0568322092792,0.012531433585893481,0
1595630728.009449,257.8573454767963,0.012531433585893481,0
1595630728.0194402,259.6557558924457,0.012531433585893481,0
1595630728.029451,261.45768536632266,0.012531433585893481,0
1595630728.0394435,263.2563532740375,0.012531433585893481,0
1595630728.0494392,265.05557908122745,0.012531433585893481,0
1595630728.0594444,266.8565215021869,0.012531433585893481,0
1595630728.0694542,268.6582793146869,0.012531433585893481,0
1595630728.0794575,270.4588784128925,0.012531433585893481,0
1595630728.0894413,272.2559584528705,0.012531433585893481,0
1595630728.0994403,274.0557850748798,0.012531433585893481,0
1595630728.1094515,275.8578003794452,0.012531433585893481,0
1595630728.1194496,277.65745534007755,0.012531433585893481,0
1595630728.129457,279.45878399913516,0.012531433585893481,0
1595630728.1394467,281.25693692271915,0.012531433585893481,0
1595630728.149451,283.05770768230167,0.012531433585893481,0
1595630728.1594422,284.8561180979511,0.012531433585893481,0
1595630728.1694417,286.65603055064884,0.012531433585893481,0
1595630728.1794465,288.45688714091983,0.012531433585893481,0
1595630728.1894553,290.2584732920429,0.012531433585893481,0
1595630728.1994388,292.05551041667667,0.012531433585893481,0
1595630728.209441,293.85589493816104,0.012531433585893481,0
1595630728.2194495,295.65743817393985,0.012531433585893481,0
1595630728.2294507,297.4576510340473,0.012531433585893481,0
1595630728.239454,299.25825013225284,0.012531433585893481,0
1595630728.2494404,301.0558022410175,0.012531433585893481,0
1595630728.2594442,302.85648716991153,0.012531433585893481,0
1595630728.2694385,304.65545548503604,0.012531433585893481,0
1595630728.279443,306.4562691599628,0.012531433585893481,0
1595630728.2894497,308.2574690729877,0.012531433585893481,0
1595630728.2994466,310.05690945689884,0.012531433585893481,0
1595630728.3094382,311.8554057032367,0.012531433585893481,0
1595630728.3194413,313.65596188609805,0.012531433585893481,0
1595630728.3294413,315.4559601694843,0.012531433585893481,0
1595630728.3394475,317.2570742518207,0.012531433585893481,0
1595630728.349453,319.0580595881244,0.012531433585893481,0
1595630728.359445,320.8566416651508,0.012531433585893481,0
1595630728.369449,322.65732659404483,0.012531433585893481,0
1595630728.3794494,324.45741070811954,0.012531433585893481,0
1595630728.389451,326.25770939891544,0.012531433585893481,0
1595630728.3994505,328.0576218516132,0.012531433585893481,0
1595630728.4094408,329.85586060588565,0.012531433585893481,0
1595630728.419454,331.6582621485492,0.012531433585893481,0
1595630728.4294493,333.4574021250507,0.012531433585893481,0
1595630728.4394548,335.2583874613544,0.012531433585893481,0
1595630728.4494395,337.0556391627094,0.012531433585893481,0
1595630728.4594448,338.85658158366886,0.012531433585893481,0
1595630728.469447,340.65696610515323,0.012531433585893481,0
1595630728.479447,342.45696438853946,0.012531433585893481,0
1595630728.4894443,344.25649060313907,0.012531433585893481,0
1595630728.4994395,346.05563057964054,0.012531433585893481,0
1595630728.5094395,347.85562886302677,0.012531433585893481,0
1595630728.5194473,349.65704335277286,0.012531433585893481,0
1595630728.52945,351.4575137049457,0.012531433585893481,0
1595630728.5394542,353.25828446452823,0.012531433585893481,0
1595630728.5494447,355.05656613414493,0.012531433585893481,0
1595630728.5594394,356.8556202799579,0.012531433585893481,0
1595630728.569446,358.6568201929828,0.012531433585893481,0
1595630728.5769117,360,0.012531433585893481,1
1595630728.5769117,0,0,0
1595630728.5869122,3.997052644199486,0.012205380722915438,0
1595630728.5969265,5.799625848240013,0.012205380722915438,0
1595630728.606916,7.597735856479759,0.012205380722915438,0
1595630728.6169236,9.399107430881614,0.012205380722915438,0
1595630728.6269302,11.200307343906516,0.012205380722915438,0
1595630728.6369212,12.998674844211692,0.012205380722915438,0
1595630728.646931,14.800432656711692,0.012205380722915438,0
1595630728.656931,16.600430940097922,0.012205380722915438,0
1595630728.666923,18.39901301712429,0.012205380722915438,0
1595630728.6769283,20.199955438083762,0.012205380722915438,0
1595630728.6869185,21.998194192356223,0.012205380722915438,0
1595630728.6969256,23.799479936069602,0.012205380722915438,0
1595630728.7069306,25.600379441684836,0.012205380722915438,0
1595630728.7169285,27.399991486972922,0.012205380722915438,0
1595630728.7269118,29.196985696262473,0.012205380722915438,0
1595630728.7369118,30.996983979648704,0.012205380722915438,0
1595630728.7469301,32.80028674454128,0.012205380722915438,0
1595630728.7569187,34.598225091404075,0.012205380722915438,0
1595630728.7669313,36.400497888034934,0.012205380722915438,0
1595630728.7769248,38.19933745712673,0.012205380722915438,0
1595630728.7869217,39.998777841037864,0.012205380722915438,0
1595630728.7969291,41.80010650009548,0.012205380722915438,0
1595630728.8069172,43.5979590162698,0.012205380722915438,0
1595630728.8169196,45.39838645309841,0.012205380722915438,0
1595630728.8269122,47.197054360813254,0.012205380722915438,0
1595630728.836932,49.00061461777126,0.012205380722915438,0
1595630728.8469214,50.79872462601101,0.012205380722915438,0
1595630728.8569193,52.598336671299094,0.012205380722915438,0
1595630728.8669157,54.39769122452175,0.012205380722915438,0
1595630728.876915,56.197560761875266,0.012205380722915438,0
1595630728.88693,58.00026271194851,0.012205380722915438,0
1595630728.8969295,59.80017516464626,0.012205380722915438,0
1595630728.9069266,61.59965846390163,0.012205380722915438,0
1595630728.9169314,63.40051505417263,0.012205380722915438,0
1595630728.926927,65.19974086136257,0.012205380722915438,0
1595630728.9369252,66.9993958219949,0.012205380722915438,0
1595630728.9469292,68.80012366623318,0.012205380722915438,0
1595630728.956914,70.59737536758816,0.012205380722915438,0
1595630728.9669282,72.39994857162868,0.012205380722915438,0
1595630728.976923,74.19900271744167,0.012205380722915438,0
1595630728.9869192,75.99831435532009,0.012205380722915438,0
1595630728.996929,77.80007216782009,0.012205380722915438,0
1595630729.0069127,79.59715220779812,0.012205380722915438,0
1595630729.0169232,81.39903876633083,0.012205380722915438,0
1595630729.026929,83.20006701797878,0.012205380722915438,0
1595630729.036923,84.99899241775906,0.012205380722915438,0
1595630729.046923,86.79899070114529,0.012205380722915438,0
1595630729.056913,88.59718654007351,0.012205380722915438,0
1595630729.0669312,90.40048930496609,0.012205380722915438,0
1595630729.076913,92.19722602219021,0.012205380722915438,0
1595630729.0869176,93.99803969711697,0.012205380722915438,0
1595630729.096919,95.79829547256863,0.012205380722915438,0
1595630729.1069136,97.59730670303738,0.012205380722915438,0
1595630729.1169252,99.39940783829128,0.012205380722915438,0
1595630729.1269267,101.19966361374294,0.012205380722915438,0
1595630729.1369138,102.9973444685403,0.012205380722915438,0
1595630729.1469288,104.80004641861355,0.012205380722915438,0
1595630729.1524513,105.79409453720486,0.012205380722915438,0
1595630729.1524513,105.79409453720486,0.012205380722915438,0
1595630729.1569161,106.59777018875515,0.012205380722915438,0
1595630729.1669273,108.39978549332058,0.012205380722915438,0
1595630729.1769114,110.19690844864284,0.012205380722915438,0
1595630729.1869228,111.99896666855251,0.012205380722915438,0
1595630729.1969295,113.80016658157741,0.012205380722915438,0
1595630729.2069116,115.59694621414577,0.012205380722915438,0
1595630729.2169123,117.39707324356472,0.012205380722915438,0
1595630729.2269197,119.19840190262234,0.012205380722915438,0
1595630729.2369246,120.99930140823757,0.012205380722915438,0
1595630729.2469182,122.79814097732937,0.012205380722915438,0
1595630729.2569132,124.5972380384866,0.012205380722915438,0
1595630729.2669232,126.39903876633083,0.012205380722915438,0
1595630729.276926,128.19955203384794,0.012205380722915438,0
1595630729.2869234,129.99907824844755,0.012205380722915438,0
1595630729.2969167,131.7978749021951,0.012205380722915438,0
1595630729.306918,133.59808776230253,0.012205380722915438,0
1595630729.3169236,135.39911601395048,0.012205380722915438,0
1595630729.3269157,137.19769809097684,0.012205380722915438,0
1595630729.3369236,138.99911258072294,0.012205380722915438,0
1595630729.346924,140.79919669479764,0.012205380722915438,0
1595630729.3569288,142.60005328506864,0.012205380722915438,0
1595630729.3669112,144.39687583298124,0.012205380722915438,0
1595630729.3769238,146.1991486296121,0.012205380722915438,0
1595630729.386912,147.99704406113065,0.012205380722915438,0
1595630729.396921,149.7986302122537,0.012205380722915438,0
1595630729.4069138,151.59734103531278,0.012205380722915438,0
1595630729.4169164,153.39781138748563,0.012205380722915438,0
1595630729.4269187,155.19823882431425,0.012205380722915438,0
1595630729.4369214,156.9987091764871,0.012205380722915438,0
1595630729.4469247,158.79930827469266,0.012205380722915438,0
1595630729.4569297,160.6002077803079,0.012205380722915438,0
1595630729.4669163,162.39780280441678,0.012205380722915438,0
1595630729.4769287,164.2000326857034,0.012205380722915438,0
1595630729.486915,165.99758479446805,0.012205380722915438,0
1595630729.496929,167.8000721678201,0.012205380722915438,0
1595630729.5069256,169.599469636387,0.012205380722915438,0
1595630729.5169163,171.39779422134794,0.012205380722915438,0
1595630729.5269275,173.19980952591337,0.012205380722915438,0
1595630729.5369134,174.99727580398954,0.012205380722915438,0
1595630729.546925,176.79937693924344,0.012205380722915438,0
1595630729.5569227,178.5989460691873,0.012205380722915438,0
1595630729.5669136,180.39731356949247,0.012205380722915438,0
