Timestamp,Phase,Heading,Ping?
1595877226.0100951,21.80004119873047,20.0,0
1595877226.0201037,23.601584434509277,20.0,0
1595877226.0301006,25.40102481842041,20.0,0
1595877226.0401006,27.20102310180664,20.0,0
1595877226.0501106,29.00282382965088,20.0,0
1595877226.0601134,30.80333709716797,20.0,0
1595877226.0700948,32.59998798370361,20.0,0
1595877226.0801136,34.40337657928467,20.0,0
1595877226.0900958,36.20015621185303,20.0,0
1595877226.1001093,38.00260066986084,20.0,0
1595877226.1101034,39.80152606964111,20.0,0
1595877226.1201062,41.6020393371582,20.0,0
1595877226.1301107,43.40285301208496,20.0,0
1595877226.1401076,45.202293395996094,20.0,0
1595877226.150098,47.00057506561279,20.0,0
1595877226.1600971,48.80040168762207,20.0,0
1595877226.1701062,50.602030754089355,20.0,0
1595877226.1801083,52.40241527557373,20.0,0
1595877226.1900978,54.20052528381348,20.0,0
1595877226.200106,56.00198268890381,20.0,0
1595877226.2101102,57.80275344848633,20.0,0
1595877226.2200992,59.6007776260376,20.0,0
1595877226.2301083,61.40240669250488,20.0,0
1595877226.2401109,63.202877044677734,20.0,0
1595877226.250096,65.00021457672119,20.0,0
1595877226.2600958,66.80016994476318,20.0,0
1595877226.2701013,68.6011552810669,20.0,0
1595877226.2800982,70.40059566497803,20.0,0
1595877226.2901125,72.20316886901855,20.0,0
1595877226.3001108,74.00286674499512,20.0,0
1595877226.3101006,75.8010196685791,20.0,0
1595877226.3201113,77.60294914245605,20.0,0
1595877226.3301082,79.40238952636719,20.0,0
1595877226.3401105,81.2028169631958,20.0,0
1595877226.3501093,83.00260066986084,20.0,0
1595877226.3601136,84.80337142944336,20.0,0
1595877226.3701062,86.6020393371582,20.0,0
1595877226.3801043,88.40169429779053,20.0,0
1595877226.3901103,90.20276546478271,20.0,0
1595877226.4001102,92.00276374816895,20.0,0
1595877226.4101,93.80091667175293,20.0,0
1595877226.420099,95.6007432937622,20.0,0
1595877226.4300966,97.40031242370605,20.0,0
1595877226.440103,99.20146942138672,20.0,0
1595877226.4501114,101.00296974182129,20.0,0
1595877226.4601088,102.8024959564209,20.0,0
1595877226.4701009,104.60107803344727,20.0,0
1595877226.4801033,106.40150547027588,20.0,0
1595877226.4901102,108.20274829864502,20.0,0
1595877226.5001101,110.00274658203125,20.0,0
1595877226.510099,111.80072784423828,20.0,0
1595877226.5201054,113.60188484191895,20.0,0
1595877226.530103,115.4014539718628,20.0,0
1595877226.540114,117.20342636108398,20.0,0
1595877226.550099,119.0007209777832,20.0,0
1595877226.5601025,120.80136299133301,20.0,0
1595877226.570113,122.60324954986572,20.0,0
1595877226.580097,124.40037250518799,20.0,0
1595877226.5900977,126.20049953460693,20.0,0
1595877226.6001043,128.00169944763184,20.0,0
1595877226.610103,129.80144023895264,20.0,0
1595877226.6201046,131.60173892974854,20.0,0
1595877226.6300986,133.4006643295288,20.0,0
1595877226.6401095,135.20263671875,20.0,0
1595877226.6500962,137.0002317428589,20.0,0
1595877226.6600957,138.80014419555664,20.0,0
1595877226.6701074,140.60224533081055,20.0,0
1595877226.6801136,142.40335941314697,20.0,0
1595877226.6901066,144.2021131515503,20.0,0
1595877226.7001028,146.0014247894287,20.0,0
1595877226.7101126,147.8031826019287,20.0,0
1595877226.7201033,149.60150718688965,20.0,0
1595877226.7301111,151.40292167663574,20.0,0
1595877226.740099,153.20073127746582,20.0,0
1595877226.750097,155.00038623809814,20.0,0
1595877226.760103,156.80145740509033,20.0,0
1595877226.7701077,158.60231399536133,20.0,0
1595877226.780097,160.40038108825684,20.0,0
1595877226.7901132,162.20329761505127,20.0,0
1595877226.8001049,164.00179386138916,20.0,0
1595877226.8100953,165.80007553100586,20.0,0
1595877226.8200967,167.60033130645752,20.0,0
1595877226.8300982,169.40058708190918,20.0,0
1595877226.8401113,171.20294570922852,20.0,0
1595877226.8501089,173.00251483917236,20.0,0
1595877226.8601089,174.8025131225586,20.0,0
1595877226.8700974,176.6004514694214,20.0,0
1595877226.880113,178.4032392501831,20.0,0
1595877226.8901098,180.20267963409424,20.0,0
1595877226.9000993,182.00078964233398,20.0,0
1595877226.910096,183.80018711090088,20.0,0
1595877226.9200988,185.60070037841797,20.0,0
1595877226.930098,187.40056991577148,20.0,0
1595877226.940106,189.20198440551758,20.0,0
1595877226.9501112,191.00292682647705,20.0,0
1595877226.9601114,192.80296802520752,20.0,0
1595877226.9701111,194.6029233932495,20.0,0
1595877226.9800973,196.40043258666992,20.0,0
1595877226.9901066,198.20210456848145,20.0,0
1595877227.0001132,200.00330448150635,20.0,0
1595877227.0100977,201.8005132675171,20.0,0
1595877227.0201068,203.60214233398438,20.0,0
1595877227.0300982,205.40059566497803,20.0,0
1595877227.0401118,207.20304012298584,20.0,0
1595877227.0501046,209.00175094604492,20.0,0
1595877227.060113,210.8032512664795,20.0,0
1595877227.0701,212.60093212127686,20.0,0
1595877227.080104,214.40165996551514,20.0,0
1595877227.0901008,216.20105743408203,20.0,0
1595877227.100104,218.0016565322876,20.0,0
1595877227.11011,219.80272769927979,20.0,0
1595877227.1201005,221.60100936889648,20.0,0
1595877227.1301038,223.40160846710205,20.0,0
1595877227.1400995,225.200834274292,20.0,0
1595877227.1500983,227.00061798095703,20.0,0
1595877227.160113,228.80327701568604,20.0,0
1595877227.170107,230.60215950012207,20.0,0
1595877227.180112,232.4030590057373,20.0,0
1595877227.1900966,234.20031070709229,20.0,0
1595877227.2000966,236.00030899047852,20.0,0
1595877227.21011,237.8027105331421,20.0,0
1595877227.2201047,239.60176467895508,20.0,0
1595877227.2300951,241.40004634857178,20.0,0
1595877227.2400968,243.20034503936768,20.0,0
1595877227.2501035,245.00154495239258,20.0,0
1595877227.2601116,246.8030023574829,20.0,0
1595877227.2701125,248.6031723022461,20.0,0
1595877227.2801013,250.40115356445312,20.0,0
1595877227.290109,252.20252513885498,20.0,0
1595877227.3000965,254.00029182434082,20.0,0
1595877227.3101044,255.8017063140869,20.0,0
1595877227.3201087,257.60247707366943,20.0,0
1595877227.3300939,259.3998146057129,20.0,0
1595877227.340102,261.2012720108032,20.0,0
1595877227.3501036,263.0015707015991,20.0,0
1595877227.3601108,264.8028564453125,20.0,0
1595877227.3700979,266.60053730010986,20.0,0
1595877227.380101,268.4010934829712,20.0,0
1595877227.3900945,270.199933052063,20.0,0
1595877227.4001036,272.0015621185303,20.0,0
1595877227.4100974,273.8004446029663,20.0,0
1595877227.4201074,275.60224533081055,20.0,0
1595877227.430098,277.4005699157715,20.0,0
1595877227.4400988,279.20069694519043,20.0,0
1595877227.440616,279.29378032684326,20.0,0
1595877227.440616,303.5056462287903,44.21186590194702,0
1595877227.450095,305.21187448501587,44.21186590194702,0
1595877227.4601057,307.0138039588928,44.21186590194702,0
1595877227.4701064,308.81393098831177,44.21186590194702,0
1595877227.4801095,310.6144871711731,44.21186590194702,0
1595877227.490105,312.4136700630188,44.21186590194702,0
1595877227.5001073,314.2140974998474,44.21186590194702,0
1595877227.51011,316.01456785202026,44.21186590194702,0
1595877227.5201073,317.8140940666199,44.21186590194702,0
1595877227.5300965,319.6121611595154,44.21186590194702,0
1595877227.5401115,321.4148631095886,44.21186590194702,0
1595877227.5500953,323.21194314956665,44.21186590194702,0
1595877227.5601099,325.0145592689514,44.21186590194702,0
1595877227.5701017,326.81309843063354,44.21186590194702,0
1595877227.5800962,328.6121096611023,44.21186590194702,0
1595877227.5900939,330.41167879104614,44.21186590194702,0
1595877227.6001022,332.2131791114807,44.21186590194702,0
1595877227.6101007,334.0129199028015,44.21186590194702,0
1595877227.6200964,335.81214570999146,44.21186590194702,0
1595877227.6300972,337.6122727394104,44.21186590194702,0
1595877227.6401088,339.4143738746643,44.21186590194702,0
1595877227.650099,341.21261262893677,44.21186590194702,0
1595877227.6600971,343.0122675895691,44.21186590194702,0
1595877227.6701095,344.8144974708557,44.21186590194702,0
1595877227.680105,346.6136803627014,44.21186590194702,0
1595877227.6901038,348.41346406936646,44.21186590194702,0
1595877227.7001026,350.2132477760315,44.21186590194702,0
1595877227.710096,352.01204442977905,44.21186590194702,0
1595877227.7201047,353.8136305809021,44.21186590194702,0
1595877227.7300968,355.61221265792847,44.21186590194702,0
1595877227.740097,357.41225385665894,44.21186590194702,0
1595877227.750106,359.2138829231262,44.21186590194702,0
1595877227.7544804,360,44.21186590194702,1
1595877227.7544804,0,44.21186590194702,0
1595877228.010111,46.013537883758545,44.21186590194702,0
1595877228.0201166,47.814523220062256,44.21186590194702,0
1595877228.030105,49.61246156692505,44.21186590194702,0
1595877228.040121,51.415335178375244,44.21186590194702,0
1595877228.0501187,53.21490430831909,44.21186590194702,0
1595877228.0601194,55.01503133773804,44.21186590194702,0
1595877228.0701058,56.812583446502686,44.21186590194702,0
1595877228.0801091,58.61318254470825,44.21186590194702,0
1595877228.0901122,60.41373872756958,44.21186590194702,0
1595877228.1001036,62.21219205856323,44.21186590194702,0
1595877228.1101196,64.01506567001343,44.21186590194702,0
1595877228.120116,65.81442022323608,44.21186590194702,0
1595877228.1301177,67.61471891403198,44.21186590194702,0
1595877228.1401024,69.41197061538696,44.21186590194702,0
1595877228.1501172,71.21462965011597,44.21186590194702,0
1595877228.1601086,73.01308298110962,44.21186590194702,0
1595877228.1701162,74.81445455551147,44.21186590194702,0
1595877228.180102,76.61192083358765,44.21186590194702,0
1595877228.1901047,78.4123911857605,44.21186590194702,0
1595877228.2001052,80.2124752998352,44.21186590194702,0
1595877228.2101035,82.01217317581177,44.21186590194702,0
1595877228.2201033,83.81212854385376,44.21186590194702,0
1595877228.23011,85.61332845687866,44.21186590194702,0
1595877228.2401204,87.41521501541138,44.21186590194702,0
1595877228.250117,89.21461248397827,44.21186590194702,0
1595877228.2601047,91.01237916946411,44.21186590194702,0
1595877228.2701075,92.8128924369812,44.21186590194702,0
1595877228.2801185,94.61486482620239,44.21186590194702,0
1595877228.2901065,96.41271734237671,44.21186590194702,0
1595877228.3001053,98.21250104904175,44.21186590194702,0
1595877228.310105,100.01245641708374,44.21186590194702,0
1595877228.3201067,101.81275510787964,44.21186590194702,0
1595877228.3301024,103.61198091506958,44.21186590194702,0
1595877228.3401136,105.41399621963501,44.21186590194702,0
1595877228.3501184,107.214852809906,44.21186590194702,0
1595877228.3601203,109.01519441604614,44.21186590194702,0
1595877228.3701115,110.81360483169556,44.21186590194702,0
1595877228.3801167,112.61454725265503,44.21186590194702,0
1595877228.390113,114.41390180587769,44.21186590194702,0
1595877228.4001167,116.21454381942749,44.21186590194702,0
1595877228.410116,118.014413356781,44.21186590194702,0
1595877228.4201193,119.81501245498657,44.21186590194702,0
1595877228.4301171,121.61462450027466,44.21186590194702,0
1595877228.4401197,123.41509485244751,44.21186590194702,0
1595877228.45011,125.21333360671997,44.21186590194702,0
1595877228.4601123,127.01376104354858,44.21186590194702,0
1595877228.4701068,128.81277227401733,44.21186590194702,0
1595877228.4801164,130.6144871711731,44.21186590194702,0
1595877228.4901137,132.4140133857727,44.21186590194702,0
1595877228.5001047,134.21238088607788,44.21186590194702,0
1595877228.510103,136.01207876205444,44.21186590194702,0
1595877228.52012,137.8151240348816,44.21186590194702,0
1595877228.530119,139.61495065689087,44.21186590194702,0
1595877228.5401168,141.41456270217896,44.21186590194702,0
1595877228.5501053,143.21250104904175,44.21186590194702,0
1595877228.5601182,145.01481676101685,44.21186590194702,0
1595877228.570114,146.8140425682068,44.21186590194702,0
1595877228.5801077,148.61292505264282,44.21186590194702,0
1595877228.5901184,150.41485452651978,44.21186590194702,0
1595877228.6001027,152.21202039718628,44.21186590194702,0
1595877228.6101093,154.01322031021118,44.21186590194702,0
1595877228.620112,155.81369066238403,44.21186590194702,0
1595877228.63011,157.61334562301636,44.21186590194702,0
1595877228.640109,159.41317224502563,44.21186590194702,0
1595877228.6501029,161.21205472946167,44.21186590194702,0
1595877228.6601067,163.0127396583557,44.21186590194702,0
1595877228.6701171,164.81462621688843,44.21186590194702,0
1595877228.6801097,166.61329412460327,44.21186590194702,0
1595877228.6901174,168.41466569900513,44.21186590194702,0
1595877228.7001028,170.21204614639282,44.21186590194702,0
1595877228.710114,172.01406145095825,44.21186590194702,0
1595877228.7201016,173.8118281364441,44.21186590194702,0
1595877228.730113,175.61388635635376,44.21186590194702,0
1595877228.7401083,177.41302633285522,44.21186590194702,0
1595877228.7501051,179.21246671676636,44.21186590194702,0
1595877228.7601178,181.01473951339722,44.21186590194702,0
1595877228.7701068,182.8127636909485,44.21186590194702,0
1595877228.7801104,184.6134057044983,44.21186590194702,0
1595877228.7901194,186.41503477096558,44.21186590194702,0
1595877228.8001204,188.21520471572876,44.21186590194702,0
1595877228.8101196,190.01507425308228,44.21186590194702,0
1595877228.8201034,191.8121542930603,44.21186590194702,0
1595877228.8301048,193.61241006851196,44.21186590194702,0
1595877228.840114,195.4140820503235,44.21186590194702,0
1595877228.8501198,197.21511030197144,44.21186590194702,0
1595877228.8601105,199.01343488693237,44.21186590194702,0
1595877228.8701031,200.81210279464722,44.21186590194702,0
1595877228.8801136,202.61398935317993,44.21186590194702,0
1595877228.8901012,204.41175603866577,44.21186590194702,0
1595877228.9001184,206.21484422683716,44.21186590194702,0
1595877228.9101155,208.01432752609253,44.21186590194702,0
1595877228.9201143,209.81411123275757,44.21186590194702,0
1595877228.9301136,211.61398077011108,44.21186590194702,0
1595877228.940116,213.4144082069397,44.21186590194702,0
1595877228.9501019,215.21187448501587,44.21186590194702,0
1595877228.9601123,217.01376104354858,44.21186590194702,0
1595877228.9701178,218.8147463798523,44.21186590194702,0
1595877228.980112,220.6137146949768,44.21186590194702,0
1595877228.9901106,222.4134554862976,44.21186590194702,0
1595877229.000106,224.2126383781433,44.21186590194702,0
1595877229.0101166,226.01452493667603,44.21186590194702,0
1595877229.0201154,227.81430864334106,44.21186590194702,0
1595877229.0301132,229.61392068862915,44.21186590194702,0
1595877229.0401099,231.41331815719604,44.21186590194702,0
1595877229.0501165,233.21451807022095,44.21186590194702,0
1595877229.060104,235.01224184036255,44.21186590194702,0
1595877229.0701046,236.8123688697815,44.21186590194702,0
1595877229.0801177,238.61472749710083,44.21186590194702,0
1595877229.090111,240.4135241508484,44.21186590194702,0
1595877229.1001008,242.21167707443237,44.21186590194702,0
1595877229.1101098,244.01330614089966,44.21186590194702,0
1595877229.1201017,245.8118453025818,44.21186590194702,0
1595877229.1301186,247.61489057540894,44.21186590194702,0
1595877229.1401017,249.41184186935425,44.21186590194702,0
1595877229.1501184,251.21484422683716,44.21186590194702,0
1595877229.160106,253.012610912323,44.21186590194702,0
1595877229.170112,254.81368207931519,44.21186590194702,0
1595877229.1801198,256.6150965690613,44.21186590194702,0
1595877229.190119,258.4149661064148,44.21186590194702,0
1595877229.2001038,260.2122178077698,44.21186590194702,0
1595877229.2101066,262.01273107528687,44.21186590194702,0
1595877229.2201052,263.81247186660767,44.21186590194702,0
1595877229.2301197,265.61508798599243,44.21186590194702,0
1595877229.240117,267.41461420059204,44.21186590194702,0
1595877229.2501037,269.2122092247009,44.21186590194702,0
1595877229.2601113,271.0135807991028,44.21186590194702,0
1595877229.2701023,272.81194829940796,44.21186590194702,0
1595877229.2801132,274.61392068862915,44.21186590194702,0
1595877229.290118,276.41477727890015,44.21186590194702,0
1595877229.3001142,278.21408891677856,44.21186590194702,0
1595877229.3101106,280.0134434700012,44.21186590194702,0
1595877229.3201122,281.8137421607971,44.21186590194702,0
1595877229.3301175,283.6146845817566,44.21186590194702,0
1595877229.340117,285.41459703445435,44.21186590194702,0
1595877229.3501198,287.21511030197144,44.21186590194702,0
1595877229.3601136,289.01399278640747,44.21186590194702,0
1595877229.370119,290.8149781227112,44.21186590194702,0
1595877229.3801045,292.6123585700989,44.21186590194702,0
1595877229.3901072,294.41282892227173,44.21186590194702,0
1595877229.400119,296.2149729728699,44.21186590194702,0
1595877229.4101024,298.0119671821594,44.21186590194702,0
1595877229.4201066,299.81273794174194,44.21186590194702,0
1595877229.4301143,301.6141095161438,44.21186590194702,0
1595877229.4401019,303.41187620162964,44.21186590194702,0
1595877229.4501143,305.21410608291626,44.21186590194702,0
1595877229.460101,307.01170110702515,44.21186590194702,0
1595877229.470103,308.8120856285095,44.21186590194702,0
1595877229.480118,310.61478757858276,44.21186590194702,0
1595877229.49012,312.4151291847229,44.21186590194702,0
1595877229.5001152,314.21426916122437,44.21186590194702,0
1595877229.510106,316.01263666152954,44.21186590194702,0
1595877229.520115,317.8142228126526,44.21186590194702,0
1595877229.5301108,319.61349153518677,44.21186590194702,0
1595877229.539443,321.2932839393616,44.21186590194702,0
1595877229.539443,332.9052987575531,55.82388072013855,0
1595877229.5401092,333.02520422935487,55.82388072013855,0
1595877229.550104,334.82425837516786,55.82388072013855,0
1595877229.5601184,336.6268744945526,55.82388072013855,0
1595877229.5701113,338.4255853176117,55.82388072013855,0
1595877229.5801165,340.2265277385712,55.82388072013855,0
1595877229.590105,342.02446608543397,55.82388072013855,0
1595877229.6001153,343.82630972862245,55.82388072013855,0
1595877229.6101038,345.62424807548524,55.82388072013855,0
1595877229.6201036,347.42420344352723,55.82388072013855,0
1595877229.630103,349.224115896225,55.82388072013855,0
1595877229.6401186,351.0269036769867,55.82388072013855,0
1595877229.6501088,352.82514243125917,55.82388072013855,0
1595877229.660111,354.62552695274354,55.82388072013855,0
1595877229.6701162,356.426469373703,55.82388072013855,0
1595877229.6801088,358.22513728141786,55.82388072013855,0
1595877229.689972,360,55.82388072013855,1
1595877229.689972,0,55.82388072013855,0
1595877230.0101192,57.62649683952331,55.82388072013855,0
1595877230.0201118,59.425164747238156,55.82388072013855,0
1595877230.0301046,61.22387557029724,55.82388072013855,0
1595877230.0401204,63.026706266403195,55.82388072013855,0
1595877230.0501058,64.82408671379089,55.82388072013855,0
1595877230.0601132,66.62541537284851,55.82388072013855,0
1595877230.0701056,68.42404036521911,55.82388072013855,0
1595877230.0801053,70.2239957332611,55.82388072013855,0
1595877230.090123,72.02716975212097,55.82388072013855,0
1595877230.100112,73.82519392967224,55.82388072013855,0
1595877230.1101081,75.62450556755066,55.82388072013855,0
1595877230.1201117,77.42514758110046,55.82388072013855,0
1595877230.130118,79.22626166343689,55.82388072013855,0
1595877230.1401129,81.02535872459411,55.82388072013855,0
1595877230.1501162,82.82595782279968,55.82388072013855,0
1595877230.160105,84.62393908500671,55.82388072013855,0
1595877230.1701071,86.42432360649109,55.82388072013855,0
1595877230.1801186,88.22638182640075,55.82388072013855,0
1595877230.1901178,90.02625136375427,55.82388072013855,0
1595877230.2001145,91.82564883232116,55.82388072013855,0
1595877230.2101104,93.62491755485534,55.82388072013855,0
1595877230.2201161,95.4259458065033,55.82388072013855,0
1595877230.230121,97.22680239677429,55.82388072013855,0
1595877230.240117,99.02611403465271,55.82388072013855,0
1595877230.2501144,100.82564024925232,55.82388072013855,0
1595877230.2601101,102.62486605644226,55.82388072013855,0
1595877230.2701082,104.42452101707458,55.82388072013855,0
1595877230.2801225,106.22709422111511,55.82388072013855,0
1595877230.2901094,108.02473216056823,55.82388072013855,0
1595877230.300109,109.82464461326599,55.82388072013855,0
1595877230.3101132,111.62541537284851,55.82388072013855,0
1595877230.3201044,113.42382578849792,55.82388072013855,0
1595877230.3301096,115.2247682094574,55.82388072013855,0
1595877230.340107,117.024294424057,55.82388072013855,0
1595877230.3501205,118.82673888206482,55.82388072013855,0
1595877230.3601098,120.62480597496032,55.82388072013855,0
1595877230.3701208,122.42677836418152,55.82388072013855,0
1595877230.3801055,124.2240300655365,55.82388072013855,0
1595877230.390113,126.02540163993835,55.82388072013855,0
1595877230.40012,127.82664446830749,55.82388072013855,0
1595877230.4101145,129.62565569877626,55.82388072013855,0
1595877230.4201124,131.42526774406434,55.82388072013855,0
1595877230.4301045,133.2238498210907,55.82388072013855,0
1595877230.4401226,135.02710967063905,55.82388072013855,0
1595877230.4501042,136.82380347251893,55.82388072013855,0
1595877230.4601104,138.62491755485536,55.82388072013855,0
1595877230.4701147,140.42568831443788,55.82388072013855,0
1595877230.4801106,142.22495703697206,55.82388072013855,0
1595877230.490117,144.02611403465272,55.82388072013855,0
1595877230.50011,145.8248248577118,55.82388072013855,0
1595877230.5101166,147.6260247707367,55.82388072013855,0
1595877230.5201097,149.42477850914003,55.82388072013855,0
1595877230.530117,151.22610716819764,55.82388072013855,0
1595877230.5401056,153.02404551506044,55.82388072013855,0
1595877230.5501134,154.82546000480653,55.82388072013855,0
1595877230.5601118,156.6251578807831,55.82388072013855,0
1595877230.570105,158.42395453453065,55.82388072013855,0
1595877230.580122,160.2269998073578,55.82388072013855,0
1595877230.5901105,162.0249381542206,55.82388072013855,0
1595877230.600116,163.8259234905243,55.82388072013855,0
1595877230.6101193,165.62652258872987,55.82388072013855,0
1595877230.6201048,167.42390303611757,55.82388072013855,0
1595877230.630108,169.22450213432313,55.82388072013855,0
1595877230.6401153,171.0257878780365,55.82388072013855,0
1595877230.650118,172.8263011455536,55.82388072013855,0
1595877230.6601129,174.6253552913666,55.82388072013855,0
1595877230.6701205,176.42672686576844,55.82388072013855,0
1595877230.680105,178.2239356517792,55.82388072013855,0
1595877230.6901212,180.02685217857362,55.82388072013855,0
1595877230.700115,181.82573466300965,55.82388072013855,0
1595877230.7101061,183.62414507865907,55.82388072013855,0
1595877230.7201226,185.42710452079774,55.82388072013855,0
1595877230.7301166,187.22602992057801,55.82388072013855,0
1595877230.7401235,189.02727274894715,55.82388072013855,0
1595877230.7501235,190.82727103233339,55.82388072013855,0
1595877230.7601235,192.62726931571962,55.82388072013855,0
1595877230.770122,194.42701010704042,55.82388072013855,0
1595877230.7801056,196.2240472316742,55.82388072013855,0
1595877230.7901185,198.0263629436493,55.82388072013855,0
1595877230.8001187,199.82640414237977,55.82388072013855,0
1595877230.810113,201.62537245750428,55.82388072013855,0
1595877230.8201046,203.42386870384217,55.82388072013855,0
1595877230.8301117,205.22515444755555,55.82388072013855,0
1595877230.8401191,207.02648310661317,55.82388072013855,0
1595877230.850109,208.8246789455414,55.82388072013855,0
1595877230.8601205,210.62673716545106,55.82388072013855,0
1595877230.8701217,212.42695002555848,55.82388072013855,0
1595877230.8801105,214.22493128776551,55.82388072013855,0
1595877230.890112,216.02518706321717,55.82388072013855,0
1595877230.9001155,217.82582907676698,55.82388072013855,0
1595877230.910104,219.62376742362977,55.82388072013855,0
1595877230.920109,221.424666929245,55.82388072013855,0
1595877230.930122,223.2269826412201,55.82388072013855,0
1595877230.9401085,225.024577665329,55.82388072013855,0
1595877230.9501112,226.82504801750184,55.82388072013855,0
1595877230.9601161,228.62594752311708,55.82388072013855,0
1595877230.9701102,230.42487292289735,55.82388072013855,0
1595877230.9801059,232.2240987300873,55.82388072013855,0
1595877230.9901168,234.02607111930848,55.82388072013855,0
1595877231.0001183,235.82632689476014,55.82388072013855,0
1595877231.010112,237.62520937919618,55.82388072013855,0
1595877231.0201058,239.4240918636322,55.82388072013855,0
1595877231.030107,241.22430472373964,55.82388072013855,0
1595877231.0401073,243.0243459224701,55.82388072013855,0
1595877231.0501213,244.8268762111664,55.82388072013855,0
1595877231.0601103,246.62490038871766,55.82388072013855,0
1595877231.070112,248.42519907951356,55.82388072013855,0
1595877231.0801196,250.22657065391542,55.82388072013855,0
1595877231.0901215,252.02691226005555,55.82388072013855,0
1595877231.100111,253.8250222682953,55.82388072013855,0
1595877231.110117,255.6260934352875,55.82388072013855,0
1595877231.1201057,257.4240746974945,55.82388072013855,0
1595877231.1301212,259.22686247825624,55.82388072013855,0
1595877231.140107,261.02428584098817,55.82388072013855,0
1595877231.1501226,262.8271165370941,55.82388072013855,0
1595877231.1601112,264.6250548839569,55.82388072013855,0
1595877231.1701043,266.42380862236024,55.82388072013855,0
1595877231.1801126,268.2253089427948,55.82388072013855,0
1595877231.1901133,270.02543597221376,55.82388072013855,0
1595877231.2001116,271.8251338481903,55.82388072013855,0
1595877231.2101157,273.6258616924286,55.82388072013855,0
1595877231.220122,275.42701869010926,55.82388072013855,0
1595877231.2301056,277.22405581474305,55.82388072013855,0
1595877231.2401175,279.0261998653412,55.82388072013855,0
1595877231.2501101,280.82486777305604,55.82388072013855,0
1595877231.2601087,282.62460856437684,55.82388072013855,0
1595877231.2701168,284.4260659694672,55.82388072013855,0
1595877231.2801073,286.2243476390839,55.82388072013855,0
1595877231.2901182,288.02632002830507,55.82388072013855,0
1595877231.3001208,289.8267903804779,55.82388072013855,0
1595877231.3101146,291.62567286491395,55.82388072013855,0
1595877231.320113,293.4253707408905,55.82388072013855,0
1595877231.3301067,295.22425322532655,55.82388072013855,0
1595877231.3401067,297.0242515087128,55.82388072013855,0
1595877231.350122,298.82699637413026,55.82388072013855,0
1595877231.360121,300.62682299613954,55.82388072013855,0
1595877231.3701127,302.4253192424774,55.82388072013855,0
1595877231.380116,304.225918340683,55.82388072013855,0
1595877231.390107,306.02428584098817,55.82388072013855,0
1595877231.4001124,307.8252711772919,55.82388072013855,0
1595877231.4101205,309.6267285823822,55.82388072013855,0
1595877231.4201121,311.4252248287201,55.82388072013855,0
1595877231.430113,313.2253947734833,55.82388072013855,0
1595877231.4401112,315.0250497341156,55.82388072013855,0
1595877231.4501226,316.8271079540253,55.82388072013855,0
1595877231.460119,318.62646250724794,55.82388072013855,0
1595877231.470123,320.4271903514862,55.82388072013855,0
1595877231.48011,322.22482829093934,55.82388072013855,0
1595877231.4901075,324.0243974208832,55.82388072013855,0
1595877231.500109,325.82465319633485,55.82388072013855,0
1595877231.5101047,327.6238790035248,55.82388072013855,0
1595877231.5201058,329.4240918636322,55.82388072013855,0
1595877231.5301127,331.22533469200135,55.82388072013855,0
1595877231.5401115,333.0251183986664,55.82388072013855,0
1595877231.5501142,334.82558875083924,55.82388072013855,0
1595877231.5601187,336.626402425766,55.82388072013855,0
1595877231.570106,338.4241261959076,55.82388072013855,0
1595877231.5801184,340.2263560771942,55.82388072013855,0
1595877231.5883017,341.69933943748475,55.82388072013855,0
1595877231.5883017,347.18953760623936,61.31407888889312,0
1595877231.5901191,347.5166812753677,61.31407888889312,0
1595877231.600118,349.31646498203276,61.31407888889312,0
1595877231.6101193,351.1167207574844,61.31407888889312,0
1595877231.620119,352.9166761255264,61.31407888889312,0
1595877231.6301112,354.7152582025528,61.31407888889312,0
1595877231.6401072,356.51452692508695,61.31407888889312,0
1595877231.6501122,358.3154264307022,61.31407888889312,0
1595877231.6594777,360,61.31407888889312,1
1595877231.6594777,0,61.31407888889312,0
1595877232.0101156,63.1148067331314,61.31407888889312,0
1595877232.0201283,64.91707952976226,61.31407888889312,0
1595877232.0301251,66.7165199136734,61.31407888889312,0
1595877232.0401216,68.51587446689605,61.31407888889312,0
1595877232.0501266,70.31677397251129,61.31407888889312,0
1595877232.0601187,72.11535604953765,61.31407888889312,0
1595877232.0701246,73.91642721652984,61.31407888889312,0
1595877232.0801141,75.71453722476959,61.31407888889312,0
1595877232.0901206,77.51569422245025,61.31407888889312,0
1595877232.1001241,79.31633623600005,61.31407888889312,0
1595877232.110129,81.11723574161529,61.31407888889312,0
1595877232.1201189,82.91538866519927,61.31407888889312,0
1595877232.1301196,84.71551569461822,61.31407888889312,0
1595877232.1401231,86.51615770816802,61.31407888889312,0
1595877232.1501226,88.31607016086578,61.31407888889312,0
1595877232.160124,90.11632593631744,61.31407888889312,0
1595877232.17012,91.91559465885162,61.31407888889312,0
1595877232.1801245,93.71640833377838,61.31407888889312,0
1595877232.1901162,95.51490458011627,61.31407888889312,0
1595877232.200122,97.31597574710845,61.31407888889312,0
1595877232.2101219,99.11593111515045,61.31407888889312,0
1595877232.2201142,100.91455610752105,61.31407888889312,0
1595877232.2301173,102.71511229038238,61.31407888889312,0
1595877232.2401187,104.51536806583404,61.31407888889312,0
1595877232.2501166,106.31498011112213,61.31407888889312,0
1595877232.2601302,108.11742456912994,61.31407888889312,0
1595877232.2701163,109.91493376255035,61.31407888889312,0
1595877232.2801273,111.71690615177154,61.31407888889312,0
1595877232.2901125,113.514243683815,61.31407888889312,0
1595877232.300129,115.31720312595367,61.31407888889312,0
1595877232.3101156,117.11479815006255,61.31407888889312,0
1595877232.320128,118.91702803134918,61.31407888889312,0
1595877232.3301136,120.71445139408111,61.31407888889312,0
1595877232.3401198,122.51556547641754,61.31407888889312,0
1595877232.3501277,124.31697996616363,61.31407888889312,0
1595877232.3601215,126.11586245059966,61.31407888889312,0
1595877232.3701212,127.91581781864166,61.31407888889312,0
1595877232.3801303,129.71744688510893,61.31407888889312,0
1595877232.390126,131.51667269229887,61.31407888889312,0
1595877232.4001188,133.31538351535795,61.31407888889312,0
1595877232.4101155,135.11478098392485,61.31407888889312,0
1595877232.4201295,136.91731127262113,61.31407888889312,0
1595877232.4301274,138.71692331790922,61.31407888889312,0
1595877232.4401133,140.5143895959854,61.31407888889312,0
1595877232.450115,142.3146882867813,61.31407888889312,0
1595877232.460122,144.11597403049467,61.31407888889312,0
1595877232.4701142,145.91455610752104,61.31407888889312,0
1595877232.4801152,147.71472605228422,61.31407888889312,0
1595877232.490126,149.51665552616117,61.31407888889312,0
1595877232.5001307,151.31751211643217,61.31407888889312,0
1595877232.5101237,153.1162658548355,61.31407888889312,0
1595877232.5201247,154.91643579959867,61.31407888889312,0
1595877232.530122,156.71596201419828,61.31407888889312,0
1595877232.5401144,158.5145870065689,61.31407888889312,0
1595877232.5501244,160.31638773441313,61.31407888889312,0
1595877232.5601144,162.11458357334135,61.31407888889312,0
1595877232.5701237,163.91625555515287,61.31407888889312,0
1595877232.5801299,165.7173696374893,61.31407888889312,0
1595877232.590127,167.51685293674467,61.31407888889312,0
1595877232.600114,169.31453379154203,61.31407888889312,0
1595877232.610126,171.11667784214018,61.31407888889312,0
1595877232.6201198,172.9155603265762,61.31407888889312,0
1595877232.6301303,174.71744688510893,61.31407888889312,0
1595877232.6401303,176.51744516849516,61.31407888889312,0
1595877232.6501212,178.31581266880033,61.31407888889312,0
1595877232.660111,180.11396559238432,61.31407888889312,0
1595877232.6701112,181.9140067911148,61.31407888889312,0
1595877232.68013,183.71739538669584,61.31407888889312,0
1595877232.690122,185.51593454837797,61.31407888889312,0
1595877232.7001176,187.3151603555679,61.31407888889312,0
1595877232.7101123,189.1142145013809,61.31407888889312,0
1595877232.7201185,190.91532858371733,61.31407888889312,0
1595877232.7301142,192.71455439090727,61.31407888889312,0
1595877232.7401145,194.51459558963774,61.31407888889312,0
1595877232.75012,196.31558092594145,61.31407888889312,0
1595877232.7601287,198.1171670770645,61.31407888889312,0
1595877232.770126,199.9166932916641,61.31407888889312,0
1595877232.7801187,201.71536119937895,61.31407888889312,0
1595877232.790121,203.51578863620756,61.31407888889312,0
1595877232.8001304,205.31746061801908,61.31407888889312,0
1595877232.8101134,207.1144119119644,61.31407888889312,0
1595877232.8201113,208.91402395725248,61.31407888889312,0
1595877232.8301184,210.71530970096586,61.31407888889312,0
1595877232.8401227,212.51608046054838,61.31407888889312,0
1595877232.8501165,214.31496294498442,61.31407888889312,0
1595877232.8601255,216.1165920114517,61.31407888889312,0
1595877232.8701215,217.91586073398588,61.31407888889312,0
1595877232.880128,219.71701773166654,61.31407888889312,0
1595877232.8901293,221.5172735071182,61.31407888889312,0
1595877232.9001153,223.31473978519438,61.31407888889312,0
1595877232.910127,225.11684092044828,61.31407888889312,0
1595877232.9201217,226.91589506626127,61.31407888889312,0
1595877232.9301183,228.71529253482817,61.31407888889312,0
1595877232.9401205,230.51567705631254,61.31407888889312,0
1595877232.9501264,232.31674822330473,61.31407888889312,0
1595877232.9601126,234.11425741672514,61.31407888889312,0
1595877232.9701183,235.9152856683731,61.31407888889312,0
1595877232.9801183,237.71528395175932,61.31407888889312,0
1595877232.9901218,239.51592596530912,61.31407888889312,0
1595877233.0001109,241.3139501428604,61.31407888889312,0
1595877233.0101302,243.11742456912992,61.31407888889312,0
1595877233.0201228,244.91609247684477,61.31407888889312,0
1595877233.0301256,246.71660574436186,61.31407888889312,0
1595877233.0401263,248.5167327737808,61.31407888889312,0
1595877233.0501246,250.31643064975736,61.31407888889312,0
1595877233.060121,252.11578520298002,61.31407888889312,0
1595877233.0701144,253.91458185672758,61.31407888889312,0
1595877233.0801146,255.71462305545805,61.31407888889312,0
1595877233.0901177,257.5151792383194,61.31407888889312,0
1595877233.1001122,259.3141904687881,61.31407888889312,0
1595877233.1101246,261.11642035007475,61.31407888889312,0
1595877233.1201193,262.91547449588774,61.31407888889312,0
1595877233.1301143,264.71457155704496,61.31407888889312,0
1595877233.140128,266.5170160150528,61.31407888889312,0
1595877233.150112,268.31413897037504,61.31407888889312,0
1595877233.1601195,270.1155105447769,61.31407888889312,0
1595877233.1701252,271.91653879642485,61.31407888889312,0
1595877233.1801298,273.7173524713516,61.31407888889312,0
1595877233.190112,275.5141750192642,61.31407888889312,0
1595877233.2001278,277.31700571537016,61.31407888889312,0
1595877233.2101276,279.11696108341215,61.31407888889312,0
1595877233.2201226,280.9160581445694,61.31407888889312,0
1595877233.2301137,282.7144685602188,61.31407888889312,0
1595877233.2401156,284.5148101663589,61.31407888889312,0
1595877233.2501237,286.31626757144926,61.31407888889312,0
1595877233.260114,288.1145063257217,61.31407888889312,0
1595877233.270126,289.9166932916641,61.31407888889312,0
1595877233.2801182,291.71527536869047,61.31407888889312,0
1595877233.2901177,293.5151878213882,61.31407888889312,0
1595877233.3001273,295.316902718544,61.31407888889312,0
1595877233.3101277,297.1169868326187,61.31407888889312,0
1595877233.3201115,298.9140668725967,61.31407888889312,0
1595877233.3301141,300.7145372247696,61.31407888889312,0
1595877233.3401153,302.514750084877,61.31407888889312,0
1595877233.350112,304.3141475534439,61.31407888889312,0
1595877233.3601243,306.1163774347305,61.31407888889312,0
1595877233.3701143,307.91457327365873,61.31407888889312,0
1595877233.380121,309.71577318668363,61.31407888889312,0
1595877233.3901107,311.5139261102676,61.31407888889312,0
1595877233.4001234,313.3161989068985,61.31407888889312,0
1595877233.4101138,315.1144805765152,61.31407888889312,0
1595877233.4201143,316.9145646905899,61.31407888889312,0
1595877233.430122,318.71593626499174,61.31407888889312,0
1595877233.4401224,320.51602037906645,61.31407888889312,0
1595877233.4501114,322.3140445566177,61.31407888889312,0
1595877233.4601178,324.1152015542984,61.31407888889312,0
1595877233.4701176,325.9151569223404,61.31407888889312,0
1595877233.4801252,327.7165284967422,61.31407888889312,0
1595877233.49012,329.5155826425552,61.31407888889312,0
1595877233.5001237,331.31626757144926,61.31407888889312,0
1595877233.5101237,333.1162658548355,61.31407888889312,0
1595877233.5201242,334.9163499689102,61.31407888889312,0
1595877233.5301225,336.71604784488676,61.31407888889312,0
1595877233.5401273,338.51690443515776,61.31407888889312,0
1595877233.5501292,340.3172460412979,61.31407888889312,0
1595877233.560124,342.1163001871109,61.31407888889312,0
1595877233.5701299,343.91737135410307,61.31407888889312,0
1595877233.5801218,345.7159105157852,61.31407888889312,0
1595877233.5901253,347.516552529335,61.31407888889312,0
1595877233.6001296,349.3173232889175,61.31407888889312,0
1595877233.610111,351.11397417545317,61.31407888889312,0
1595877233.613399,351.7058196878433,61.31407888889312,0
1595877233.613399,354.1940737814903,63.80233298254013,0
1595877233.6201227,355.4043294043541,63.80233298254013,0
1595877233.630111,357.20222483587264,63.80233298254013,0
1595877233.6401222,359.00424014043807,63.80233298254013,0
1595877233.6456623,360,63.80233298254013,1
1595877233.6456623,0,63.80233298254013,0
1595877234.010135,65.6050778479576,63.80233298254013,0
1595877234.0201309,67.40434657049178,63.80233298254013,0
1595877234.0301263,69.20352946233749,63.80233298254013,0
1595877234.040131,71.00438605260848,63.80233298254013,0
1595877234.0501244,72.80318270635604,63.80233298254013,0
1595877234.0601196,74.6023226828575,63.80233298254013,0
1595877234.0701244,76.4031792731285,63.80233298254013,0
1595877234.0801234,78.20300589513778,63.80233298254013,0
1595877234.0901346,80.00502119970321,63.80233298254013,0
1595877234.1001248,81.80325995397567,63.80233298254013,0
1595877234.1101294,83.60407362890243,63.80233298254013,0
1595877234.1201332,85.40475855779647,63.80233298254013,0
1595877234.1301315,87.20445643377303,63.80233298254013,0
1595877234.1401238,89.00308142614364,63.80233298254013,0
1595877234.150139,90.80582629156112,63.80233298254013,0
1595877234.1601355,92.60518084478377,63.80233298254013,0
1595877234.1701286,94.4039345831871,63.80233298254013,0
1595877234.180127,96.20363245916366,63.80233298254013,0
1595877234.1901248,98.00324450445174,63.80233298254013,0
1595877234.2001276,99.80375777196883,63.80233298254013,0
1595877234.2101305,101.60427103948592,63.80233298254013,0
1595877234.2201293,103.40405474615096,63.80233298254013,0
1595877234.2301362,105.2052975745201,63.80233298254013,0
1595877234.2401264,107.00353632879256,63.80233298254013,0
1595877234.2501311,108.80439291906356,63.80233298254013,0
1595877234.2601206,110.6025029273033,63.80233298254013,0
1595877234.2701204,112.4024582953453,63.80233298254013,0
1595877234.2801287,114.20395861577987,63.80233298254013,0
1595877234.2901342,116.00494395208358,63.80233298254013,0
1595877234.3001301,117.80421267461776,63.80233298254013,0
1595877234.3101366,119.60536967229842,63.80233298254013,0
1595877234.3201275,121.4037371726036,63.80233298254013,0
1595877234.3301313,123.20442210149764,63.80233298254013,0
1595877234.340136,125.00527869176864,63.80233298254013,0
1595877234.3501287,126.80394659948348,63.80233298254013,0
1595877234.3601282,128.60385905218124,63.80233298254013,0
1595877234.370127,130.40364275884627,63.80233298254013,0
1595877234.3801348,132.20505724859237,63.80233298254013,0
1595877234.390138,134.0056134314537,63.80233298254013,0
1595877234.4001193,135.80226431798934,63.80233298254013,0
1595877234.4101326,137.60466586065291,63.80233298254013,0
1595877234.4201343,139.4049645514488,63.80233298254013,0
1595877234.4301252,141.203332051754,63.80233298254013,0
1595877234.440127,143.0036307425499,63.80233298254013,0
1595877234.4501305,144.8042727560997,63.80233298254013,0
1595877234.460121,146.6025544257164,63.80233298254013,0
1595877234.47012,148.40238104772567,63.80233298254013,0
1595877234.4801242,150.2031518073082,63.80233298254013,0
1595877234.490136,152.0052529425621,63.80233298254013,0
1595877234.500127,153.8036633582115,63.80233298254013,0
1595877234.5101366,155.60537825536727,63.80233298254013,0
1595877234.520129,157.40400324773788,63.80233298254013,0
1595877234.5301259,159.203443631649,63.80233298254013,0
1595877234.5401373,161.00550185155868,63.80233298254013,0
1595877234.5501227,162.80288229894637,63.80233298254013,0
1595877234.5601306,164.60429678869247,63.80233298254013,0
1595877234.5701318,166.4045096487999,63.80233298254013,0
1595877234.580134,168.20489417028426,63.80233298254013,0
1595877234.5901287,170.00394831609725,63.80233298254013,0
1595877234.6001348,171.80506239843368,63.80233298254013,0
1595877234.6101248,173.6032582373619,63.80233298254013,0
1595877234.6201324,175.40462981176375,63.80233298254013,0
1595877234.6301272,177.20368395757674,63.80233298254013,0
1595877234.6401215,179.00265227270125,63.80233298254013,0
1595877234.650138,180.80561171483993,63.80233298254013,0
1595877234.6601243,182.60316382360458,63.80233298254013,0
1595877234.6701303,184.40423499059676,63.80233298254013,0
1595877234.680128,186.20384703588485,63.80233298254013,0
1595877234.690135,188.005089864254,63.80233298254013,0
1595877234.7001333,189.80478774023055,63.80233298254013,0
1595877234.7101274,191.60371314001083,63.80233298254013,0
1595877234.7201295,193.4040976614952,63.80233298254013,0
1595877234.7301269,195.2036238760948,63.80233298254013,0
1595877234.740137,197.0054675192833,63.80233298254013,0
1595877234.7501209,198.8025475592613,63.80233298254013,0
1595877234.7601333,200.60477744054793,63.80233298254013,0
1595877234.7701197,202.40232954931258,63.80233298254013,0
1595877234.7801363,204.2053319067955,63.80233298254013,0
1595877234.790122,206.00275526952743,63.80233298254013,0
1595877234.8001342,207.8049422354698,63.80233298254013,0
1595877234.8101373,209.60549841833114,63.80233298254013,0
1595877234.820135,211.40511046361922,63.80233298254013,0
1595877234.830119,213.20219050359725,63.80233298254013,0
1595877234.8401315,215.0044633002281,63.80233298254013,0
1595877234.8501263,216.8035174460411,63.80233298254013,0
1595877234.8601358,218.60523234319686,63.80233298254013,0
1595877234.8701236,220.40304194402694,63.80233298254013,0
1595877234.8801365,222.20535765600204,63.80233298254013,0
1595877234.89012,224.00239478063583,63.80233298254013,0
1595877234.900136,225.80526839208602,63.80233298254013,0
1595877234.9101248,227.60324965429305,63.80233298254013,0
1595877234.9201334,229.40479289007186,63.80233298254013,0
1595877234.9301372,231.2054778189659,63.80233298254013,0
1595877234.9401383,233.00569067907333,63.80233298254013,0
1595877234.9501364,234.80534563970565,63.80233298254013,0
1595877234.9601314,236.60444270086288,63.80233298254013,0
1595877234.9701335,238.40482722234725,63.80233298254013,0
1595877234.9801211,240.2025939078331,63.80233298254013,0
1595877234.9901266,242.0035792441368,63.80233298254013,0
1595877235.0001187,243.80216132116317,63.80233298254013,0
1595877235.0101223,245.60280333471297,63.80233298254013,0
1595877235.0201256,247.40340243291854,63.80233298254013,0
1595877235.0301297,249.20413027715682,63.80233298254013,0
1595877235.0401313,251.00442896795272,63.80233298254013,0
1595877235.0501342,252.8049422354698,63.80233298254013,0
1595877235.0601318,254.60451136541366,63.80233298254013,0
1595877235.0701215,256.40266428899764,63.80233298254013,0
1595877235.0801196,258.20231924962997,63.80233298254013,0
1595877235.0901325,260.00463496160506,63.80233298254013,0
1595877235.100136,261.80527697515487,63.80233298254013,0
1595877235.1101298,263.6041594595909,63.80233298254013,0
1595877235.1201322,265.4045868964195,63.80233298254013,0
1595877235.1301234,267.20299731206893,63.80233298254013,0
1595877235.1401331,269.00475512456893,63.80233298254013,0
1595877235.1501217,270.8026934714317,63.80233298254013,0
1595877235.1601288,272.6039792151451,63.80233298254013,0
1595877235.1701372,274.4054795355797,63.80233298254013,0
1595877235.1801252,276.203332051754,63.80233298254013,0
1595877235.1901217,278.00268660497665,63.80233298254013,0
1595877235.2001324,279.8046160788536,63.80233298254013,0
1595877235.2101278,281.6037989706993,63.80233298254013,0
1595877235.2201264,283.4035397620201,63.80233298254013,0
1595877235.2301362,285.2052975745201,63.80233298254013,0
1595877235.2401292,287.0040513129234,63.80233298254013,0
1595877235.2501237,288.8030625433922,63.80233298254013,0
1595877235.2601302,290.60421954107284,63.80233298254013,0
1595877235.270138,292.40563403081893,63.80233298254013,0
1595877235.2801254,294.20335780096053,63.80233298254013,0
1595877235.2901187,296.0021544547081,63.80233298254013,0
1595877235.3001318,297.8045130820274,63.80233298254013,0
1595877235.3101234,299.6030093283653,63.80233298254013,0
1595877235.3201325,301.4046383948326,63.80233298254013,0
1595877235.3301215,303.2026625723839,63.80233298254013,0
1595877235.34012,305.0024033637047,63.80233298254013,0
1595877235.3501315,306.80446158361434,63.80233298254013,0
1595877235.360122,308.60274325323104,63.80233298254013,0
1595877235.3701243,310.40317069005965,63.80233298254013,0
1595877235.3801217,312.20269690465926,63.80233298254013,0
1595877235.390136,314.0052701086998,63.80233298254013,0
1595877235.4001265,315.8035517783165,63.80233298254013,0
1595877235.4101207,317.602520093441,63.80233298254013,0
1595877235.4201372,319.4054795355797,63.80233298254013,0
1595877235.4301362,321.20530615758895,63.80233298254013,0
1595877235.4401343,323.0049611182213,63.80233298254013,0
1595877235.4501376,324.80556021642684,63.80233298254013,0
1595877235.4601269,326.60362730932235,63.80233298254013,0
1595877235.4701273,328.40371142339706,63.80233298254013,0
1595877235.4801326,330.2046538443565,63.80233298254013,0
1595877235.4901237,332.00306426000594,63.80233298254013,0
1595877235.5001283,333.8038779349327,63.80233298254013,0
1595877235.5101223,335.602803334713,63.80233298254013,0
1595877235.5201275,337.40374575567245,63.80233298254013,0
1595877235.5301251,339.2033148856163,63.80233298254013,0
1595877235.5401351,341.00511561346053,63.80233298254013,0
1595877235.550123,342.8029252142906,63.80233298254013,0
1595877235.5601346,344.6050263495445,63.80233298254013,0
1595877235.5701213,346.4026213736534,63.80233298254013,0
1595877235.5801227,348.20287714910506,63.80233298254013,0
1595877235.5901356,350.00519286108016,63.80233298254013,0
1595877235.600137,351.8054486365318,63.80233298254013,0
1595877235.6101346,353.60501776647567,63.80233298254013,0
1595877235.6201305,355.40428648900985,63.80233298254013,0
1595877235.6284974,356.91031466436385,63.80233298254013,0
1595877235.6284974,357.8372202650547,64.72923858323097,0
1595877235.6301272,358.1305895582676,64.72923858323097,0
1595877235.6401289,359.9308882490635,64.72923858323097,0
1595877235.6405265,360,64.72923858323097,1
1595877235.6405265,0,64.72923858323097,0
1595877236.0101385,66.5301380888462,64.72923858323097,0
1595877236.0201497,68.33215339341163,64.72923858323097,0
1595877236.0301383,70.13009174027442,64.72923858323097,0
1595877236.0401497,71.93214996018409,64.72923858323097,0
1595877236.0501404,73.73047454514503,64.72923858323097,0
1595877236.060148,75.53184611954688,64.72923858323097,0
1595877236.0701504,77.3322735563755,64.72923858323097,0
1595877236.0801451,79.13132770218849,64.72923858323097,0
1595877236.0901513,80.93244178452491,64.72923858323097,0
1595877236.1001475,82.73175342240333,64.72923858323097,0
1595877236.110152,84.53256709733009,64.72923858323097,0
1595877236.120138,86.33003337540626,64.72923858323097,0
1595877236.1301508,88.13234908738136,64.72923858323097,0
1595877236.1401334,89.92921455063819,64.72923858323097,0
1595877236.15015,91.7322169081211,64.72923858323097,0
1595877236.1601493,93.53208644547462,64.72923858323097,0
1595877236.1701431,95.33096892991065,64.72923858323097,0
1595877236.1801398,97.13036639847755,64.72923858323097,0
1595877236.1901343,98.9293776289463,64.72923858323097,0
1595877236.2001405,100.73049171128272,64.72923858323097,0
1595877236.210149,102.53203494706153,64.72923858323097,0
1595877236.2201505,104.33229072251319,64.72923858323097,0
1595877236.2301528,106.1327181593418,64.72923858323097,0
1595877236.2401419,107.93074233689308,64.72923858323097,0
1595877236.2501433,109.73099811234474,64.72923858323097,0
1595877236.260148,111.53185470261573,64.72923858323097,0
1595877236.2701528,113.33271129288673,64.72923858323097,0
1595877236.280153,115.1327524916172,64.72923858323097,0
1595877236.2901506,116.93232162156104,64.72923858323097,0
1595877236.3001456,118.73141868271827,64.72923858323097,0
1595877236.31014,120.53038699784278,64.72923858323097,0
1595877236.3201363,122.32974155106544,64.72923858323097,0
1595877236.330144,124.1311131254673,64.72923858323097,0
1595877236.340141,125.93059642472267,64.72923858323097,0
1595877236.350149,127.73201091446876,64.72923858323097,0
1595877236.3601525,129.53265292801856,64.72923858323097,0
1595877236.3701344,131.32938964524268,64.72923858323097,0
1595877236.3801417,133.1307183043003,64.72923858323097,0
1595877236.3901339,134.92930038132667,64.72923858323097,0
1595877236.400134,136.72934158005714,64.72923858323097,0
1595877236.4101484,138.53191478409767,64.72923858323097,0
1595877236.4201527,140.33268554368018,64.72923858323097,0
1595877236.430145,142.1313105360508,64.72923858323097,0
1595877236.4401362,143.9297209517002,64.72923858323097,0
1595877236.4501402,145.73044879593849,64.72923858323097,0
1595877236.4601426,147.5308762327671,64.72923858323097,0
1595877236.4701493,149.332076145792,64.72923858323097,0
1595877236.480138,151.13005740799903,64.72923858323097,0
1595877236.4901423,152.93082816758155,64.72923858323097,0
1595877236.5001507,154.73232848801612,64.72923858323097,0
1595877236.5101378,156.53000934281349,64.72923858323097,0
1595877236.520148,158.33185298600196,64.72923858323097,0
1595877236.5301433,160.13099296250343,64.72923858323097,0
1595877236.5401378,161.93000419297218,64.72923858323097,0
1595877236.55014,163.73038871445655,64.72923858323097,0
1595877236.5601366,165.52978618302345,64.72923858323097,0
1595877236.5701447,167.33124358811378,64.72923858323097,0
1595877236.580145,169.13128478684425,64.72923858323097,0
1595877236.5901408,170.93055350937843,64.72923858323097,0
1595877236.6001456,172.73141009964942,64.72923858323097,0
1595877236.6101496,174.5321379438877,64.72923858323097,0
1595877236.6201441,176.33114917435645,64.72923858323097,0
1595877236.6301467,178.1316195265293,64.72923858323097,0
1595877236.640138,179.93002994217872,64.72923858323097,0
1595877236.650151,181.73238856949806,64.72923858323097,0
1595877236.6601462,183.53152854599952,64.72923858323097,0
1595877236.6701386,185.33015353837013,64.72923858323097,0
1595877236.6801517,187.13251216568946,64.72923858323097,0
1595877236.6901445,188.93122298874854,64.72923858323097,0
1595877236.700145,190.73130710282325,64.72923858323097,0
1595877236.7101357,192.5296316877842,64.72923858323097,0
1595877236.7201374,194.3299303785801,64.72923858323097,0
1595877236.7301476,196.13177402176856,64.72923858323097,0
1595877236.7401464,197.9315577284336,64.72923858323097,0
1595877236.750134,199.72932441391944,64.72923858323097,0
1595877236.7601342,201.5293656126499,64.72923858323097,0
1595877236.770141,203.3305655256748,64.72923858323097,0
1595877236.7801495,205.13210876145362,64.72923858323097,0
1595877236.7901342,206.9293604628086,64.72923858323097,0
1595877236.8001392,208.73025996842384,64.72923858323097,0
1595877236.8101377,210.53000075974464,64.72923858323097,0
1595877236.8201516,212.3324881330967,64.72923858323097,0
1595877236.8301513,214.13244350113868,64.72923858323097,0
1595877236.840152,215.93257053055763,64.72923858323097,0
1595877236.850133,217.7291355864048,64.72923858323097,0
1595877236.8601403,219.5304642454624,64.72923858323097,0
1595877236.8701522,221.33260829606056,64.72923858323097,0
1595877236.8801334,223.12921626725196,64.72923858323097,0
1595877236.8901393,224.93028743424415,64.72923858323097,0
1595877236.900148,226.73183067002296,64.72923858323097,0
1595877236.910139,228.53024108567237,64.72923858323097,0
1595877236.92014,230.33041103043556,64.72923858323097,0
1595877236.9301414,232.13066680588722,64.72923858323097,0
1595877236.9401422,233.93079383530616,64.72923858323097,0
1595877236.9501474,235.73173625626563,64.72923858323097,0
1595877236.9601471,237.53169162430763,64.72923858323097,0
1595877236.9701476,239.33177573838233,64.72923858323097,0
1595877236.9801388,241.13018615403175,64.72923858323097,0
1595877236.9901497,242.93215854325294,64.72923858323097,0
1595877237.0001397,244.73035438218116,64.72923858323097,0
1595877237.0101347,246.5294514433384,64.72923858323097,0
1595877237.0201333,248.3291922346592,64.72923858323097,0
1595877237.0301447,250.13125045456886,64.72923858323097,0
1595877237.0401514,251.93245036759376,64.72923858323097,0
1595877237.0501387,253.73017413773536,64.72923858323097,0
1595877237.0601456,255.5314169661045,64.72923858323097,0
1595877237.07014,257.33038528122904,64.72923858323097,0
1595877237.0801468,259.1316281095982,64.72923858323097,0
1595877237.0901482,260.93188388504984,64.72923858323097,0
1595877237.1001387,262.73016555466654,64.72923858323097,0
1595877237.1101475,264.5317517057896,64.72923858323097,0
1595877237.1201384,266.33011920609476,64.72923858323097,0
1595877237.130136,268.1296883360386,64.72923858323097,0
1595877237.1401472,269.93170364060404,64.72923858323097,0
1595877237.1501484,271.73191650071146,64.72923858323097,0
1595877237.16014,273.53041274704935,64.72923858323097,0
1595877237.1701436,275.33105476059916,64.72923858323097,0
1595877237.1801484,277.13191135087015,64.72923858323097,0
1595877237.190145,278.93130881943705,64.72923858323097,0
1595877237.200135,280.7295046583653,64.72923858323097,0
1595877237.2101326,282.5290737883091,64.72923858323097,0
1595877237.2201464,284.33156116166117,64.72923858323097,0
1595877237.23015,286.132203175211,64.72923858323097,0
1595877237.2401485,287.9319439665318,64.72923858323097,0
1595877237.2501447,289.7312556044102,64.72923858323097,0
1595877237.2601347,291.5294514433384,64.72923858323097,0
1595877237.270137,293.32987888016703,64.72923858323097,0
1595877237.2801392,295.1302634016514,64.72923858323097,0
1595877237.2901402,296.9304333464146,64.72923858323097,0
1595877237.3001506,298.7323199049473,64.72923858323097,0
1595877237.310151,300.532404019022,64.72923858323097,0
1595877237.3201354,302.3295698896885,64.72923858323097,0
1595877237.330137,304.1298685804844,64.72923858323097,0
1595877237.3401513,305.93244178452494,64.72923858323097,0
1595877237.35014,307.73042304673197,64.72923858323097,0
1595877237.3601441,309.53115089097025,64.72923858323097,0
1595877237.3701425,311.3308487669468,64.72923858323097,0
1595877237.3801472,313.1317053572178,64.72923858323097,0
1595877237.390143,314.93093116440775,64.72923858323097,0
1595877237.4001448,316.7312727705479,64.72923858323097,0
1595877237.4101381,318.53006942429545,64.72923858323097,0
1595877237.420147,320.3316555754185,64.72923858323097,0
1595877237.4301355,322.1295939222813,64.72923858323097,0
1595877237.4401429,323.9309225813389,64.72923858323097,0
1595877237.4501371,325.7298908964634,64.72923858323097,0
1595877237.4601436,327.5310478941441,64.72923858323097,0
1595877237.4701374,329.3299303785801,64.72923858323097,0
1595877237.4801369,331.12984283127787,64.72923858323097,0
1595877237.4901445,332.9312144056797,64.72923858323097,0
1595877237.5001428,334.7309122816563,64.72923858323097,0
1595877237.5101461,336.53151137986185,64.72923858323097,0
1595877237.5201514,338.3324538008213,64.72923858323097,0
1595877237.5301476,340.13176543869974,64.72923858323097,0
1595877237.5401514,341.9324503675938,64.72923858323097,0
1595877237.5501323,343.72901542344096,64.72923858323097,0
1595877237.5601482,345.53188903489115,64.72923858323097,0
1595877237.5701442,347.33115775742533,64.72923858323097,0
1595877237.5801485,349.13192851700785,64.72923858323097,0
1595877237.590135,350.92952354111674,64.72923858323097,0
1595877237.6001425,352.73085220017435,64.72923858323097,0
1595877237.6101449,354.53127963700297,64.72923858323097,0
1595877237.620138,356.3300333754063,64.72923858323097,0
1595877237.6301513,358.13243491806986,64.72923858323097,0
1595877237.6361039,359.20390231766703,64.72923858323097,0
1595877237.6361039,359.4427316223669,64.96806788793086,0
1595877237.6392162,360,64.96806788793086,1
1595877237.6392162,0,64.96806788793086,0
1595877238.0101576,66.76943946233271,64.96806788793086,0
1595877238.0201585,68.5696094070959,64.96806788793086,0
1595877238.0301633,70.37046599736689,64.96806788793086,0
1595877238.0401628,72.17037845006465,64.96806788793086,0
1595877238.0501654,73.9708488022375,64.96806788793086,0
1595877238.0601652,75.77080417027949,64.96806788793086,0
1595877238.0701644,77.570673707633,64.96806788793086,0
1595877238.0801616,79.37015700688838,64.96806788793086,0
1595877238.0901608,81.17002654424189,64.96806788793086,0
1595877238.100169,82.97148394933222,64.96806788793086,0
1595877238.1101608,84.77002311101435,64.96806788793086,0
1595877238.1201603,86.56993556371211,64.96806788793086,0
1595877238.1301622,88.37027716985224,64.96806788793086,0
1595877238.140157,90.16933131566523,64.96806788793086,0
1595877238.1501527,91.96855712285517,64.96806788793086,0
1595877238.160157,93.7693278824377,64.96806788793086,0
1595877238.1701586,95.56962657323359,64.96806788793086,0
1595877238.1801615,97.37013984075068,64.96806788793086,0
1595877238.1901603,99.16992354741572,64.96806788793086,0
1595877238.2001529,100.96859145513056,64.96806788793086,0
1595877238.2101524,102.76850390782832,64.96806788793086,0
1595877238.220161,104.57004714360713,64.96806788793086,0
1595877238.2301502,106.36811423650263,64.96806788793086,0
1595877238.240156,108.16914248815058,64.96806788793086,0
1595877238.2501519,109.96841121068476,64.96806788793086,0
1595877238.2601686,111.77141356816767,64.96806788793086,0
1595877238.270152,113.56845069280146,64.96806788793086,0
1595877238.280162,115.3702514206457,64.96806788793086,0
1595877238.2901623,117.17029261937617,64.96806788793086,0
1595877238.3001647,118.97072005620478,64.96806788793086,0
1595877238.3101614,120.77011752477168,64.96806788793086,0
1595877238.320161,122.57007289281367,64.96806788793086,0
1595877238.3301563,124.36921286931513,64.96806788793086,0
1595877238.3401647,126.1707131897497,64.96806788793086,0
1595877238.3501682,127.97135520329951,64.96806788793086,0
1595877238.3601658,129.77092433324336,64.96806788793086,0
1595877238.370165,131.57079387059687,64.96806788793086,0
1595877238.3801641,133.37062049260615,64.96806788793086,0
1595877238.390163,135.1704041992712,64.96806788793086,0
1595877238.4001582,136.96954417577265,64.96806788793086,0
1595877238.4101539,138.7687699829626,64.96806788793086,0
1595877238.4201548,140.56893992772578,64.96806788793086,0
1595877238.4301589,142.36966777196406,64.96806788793086,0
1595877238.4401653,144.17082476964472,64.96806788793086,0
1595877238.4501536,145.96872020116328,64.96806788793086,0
1595877238.4601543,147.76884723058222,64.96806788793086,0
1595877238.4701688,149.571463349967,64.96806788793086,0
1595877238.480158,151.3695304428625,64.96806788793086,0
1595877238.490165,153.17077327123164,64.96806788793086,0
1595877238.500152,154.968454126029,64.96806788793086,0
1595877238.5101676,156.77124190679072,64.96806788793086,0
1595877238.5201547,158.56892276158808,64.96806788793086,0
1595877238.5301504,160.36814856877803,64.96806788793086,0
1595877238.5401564,162.1692197357702,64.96806788793086,0
1595877238.5501497,163.96801638951777,64.96806788793086,0
1595877238.5601542,165.76883006444453,64.96806788793086,0
1595877238.5701632,167.57045913091181,64.96806788793086,0
1595877238.5801523,169.36848330846308,64.96806788793086,0
1595877238.590164,171.170584443717,64.96806788793086,0
1595877238.6001554,172.96903777471064,64.96806788793086,0
1595877238.6101515,174.76834941258906,64.96806788793086,0
1595877238.620154,176.56877684941767,64.96806788793086,0
1595877238.6301625,178.37032008519648,64.96806788793086,0
1595877238.640164,180.17057586064814,64.96806788793086,0
1595877238.6501544,181.96885753026484,64.96806788793086,0
1595877238.6601608,183.7700145279455,64.96806788793086,0
1595877238.67016,185.56988406529902,64.96806788793086,0
1595877238.6801605,187.36996817937373,64.96806788793086,0
1595877238.6901612,189.17009520879267,64.96806788793086,0
1595877238.7001605,190.9699647461462,64.96806788793086,0
1595877238.7101514,192.76833224645137,64.96806788793086,0
1595877238.7201607,194.5700042282629,64.96806788793086,0
1595877238.7301514,196.36832881322383,64.96806788793086,0
1595877238.740167,198.17111659398554,64.96806788793086,0
1595877238.7501554,199.96905494084834,64.96806788793086,0
1595877238.7601523,201.76849532475947,64.96806788793086,0
1595877238.7701638,203.57055354466914,64.96806788793086,0
1595877238.7801557,205.36909270635127,64.96806788793086,0
1595877238.7901561,207.16917682042597,64.96806788793086,0
1595877238.800151,208.9682738815832,64.96806788793086,0
1595877238.810168,210.77131915441035,64.96806788793086,0
1595877238.8201675,212.5712316071081,64.96806788793086,0
1595877238.8301508,214.36822581639765,64.96806788793086,0
1595877238.8401654,216.17084193578242,64.96806788793086,0
1595877238.8501558,217.96912360539912,64.96806788793086,0
1595877238.86015,219.76809192052363,64.96806788793086,0
1595877238.8701541,221.5688197647619,64.96806788793086,0
1595877238.8801548,223.36894679418086,64.96806788793086,0
1595877238.890158,225.16950297704219,64.96806788793086,0
1595877238.9001613,226.97010207524775,64.96806788793086,0
1595877238.9101613,228.77010035863398,64.96806788793086,0
1595877238.9201493,230.5679528748083,64.96806788793086,0
1595877238.930149,232.3679082428503,64.96806788793086,0
1595877238.9401536,234.16872191777705,64.96806788793086,0
1595877238.950162,235.97022223821162,64.96806788793086,0
1595877238.9601612,237.77009177556513,64.96806788793086,0
1595877238.9701638,239.570562127738,64.96806788793086,0
1595877238.9801557,241.36910128942012,64.96806788793086,0
1595877238.9901555,243.1690566574621,64.96806788793086,0
1595877239.0001621,244.970256570487,64.96806788793086,0
1595877239.0101628,246.77038359990595,64.96806788793086,0
1595877239.0201552,248.56900859227656,64.96806788793086,0
1595877239.030165,250.37076640477656,64.96806788793086,0
1595877239.0401647,252.17072177281855,64.96806788793086,0
1595877239.0501564,253.96921801915644,64.96806788793086,0
1595877239.0601494,255.76797175755976,64.96806788793086,0
1595877239.0701642,257.57063079228874,64.96806788793086,0
1595877239.0801597,259.36981368413444,64.96806788793086,0
1595877239.090153,261.168610337882,64.96806788793086,0
1595877239.1001492,262.9679219757604,64.96806788793086,0
1595877239.110149,264.7678773438024,64.96806788793086,0
1595877239.1201622,266.570278886466,64.96806788793086,0
1595877239.130152,268.36843181004997,64.96806788793086,0
1595877239.1401668,270.171090844779,64.96806788793086,0
1595877239.1501613,271.9701020752477,64.96806788793086,0
1595877239.1601675,273.77121615758415,64.96806788793086,0
1595877239.1701515,275.5683391129064,64.96806788793086,0
1595877239.1801672,277.3711698090124,64.96806788793086,0
1595877239.1901653,279.1708247696447,64.96806788793086,0
1595877239.2001574,280.96940684667106,64.96806788793086,0
1595877239.2101517,282.7683751617956,64.96806788793086,0
1595877239.2201626,284.57034755101677,64.96806788793086,0
1595877239.2301624,286.37030291905876,64.96806788793086,0
1595877239.2401567,288.16927123418327,64.96806788793086,0
1595877239.2501636,289.9705140625524,64.96806788793086,0
1595877239.2601616,291.77016902318474,64.96806788793086,0
1595877239.2701619,293.5702102219152,64.96806788793086,0
1595877239.2801561,295.3691785370397,64.96806788793086,0
1595877239.2901583,297.1695630585241,64.96806788793086,0
1595877239.300161,298.97003341069694,64.96806788793086,0
1595877239.3101516,300.7683579956579,64.96806788793086,0
1595877239.3201635,302.570502046256,64.96806788793086,0
1595877239.330156,304.36916995397087,64.96806788793086,0
1595877239.3401625,306.17032695165153,64.96806788793086,0
1595877239.3501515,307.9683511292028,64.96806788793086,0
1595877239.3601632,309.7704522644567,64.96806788793086,0
1595877239.3701632,311.57045054784294,64.96806788793086,0
1595877239.3801649,313.37074923863884,64.96806788793086,0
1595877239.3901668,315.171090844779,64.96806788793086,0
1595877239.400154,316.9688146149206,64.96806788793086,0
1595877239.4101675,318.77121615758415,64.96806788793086,0
1595877239.4201615,320.5701415573644,64.96806788793086,0
1595877239.4301634,322.37048316350456,64.96806788793086,0
1595877239.440159,324.1697089706945,64.96806788793086,0
1595877239.4501617,325.97017932286735,64.96806788793086,0
1595877239.4601638,327.7705638443517,64.96806788793086,0
1595877239.4701536,329.5687167679357,64.96806788793086,0
1595877239.4801552,331.3690154587316,64.96806788793086,0
1595877239.4901562,333.1691854034948,64.96806788793086,0
1595877239.5001507,334.96819663396354,64.96806788793086,0
1595877239.510161,336.770040277152,64.96806788793086,0
1595877239.5201588,338.5696523224401,64.96806788793086,0
1595877239.530162,340.3702514206457,64.96806788793086,0
1595877239.5401587,342.16964888921257,64.96806788793086,0
1595877239.5501504,343.96814513555046,64.96806788793086,0
1595877239.5601661,345.7709758316564,64.96806788793086,0
1595877239.5701487,347.56784129491325,64.96806788793086,0
1595877239.5801578,349.36947036138054,64.96806788793086,0
1595877239.5901573,351.1693828140783,64.96806788793086,0
1595877239.60016,352.96985316625114,64.96806788793086,0
1595877239.6101635,354.77049517980095,64.96806788793086,0
1595877239.6201549,356.5689485107946,64.96806788793086,0
1595877239.6301558,358.3691184555578,64.96806788793086,0
1595877239.6392205,360,64.96806788793086,1
1595877239.6392205,0,64.96806788793086,0
1595877240.010165,66.76999736180781,64.96806788793086,0
1595877240.0201662,68.57021022191523,64.96806788793086,0
1595877240.0301595,70.36900687566279,64.96806788793086,0
1595877240.04016,72.1690909897375,64.96806788793086,0
1595877240.0501692,73.97076297154902,64.96806788793086,0
1595877240.0601642,75.76986003270625,64.96806788793086,0
1595877240.0701606,77.5692145859289,64.96806788793086,0
1595877240.0801554,79.36826873174189,64.96806788793086,0
1595877240.0901597,81.16903949132441,64.96806788793086,0
1595877240.1001585,82.96882319798945,64.96806788793086,0
1595877240.1101563,84.76843524327754,64.96806788793086,0
1595877240.1201708,86.5710513626623,64.96806788793086,0
1595877240.1301687,88.37066340795039,64.96806788793086,0
1595877240.14016,90.16911673894404,64.96806788793086,0
1595877240.15016,91.96911502233027,64.96806788793086,0
1595877240.16016,93.7691133057165,64.96806788793086,0
1595877240.1701615,95.56936908116816,64.96806788793086,0
1595877240.1801643,97.36988234868525,64.96806788793086,0
1595877240.19017,99.1709106003332,64.96806788793086,0
1595877240.2001574,100.9686343704748,64.96806788793086,0
1595877240.2101698,102.77086425176142,64.96806788793086,0
1595877240.2201598,104.56906009068965,64.96806788793086,0
1595877240.2301555,106.36828589787959,64.96806788793086,0
1595877240.2401721,108.1712882553625,64.96806788793086,0
1595877240.2501564,109.968454126029,64.96806788793086,0
1595877240.260172,111.77124190679072,64.96806788793086,0
1595877240.2701724,113.57132602086543,64.96806788793086,0
1595877240.2801552,115.3682343994665,64.96806788793086,0
1595877240.2901654,117.17007804265498,64.96806788793086,0
1595877240.3001578,118.96870303502558,64.96806788793086,0
1595877240.310167,120.77037501683711,64.96806788793086,0
1595877240.3201642,122.56985831609248,64.96806788793086,0
1595877240.3301735,124.371530297904,64.96806788793086,0
1595877240.3401546,126.16813826909541,64.96806788793086,0
1595877240.350167,127.97036815038203,64.96806788793086,0
1595877240.360163,129.7696368729162,64.96806788793086,0
1595877240.3701732,131.57148051610469,64.96806788793086,0
1595877240.3801558,133.36834597936152,64.96806788793086,0
1595877240.39016,135.16911673894404,64.96806788793086,0
1595877240.400167,136.97035956731318,64.96806788793086,0
1595877240.4101608,138.76924205174922,64.96806788793086,0
1595877240.4201732,140.57147193303584,64.96806788793086,0
1595877240.4301703,142.3709552322912,64.96806788793086,0
1595877240.4401655,144.17009520879267,64.96806788793086,0
1595877240.4501545,145.96811938634394,64.96806788793086,0
1595877240.460167,147.77034926763056,64.96806788793086,0
1595877240.4701688,149.5706908737707,64.96806788793086,0
1595877240.4801683,151.37060332646845,64.96806788793086,0
1595877240.4901621,153.1694858109045,64.96806788793086,0
1595877240.5001676,154.9704711472082,64.96806788793086,0
1595877240.5101614,156.76935363164424,64.96806788793086,0
1595877240.520157,158.56857943883418,64.96806788793086,0
1595877240.5301588,160.36887812963008,64.96806788793086,0
1595877240.5401695,162.17080760350703,64.96806788793086,0
1595877240.550173,163.97144961705683,64.96806788793086,0
1595877240.560161,165.76930213323115,64.96806788793086,0
1595877240.5701637,167.569772485404,64.96806788793086,0
1595877240.580165,169.36998534551142,64.96806788793086,0
1595877240.590166,171.17019820561885,64.96806788793086,0
1595877240.6001682,172.97058272710322,64.96806788793086,0
1595877240.610173,174.77143931737422,64.96806788793086,0
1595877240.6201608,176.5692489182043,64.96806788793086,0
1595877240.6301537,178.36795974126338,64.96806788793086,0
1595877240.6401656,180.17010379186152,64.96806788793086,0
1595877240.6501634,181.9697158371496,64.96806788793086,0
1595877240.6601725,183.7713449036169,64.96806788793086,0
1595877240.6701617,185.5694119965124,64.96806788793086,0
1595877240.6801615,187.3693673645544,64.96806788793086,0
1595877240.6901617,189.16940856328486,64.96806788793086,0
1595877240.7001698,190.9708659683752,64.96806788793086,0
1595877240.7101557,192.76833224645137,64.96806788793086,0
1595877240.7201724,194.57133460393428,64.96806788793086,0
1595877240.7301726,196.37137580266474,64.96806788793086,0
1595877240.740159,198.1689279114294,64.96806788793086,0
1595877240.7501612,199.96931243291377,64.96806788793086,0
1595877240.760157,201.76858115544795,64.96806788793086,0
1595877240.7701573,203.56862235417842,64.96806788793086,0
1595877240.7801583,205.3687922989416,64.96806788793086,0
1595877240.7901542,207.16806102147578,64.96806788793086,0
1595877240.80017,208.97089171758174,64.96806788793086,0
1595877240.8101702,210.7709329163122,64.96806788793086,0
1595877240.8201594,212.5690000092077,64.96806788793086,0
1595877240.8301542,214.3680541550207,64.96806788793086,0
1595877240.8401566,216.16848159184931,64.96806788793086,0
1595877240.850169,217.97071147313594,64.96806788793086,0
1595877240.860172,219.77126765599726,64.96806788793086,0
1595877240.870166,221.57019305577754,64.96806788793086,0
1595877240.880168,223.37053466191767,64.96806788793086,0
1595877240.8901691,225.1707475220251,64.96806788793086,0
1595877240.900168,226.97053122869013,64.96806788793086,0
1595877240.9101677,228.77048659673213,64.96806788793086,0
1595877240.9201577,230.56868243566035,64.96806788793086,0
1595877240.9301631,232.36966777196406,64.96806788793086,0
1595877240.9401565,234.16846442571162,64.96806788793086,0
1595877240.9501588,235.96889186254023,64.96806788793086,0
1595877240.9601684,237.770606759696,64.96806788793086,0
1595877240.9701538,239.5679872070837,64.96806788793086,0
1595877240.980167,241.37034583440303,64.96806788793086,0
1595877240.9901683,243.17060160985469,64.96806788793086,0
1595877241.0001552,244.9682395493078,64.96806788793086,0
1595877241.0101626,246.76956820836543,64.96806788793086,0
1595877241.0201724,248.57132602086543,64.96806788793086,0
1595877241.0301719,250.37123847356318,64.96806788793086,0
1595877241.0401697,252.17085051885127,64.96806788793086,0
1595877241.050164,253.96981883397578,64.96806788793086,0
1595877241.0601656,255.77011752477168,64.96806788793086,0
1595877241.0701704,257.57097411504265,64.96806788793086,0
1595877241.0801642,259.3698565994787,64.96806788793086,0
1595877241.0901682,261.17058444371696,64.96806788793086,0
1595877241.1001573,262.96860862126823,64.96806788793086,0
1595877241.1101604,264.76916480412956,64.96806788793086,0
1595877241.1201692,266.5707509552526,64.96806788793086,0
1595877241.1301653,268.370062593131,64.96806788793086,0
