Timestamp,Phase,Heading,Ping?
1595877578.0100858,32.12274174664991,30.320125627265142,0
1595877578.0200763,33.92102341626661,30.320125627265142,0
1595877578.030084,35.72239499066846,30.320125627265142,0
1595877578.0400734,37.52050499890821,30.320125627265142,0
1595877578.0500772,39.32118992780225,30.320125627265142,0
1595877578.060083,41.1222181794502,30.320125627265142,0
1595877578.0700743,42.92067151044385,30.320125627265142,0
1595877578.0800903,44.72354512189405,30.320125627265142,0
1595877578.0900803,46.52174096082227,30.320125627265142,0
1595877578.100084,48.322425889716314,30.320125627265142,0
1595877578.110081,50.12186627362745,30.320125627265142,0
1595877578.1200714,51.920147943244146,30.320125627265142,0
1595877578.1300879,53.72310738538282,30.320125627265142,0
1595877578.140076,55.520959901557134,30.320125627265142,0
1595877578.1500885,57.323232698187994,30.320125627265142,0
1595877578.1600766,59.12108521436231,30.320125627265142,0
1595877578.170085,60.92258553479688,30.320125627265142,0
1595877578.1800792,62.72155384992139,30.320125627265142,0
1595877578.190083,64.52223877881544,30.320125627265142,0
1595877578.2000792,66.32155041669385,30.320125627265142,0
1595877578.2100723,68.12030415509717,30.320125627265142,0
1595877578.2200837,69.92236237500684,30.320125627265142,0
1595877578.2300785,71.72141652081983,30.320125627265142,0
1595877578.2400792,73.52154355023877,30.320125627265142,0
1595877578.250082,75.32205681775586,30.320125627265142,0
1595877578.260079,77.121497201667,30.320125627265142,0
1595877578.27009,78.92351250623243,30.320125627265142,0
1595877578.2800877,80.72308163617627,30.320125627265142,0
1595877578.2900717,82.52020459149854,30.320125627265142,0
1595877578.3000836,84.32234864209669,30.320125627265142,0
1595877578.3100853,86.12264733289258,30.320125627265142,0
1595877578.3200827,87.92217354749219,30.320125627265142,0
1595877578.330086,89.72277264569776,30.320125627265142,0
1595877578.3400793,91.52156929944532,30.320125627265142,0
1595877578.3500748,93.32075219129102,30.320125627265142,0
1595877578.3600888,95.12328247998731,30.320125627265142,0
1595877578.3700905,96.92358117078321,30.320125627265142,0
1595877578.3800793,98.72156243299024,30.320125627265142,0
1595877578.3900824,100.52211861585157,30.320125627265142,0
1595877578.4000845,102.32250313733594,30.320125627265142,0
1595877578.4100864,104.12284474347608,30.320125627265142,0
1595877578.4200733,105.9204826829292,30.320125627265142,0
1595877578.4300728,107.72039513562696,30.320125627265142,0
1595877578.440082,109.52206711743848,30.320125627265142,0
1595877578.450081,111.32189373944776,30.320125627265142,0
1595877578.460075,113.1207762238838,30.320125627265142,0
1595877578.4700894,114.92339234326856,30.320125627265142,0
1595877578.4800868,116.72291855786817,30.320125627265142,0
1595877578.490074,118.52059941266553,30.320125627265142,0
1595877578.5000803,120.3217564103462,30.320125627265142,0
1595877578.5100772,122.12119679425733,30.320125627265142,0
1595877578.5200794,123.9215813157417,30.320125627265142,0
1595877578.5300875,125.72303872083204,30.320125627265142,0
1595877578.5400784,127.52140622113721,30.320125627265142,0
1595877578.5500822,129.32209115003127,30.320125627265142,0
1595877578.5600805,131.12178902600783,30.320125627265142,0
1595877578.5700889,132.9232893464424,30.320125627265142,0
1595877578.5800848,134.72255806897658,30.320125627265142,0
1595877578.590086,136.522770929084,30.320125627265142,0
1595877578.6000736,138.32053761456984,30.320125627265142,0
1595877578.6100864,140.12285332654494,30.320125627265142,0
1595877578.6200824,141.92212204907912,30.320125627265142,0
1595877578.6300716,143.72018914197463,30.320125627265142,0
1595877578.640078,145.5213461396553,30.320125627265142,0
1595877578.6500819,147.32203106854934,30.320125627265142,0
1595877578.6600728,149.1203985688545,30.320125627265142,0
1595877578.6700752,150.92082600568313,30.320125627265142,0
1595877578.6800783,152.72138218854445,30.320125627265142,0
1595877578.690075,154.52077965711135,30.320125627265142,0
1595877578.7000837,156.3223658082344,30.320125627265142,0
1595877578.7100728,158.12038998578566,30.320125627265142,0
1595877578.7200851,159.92261986707229,30.320125627265142,0
1595877578.730071,161.72008614514846,30.320125627265142,0
1595877578.7400813,163.52192978833693,30.320125627265142,0
1595877578.750076,165.32098393414992,30.320125627265142,0
1595877578.76009,167.1235142228462,30.320125627265142,0
1595877578.7700758,168.92093758557814,30.320125627265142,0
1595877578.7800844,170.72248082135695,30.320125627265142,0
1595877578.7900765,172.52106289838332,30.320125627265142,0
1595877578.8000762,174.3210182664253,30.320125627265142,0
1595877578.8100817,176.12200360272902,30.320125627265142,0
1595877578.8200755,177.92088608716506,30.320125627265142,0
1595877578.8300886,179.7232447144844,30.320125627265142,0
1595877578.840076,181.520968484626,30.320125627265142,0
1595877578.8500774,183.32122426007766,30.320125627265142,0
1595877578.860089,185.12332539533156,30.320125627265142,0
1595877578.8700826,186.92216496442336,30.320125627265142,0
1595877578.880071,188.7200603959419,30.320125627265142,0
1595877578.8900812,190.5219040391304,30.320125627265142,0
1595877578.9000847,192.3225460526802,30.320125627265142,0
1595877578.9100714,194.12014107678908,30.320125627265142,0
1595877578.9200788,195.9214697358467,30.320125627265142,0
1595877578.9300876,197.72305588696975,30.320125627265142,0
1595877578.9400816,199.52198128675002,30.320125627265142,0
1595877578.9500756,201.3209066865303,30.320125627265142,0
1595877578.960073,203.1204329011299,30.320125627265142,0
1595877578.9700727,204.9203882691719,30.320125627265142,0
1595877578.9800894,206.7233906266548,30.320125627265142,0
1595877578.9900784,208.52141480420607,30.320125627265142,0
1595877579.000079,210.32149891828078,30.320125627265142,0
1595877579.0100753,212.12085347150344,30.320125627265142,0
1595877579.020079,213.92149548505324,30.320125627265142,0
1595877579.030088,215.72312455152053,30.320125627265142,0
1595877579.0400753,217.52084832166213,30.320125627265142,0
1595877579.0500736,219.3205461976387,30.320125627265142,0
1595877579.0600717,221.12020115827102,30.320125627265142,0
1595877579.0700731,222.92045693372268,30.320125627265142,0
1595877579.080073,224.7204552171089,30.320125627265142,0
1595877579.090082,226.52204136823195,30.320125627265142,0
1595877579.1000712,228.32010846112746,30.320125627265142,0
1595877579.110071,230.12006382916945,30.320125627265142,0
1595877579.1200716,231.9201908585884,30.320125627265142,0
1595877579.1300704,233.71997456525344,30.320125627265142,0
1595877579.1400774,235.52121739362258,30.320125627265142,0
1595877579.1500793,237.32155899976271,30.320125627265142,0
1595877579.16008,239.12168602918166,30.320125627265142,0
1595877579.170073,240.92043976758498,30.320125627265142,0
1595877579.1800766,242.72108178113479,30.320125627265142,0
1595877579.190076,244.52099423383254,30.320125627265142,0
1595877579.2000813,246.321936654792,30.320125627265142,0
1595877579.2100852,248.12262158368605,30.320125627265142,0
1595877579.2200792,249.92154698346633,30.320125627265142,0
1595877579.2300847,251.72253231977004,30.320125627265142,0
1595877579.2367527,252.9227886674263,30.320125627265142,0
1595877579.2367527,285.0459520671984,62.44328902703725,0
1595877579.2400744,285.64384864312615,62.44328902703725,0
1595877579.250071,287.44324611169304,62.44328902703725,0
1595877579.2600777,289.24444602471794,62.44328902703725,0
1595877579.2700791,291.0447018001696,62.44328902703725,0
1595877579.2800796,292.8447859142443,62.44328902703725,0
1595877579.2900708,294.6431963298937,62.44328902703725,0
1595877579.3000703,296.4431087825915,62.44328902703725,0
1595877579.310074,298.2437937114855,62.44328902703725,0
1595877579.3200846,300.04568027001824,62.44328902703725,0
1595877579.3300824,301.8452923153063,62.44328902703725,0
1595877579.340087,303.6461059902331,62.44328902703725,0
1595877579.3500876,305.446233019652,62.44328902703725,0
1595877579.360082,307.24520133477654,62.44328902703725,0
1595877579.370089,309.0464870784899,62.44328902703725,0
1595877579.3800814,310.8451120708605,62.44328902703725,0
1595877579.390084,312.6455824230334,62.44328902703725,0
1595877579.4000816,314.4451515529772,62.44328902703725,0
1595877579.4100862,316.245965227904,62.44328902703725,0
1595877579.4200704,318.0431310985705,62.44328902703725,0
1595877579.430073,319.84360145074334,62.44328902703725,0
1595877579.4400725,321.6435139034411,62.44328902703725,0
1595877579.45007,323.4430401180407,62.44328902703725,0
1595877579.460078,325.24449752313103,62.44328902703725,0
1595877579.4700785,327.04458163720574,62.44328902703725,0
1595877579.4800727,328.84354995233025,62.44328902703725,0
1595877579.4900727,330.6435482357165,62.44328902703725,0
1595877579.5000803,332.44491981011834,62.44328902703725,0
1595877579.510081,334.2450468395373,62.44328902703725,0
1595877579.5200722,336.0434572551867,62.44328902703725,0
1595877579.5300834,337.8454725597521,62.44328902703725,0
1595877579.5400722,339.64345382195916,62.44328902703725,0
1595877579.550077,341.44431041223015,62.44328902703725,0
1595877579.5600884,343.2463686321398,62.44328902703725,0
1595877579.5700881,345.0463240001818,62.44328902703725,0
1595877579.5800698,346.8430178020617,62.44328902703725,0
1595877579.5900753,348.6440031383654,62.44328902703725,0
1595877579.6000786,350.444602236571,62.44328902703725,0
1595877579.6100774,352.244385943236,62.44328902703725,0
1595877579.6200879,354.0462725017687,62.44328902703725,0
1595877579.6300883,355.84635661584343,62.44328902703725,0
1595877579.6400864,357.64601157647576,62.44328902703725,0
1595877579.650072,359.4434349392077,62.44328902703725,0
1595877579.6531796,360,62.44328902703725,1
1595877579.6531796,0,62.44328902703725,0
1595877580.0101018,64.2459909771105,62.44328902703725,0
1595877580.0200915,66.04414390069448,62.44328902703725,0
1595877580.0301013,67.84590171319448,62.44328902703725,0
1595877580.0400875,69.64341090661489,62.44328902703725,0
1595877580.0500906,71.44396708947622,62.44328902703725,0
1595877580.0601,73.24568198663198,62.44328902703725,0
1595877580.070104,75.04636691552602,62.44328902703725,0
1595877580.080097,76.84512065392934,62.44328902703725,0
1595877580.0900953,78.6448185299059,62.44328902703725,0
1595877580.100092,80.4442159984728,62.44328902703725,0
1595877580.1100874,82.2433988903185,62.44328902703725,0
1595877580.1200945,84.04468463403188,62.44328902703725,0
1595877580.130098,85.84532664758169,62.44328902703725,0
1595877580.1400905,87.64395163995229,62.44328902703725,0
1595877580.1501002,89.44570945245229,62.44328902703725,0
1595877580.1601048,91.24652312737905,62.44328902703725,0
1595877580.170091,93.04403232079946,62.44328902703725,0
1595877580.1801045,94.84647677880727,62.44328902703725,0
1595877580.1900926,96.64432929498159,62.44328902703725,0
1595877580.200098,98.4453146312853,62.44328902703725,0
1595877580.2101057,100.24668620568715,62.44328902703725,0
1595877580.2200894,102.04376624566518,62.44328902703725,0
1595877580.2300887,103.8436357830187,62.44328902703725,0
1595877580.240087,105.64333365899526,62.44328902703725,0
1595877580.250103,107.44620727044546,62.44328902703725,0
1595877580.260088,109.24350188714467,62.44328902703725,0
1595877580.2701023,111.0460750911852,62.44328902703725,0
1595877580.2801058,112.846717104735,62.44328902703725,0
1595877580.2900991,114.64551375848256,62.44328902703725,0
1595877580.3001008,116.44581244927846,62.44328902703725,0
1595877580.310102,118.24602530938589,62.44328902703725,0
1595877580.3200965,120.04503653985464,62.44328902703725,0
1595877580.330093,121.84439109307729,62.44328902703725,0
1595877580.3400986,123.64541934472524,62.44328902703725,0
1595877580.3500934,125.44447349053823,62.44328902703725,0
1595877580.360098,127.24528716546499,62.44328902703725,0
1595877580.370098,129.04532836419546,62.44328902703725,0
1595877580.3800871,130.84335254174673,62.44328902703725,0
1595877580.3900864,132.64322207910024,62.44328902703725,0
1595877580.4000869,134.44330619317495,62.44328902703725,0
1595877580.410091,136.24403403741323,62.44328902703725,0
1595877580.4201057,138.04669307214223,62.44328902703725,0
1595877580.430098,139.84531806451284,62.44328902703725,0
1595877580.4401,141.64565967065298,62.44328902703725,0
1595877580.4500985,143.44540046197378,62.44328902703725,0
1595877580.4601002,145.24569915276967,62.44328902703725,0
1595877580.4701033,147.046255335631,62.44328902703725,0
1595877580.480093,148.844408259215,62.44328902703725,0
1595877580.4901004,150.6457369182726,62.44328902703725,0
1595877580.5001035,152.44629310113393,62.44328902703725,0
1595877580.5100913,154.244102701964,62.44328902703725,0
1595877580.5201046,156.04650424462758,62.44328902703725,0
1595877580.5300868,157.84328387719594,62.44328902703725,0
1595877580.5400994,159.6455566738268,62.44328902703725,0
1595877580.5500934,161.44448207360708,62.44328902703725,0
1595877580.5601,163.24568198663198,62.44328902703725,0
1595877580.5700974,165.0452082012316,62.44328902703725,0
1595877580.580087,166.84331820947133,62.44328902703725,0
1595877580.5900903,168.6439173076769,62.44328902703725,0
1595877580.6000998,170.44563220483266,62.44328902703725,0
1595877580.6100981,172.24533008080923,62.44328902703725,0
1595877580.6200907,174.04399798852407,62.44328902703725,0
1595877580.630087,175.8433096264025,62.44328902703725,0
1595877580.6400862,177.643179163756,62.44328902703725,0
1595877580.650103,179.44622443658315,62.44328902703725,0
1595877580.6600878,181.24347613793813,62.44328902703725,0
1595877580.670091,183.04403232079946,62.44328902703725,0
1595877580.680087,184.84334395867788,62.44328902703725,0
1595877580.6900942,186.64462970239126,62.44328902703725,0
1595877580.7000942,188.4446279857775,62.44328902703725,0
1595877580.7101023,190.24608539086782,62.44328902703725,0
1595877580.7200866,192.04325126153432,62.44328902703725,0
1595877580.730102,193.84603904229604,62.44328902703725,0
1595877580.7401009,195.64582274896108,62.44328902703725,0
1595877580.7500985,197.44539187890493,62.44328902703725,0
1595877580.760094,199.24457477075063,62.44328902703725,0
1595877580.7700975,201.04521678430044,62.44328902703725,0
1595877580.7801,202.8456871364733,62.44328902703725,0
1595877580.79009,204.6438829754015,62.44328902703725,0
1595877580.800099,206.44546912652456,62.44328902703725,0
1595877580.8100975,208.24520991784536,62.44328902703725,0
1595877580.8201056,210.0466673229357,62.44328902703725,0
1595877580.830093,211.8443910930773,62.44328902703725,0
1595877580.8400931,213.64443229180776,62.44328902703725,0
1595877580.8500967,215.44507430535756,62.44328902703725,0
1595877580.860093,217.24442885858022,62.44328902703725,0
1595877580.8700962,219.04498504144155,62.44328902703725,0
1595877580.8800957,220.8448974941393,62.44328902703725,0
1595877580.8901012,222.645882830443,62.44328902703725,0
1595877580.9000912,224.44407866937124,62.44328902703725,0
1595877580.910094,226.24459193688833,62.44328902703725,0
1595877580.9200993,228.0455343578478,62.44328902703725,0
1595877580.9300916,229.8441593502184,62.44328902703725,0
1595877580.9401047,231.64651797753774,62.44328902703725,0
1595877580.9500904,233.44394134026967,62.44328902703725,0
1595877580.9600887,235.24363921624624,62.44328902703725,0
1595877580.9700944,237.0446674678942,62.44328902703725,0
1595877580.980092,238.84423659783803,62.44328902703725,0
1595877580.9901032,240.64625190240346,62.44328902703725,0
1595877581.0001001,242.4456922863146,62.44328902703725,0
1595877581.0100915,244.24414561730825,62.44328902703725,0
1595877581.0200915,246.04414390069448,62.44328902703725,0
1595877581.0300925,247.84431384545766,62.44328902703725,0
1595877581.0400882,249.6435396526476,62.44328902703725,0
1595877581.0500908,251.44401000482046,62.44328902703725,0
1595877581.060092,253.24422286492788,62.44328902703725,0
1595877581.0700908,255.04400657159292,62.44328902703725,0
1595877581.0800934,256.8444769237658,62.44328902703725,0
1595877581.0900967,258.64507602197136,62.44328902703725,0
1595877581.1001039,260.44636176568474,62.44328902703725,0
1595877581.1100876,262.24344180566277,62.44328902703725,0
1595877581.120095,264.0447704647204,62.44328902703725,0
1595877581.130101,265.8458416317126,62.44328902703725,0
1595877581.1400876,267.64343665582146,62.44328902703725,0
1595877581.1500893,269.44373534661736,62.44328902703725,0
1595877581.1600986,271.2454073284289,62.44328902703725,0
1595877581.1700966,273.0450622890612,62.44328902703725,0
1595877581.1800878,274.8434727047106,62.44328902703725,0
1595877581.190088,276.6435139034411,62.44328902703725,0
1595877581.200105,278.44655917626824,62.44328902703725,0
1595877581.210099,280.2454845760485,62.44328902703725,0
1595877581.2200954,282.04483912927117,62.44328902703725,0
1595877581.2300885,283.8435928676745,62.44328902703725,0
1595877581.2400975,285.6452219341418,62.44328902703725,0
1595877581.2501047,287.44650767785515,62.44328902703725,0
1595877581.2600913,289.24410270196404,62.44328902703725,0
1595877581.2700925,291.04431556207146,62.44328902703725,0
1595877581.2800891,292.84371303063836,62.44328902703725,0
1595877581.2901025,294.64611457330193,62.44328902703725,0
1595877581.300098,296.44529746514763,62.44328902703725,0
1595877581.310096,298.24495242577996,62.44328902703725,0
1595877581.320086,300.0431482647082,62.44328902703725,0
1595877581.3301039,301.8463651989123,62.44328902703725,0
1595877581.340086,303.64314483148064,62.44328902703725,0
1595877581.3500896,305.44378684503044,62.44328902703725,0
1595877581.3600867,307.2432701442858,62.44328902703725,0
1595877581.3655918,308.23418544274773,62.44328902703725,0
1595877581.3655918,323.7639298099234,77.97303339421293,0
1595877581.3700879,324.5732273715689,77.97303339421293,0
1595877581.3801026,326.3758864062979,77.97303339421293,0
1595877581.3900993,328.1752838748648,77.97303339421293,0
1595877581.400095,329.97450968205476,77.97303339421293,0
1595877581.4100904,331.77369257390046,77.97303339421293,0
1595877581.4200926,333.57407709538484,77.97303339421293,0
1595877581.4300935,335.374247040148,77.97303339421293,0
1595877581.4401011,337.1756186145499,77.97303339421293,0
1595877581.4500983,338.97510191380525,77.97303339421293,0
1595877581.4600854,340.7727827686026,77.97303339421293,0
1595877581.4700916,342.57389685093904,77.97303339421293,0
1595877581.4801037,344.3760838168814,77.97303339421293,0
1595877581.4901047,346.1762537616446,77.97303339421293,0
1595877581.5000887,347.97337671696687,77.97303339421293,0
1595877581.5100913,349.7738470691397,77.97303339421293,0
1595877581.5200903,351.573673691149,77.97303339421293,0
1595877581.5300946,353.3744444507315,77.97303339421293,0
1595877581.5400867,355.1730265277579,77.97303339421293,0
1595877581.5501046,356.976243461962,77.97303339421293,0
1595877581.560094,358.77435347020173,77.97303339421293,0
1595877581.5669172,360,77.97303339421293,1
1595877581.5669172,0,77.97303339421293,0
1595877582.0101125,79.77517744481108,77.97303339421293,0
1595877582.0201085,81.57444616734526,77.97303339421293,0
1595877582.0301046,83.37375780522368,77.97303339421293,0
1595877582.0401094,85.17461439549467,77.97303339421293,0
1595877582.0501094,86.9746126788809,77.97303339421293,0
1595877582.0601058,88.77396723210356,77.97303339421293,0
1595877582.0701134,90.57533880650541,77.97303339421293,0
1595877582.0801022,92.37332006871245,77.97303339421293,0
1595877582.0901086,94.17447706639311,77.97303339421293,0
1595877582.1001155,95.97571989476225,77.97303339421293,0
1595877582.1101034,97.77352949559233,77.97303339421293,0
1595877582.120107,99.57417150914213,77.97303339421293,0
1595877582.1301022,101.3733114856436,77.97303339421293,0
1595877582.1401181,103.17618509709379,77.97303339421293,0
1595877582.1501167,104.9759258884146,77.97303339421293,0
1595877582.1601062,106.77403589665434,77.97303339421293,0
1595877582.1701186,108.57626577794096,77.97303339421293,0
1595877582.1801028,110.37343164860746,77.97303339421293,0
1595877582.1901183,112.17621942936918,77.97303339421293,0
1595877582.200115,113.97561689793608,77.97303339421293,0
1595877582.2101147,115.77557226597807,77.97303339421293,0
1595877582.2201135,117.57535597264311,77.97303339421293,0
1595877582.230114,119.37544008671782,77.97303339421293,0
1595877582.2401135,121.17535253941557,77.97303339421293,0
1595877582.2501032,122.97350546299955,77.97303339421293,0
1595877582.2601018,124.77324625432036,77.97303339421293,0
1595877582.2701123,126.57513281285307,77.97303339421293,0
1595877582.2801175,128.37607523381254,77.97303339421293,0
1595877582.2901137,130.17538687169096,77.97303339421293,0
1595877582.300104,131.97362562596342,77.97303339421293,0
1595877582.3101003,133.77298017918608,77.97303339421293,0
1595877582.3201122,135.57512422978422,77.97303339421293,0
1595877582.330104,137.37366339146635,77.97303339421293,0
1595877582.3401058,139.17396208226225,77.97303339421293,0
1595877582.3501117,140.97503324925444,77.97303339421293,0
1595877582.3601048,142.77378698765776,77.97303339421293,0
1595877582.370116,144.5758022922232,77.97303339421293,0
1595877582.3801022,146.3733114856436,77.97303339421293,0
1595877582.390118,148.17614218174955,77.97303339421293,0
1595877582.4001198,149.9764837878897,77.97303339421293,0
1595877582.4101117,151.77502294957182,77.97303339421293,0
1595877582.420108,153.57437750279448,77.97303339421293,0
1595877582.4301128,155.37523409306547,77.97303339421293,0
1595877582.4401124,157.17514654576323,77.97303339421293,0
1595877582.4501054,158.97390028416655,77.97303339421293,0
1595877582.460111,160.77488562047026,77.97303339421293,0
1595877582.470114,162.57544180333159,77.97303339421293,0
1595877582.480118,164.37616964756987,77.97303339421293,0
1595877582.49011,166.174708809252,77.97303339421293,0
1595877582.5001123,167.9751362460806,77.97303339421293,0
1595877582.5101016,169.77320333897612,77.97303339421293,0
1595877582.5201015,171.57320162236235,77.97303339421293,0
1595877582.5301087,173.37448736607573,77.97303339421293,0
1595877582.5401068,175.17414232670805,77.97303339421293,0
1595877582.5501041,176.97366854130766,77.97303339421293,0
1595877582.5601017,178.7732376712515,77.97303339421293,0
1595877582.5701132,180.57529589116118,77.97303339421293,0
1595877582.5801015,182.37319132267973,77.97303339421293,0
1595877582.5901082,184.17439123570463,77.97303339421293,0
1595877582.600115,185.97563406407377,77.97303339421293,0
1595877582.610109,187.77455946385405,77.97303339421293,0
1595877582.6201165,189.57588812291166,77.97303339421293,0
1595877582.6301007,191.37305399357817,77.97303339421293,0
1595877582.6401029,193.17343851506254,77.97303339421293,0
1595877582.650118,194.97618338048002,77.97303339421293,0
1595877582.6601133,196.7753233569815,77.97303339421293,0
1595877582.670105,198.57381960331938,77.97303339421293,0
1595877582.680105,200.3738178867056,77.97303339421293,0
1595877582.690109,202.1745457309439,77.97303339421293,0
1595877582.7001166,203.97591730534575,77.97303339421293,0
1595877582.7101095,205.77462812840483,77.97303339421293,0
1595877582.7201076,207.57428308903715,77.97303339421293,0
1595877582.7301025,209.37338015019438,77.97303339421293,0
1595877582.7401175,211.17608210026762,77.97303339421293,0
1595877582.7501018,212.97324797093412,77.97303339421293,0
1595877582.7601013,214.77316042363188,77.97303339421293,0
1595877582.770101,216.57311579167387,77.97303339421293,0
1595877582.7801003,218.3729853290274,77.97303339421293,0
1595877582.7901044,220.17371317326567,77.97303339421293,0
1595877582.8001146,221.97555681645414,77.97303339421293,0
1595877582.810108,223.7743534702017,77.97303339421293,0
1595877582.8201184,225.57624002873442,77.97303339421293,0
1595877582.8301063,227.3740496295645,77.97303339421293,0
1595877582.840113,229.1752495425894,77.97303339421293,0
1595877582.8501072,230.9742178577139,77.97303339421293,0
1595877582.8601193,232.7764048236563,77.97303339421293,0
1595877582.870104,234.57365652501127,77.97303339421293,0
1595877582.880117,236.37597223698637,77.97303339421293,0
1595877582.8901045,238.1737389224722,77.97303339421293,0
1595877582.9001026,239.97339388310454,77.97303339421293,0
1595877582.910107,241.77416464268705,77.97303339421293,0
1595877582.9201047,243.57377668797514,77.97303339421293,0
1595877582.930113,245.3752770084097,77.97303339421293,0
1595877582.9401176,247.17609068333647,77.97303339421293,0
1595877582.9501162,248.97583147465727,77.97303339421293,0
1595877582.9601078,250.77432772099516,77.97303339421293,0
1595877582.9701135,252.5753559726431,77.97303339421293,0
1595877582.980111,254.37488218724272,77.97303339421293,0
1595877582.990113,256.1752667087271,77.97303339421293,0
1595877583.0001016,257.9732050555899,77.97303339421293,0
1595877583.0101001,259.7729458469107,77.97303339421293,0
1595877583.020104,261.57363077580476,77.97303339421293,0
1595877583.0301023,263.3733286517813,77.97303339421293,0
1595877583.040117,265.1759876865103,77.97303339421293,0
1595877583.0501106,266.9748272556021,77.97303339421293,0
1595877583.0601132,268.775297607775,77.97303339421293,0
1595877583.0701113,270.5749525684073,77.97303339421293,0
1595877583.080113,272.3752512592032,77.97303339421293,0
1595877583.0901105,274.17482038914704,77.97303339421293,0
1595877583.1001163,275.975848640795,77.97303339421293,0
1595877583.1100996,277.77284285008454,77.97303339421293,0
1595877583.120109,279.5745577472403,77.97303339421293,0
1595877583.1301098,281.37468477665925,77.97303339421293,0
1595877583.1401029,283.17343851506257,77.97303339421293,0
1595877583.150102,284.97326513707185,77.97303339421293,0
1595877583.1601012,286.77313467442536,77.97303339421293,0
1595877583.1701002,288.57296129643464,77.97303339421293,0
1595877583.180119,290.3763498920157,77.97303339421293,0
1595877583.1901138,292.1754040378287,77.97303339421293,0
1595877583.200118,293.9761747974112,77.97303339421293,0
1595877583.2101119,295.77505728184724,77.97303339421293,0
1595877583.2201123,297.57514139592195,77.97303339421293,0
1595877583.2301128,299.37522550999665,77.97303339421293,0
1595877583.240102,301.17329260289216,77.97303339421293,0
1595877583.2501078,302.9743208545401,77.97303339421293,0
1595877583.2601101,304.7747482913687,77.97303339421293,0
1595877583.270115,306.5756048816397,77.97303339421293,0
1595877583.2801108,308.3748736041739,77.97303339421293,0
1595877583.290106,310.17401358067536,77.97303339421293,0
1595877583.300103,311.9734539645865,77.97303339421293,0
1595877583.3101132,313.775297607775,77.97303339421293,0
1595877583.320104,315.5736221927359,77.97303339421293,0
1595877583.330116,317.3758091586783,77.97303339421293,0
1595877583.340109,319.1745628970816,77.97303339421293,0
1595877583.3501108,320.9748615878775,77.97303339421293,0
1595877583.3601115,322.77498861729646,77.97303339421293,0
1595877583.3701103,324.5747723239615,77.97303339421293,0
1595877583.3801131,326.3752855914786,77.97303339421293,0
1595877583.390101,328.17309519230866,77.97303339421293,0
1595877583.4001184,329.9762262958243,77.97303339421293,0
1595877583.4101095,331.7746367114737,77.97303339421293,0
1595877583.4201145,333.57553621708894,77.97303339421293,0
1595877583.4301102,335.3747620242789,77.97303339421293,0
1595877583.4306886,335.47887464940095,77.97303339421293,0
1595877583.4306886,342.83521225458065,85.32937099939265,0
1595877583.440109,344.5308833361236,85.32937099939265,0
1595877583.4501176,346.33242657190243,85.32937099939265,0
1595877583.4601102,348.1310944796173,85.32937099939265,0
1595877583.4701111,349.93126442438046,85.32937099939265,0
1595877583.480102,351.72963192468563,85.32937099939265,0
1595877583.490103,353.5298018694488,85.32937099939265,0
1595877583.5001073,355.33057262903134,85.32937099939265,0
1595877583.5101151,357.13198711877743,85.32937099939265,0
1595877583.5201063,358.93039753442685,85.32937099939265,0
1595877583.5260625,360,85.32937099939265,1
1595877583.5260625,0,85.32937099939265,0
1595877584.0101209,87.13052799707332,85.32937099939265,0
1595877584.0201187,88.9301400423614,85.32937099939265,0
1595877584.0301206,90.73048164850154,85.32937099939265,0
1595877584.0401144,92.52936413293757,85.32937099939265,0
1595877584.0501206,94.330478215274,85.32937099939265,0
1595877584.0601306,96.13227894311824,85.32937099939265,0
1595877584.0701284,97.93189098840632,85.32937099939265,0
1595877584.0801332,99.73274757867732,85.32937099939265,0
1595877584.0901253,101.53132965570369,85.32937099939265,0
1595877584.1001208,103.33051254754939,85.32937099939265,0
1595877584.1101298,105.13214161401667,85.32937099939265,0
1595877584.1201189,106.93016579156794,85.32937099939265,0
1595877584.1301255,108.73136570459285,85.32937099939265,0
1595877584.1401207,110.53050568109431,85.32937099939265,0
1595877584.1501238,112.33106186395564,85.32937099939265,0
1595877584.1601174,114.12990143304744,85.32937099939265,0
1595877584.1701252,115.93131592279353,85.32937099939265,0
1595877584.180124,117.73109962945857,85.32937099939265,0
1595877584.190118,119.53002502923884,85.32937099939265,0
1595877584.2001173,121.32989456659236,85.32937099939265,0
1595877584.2101293,123.1320386171905,85.32937099939265,0
1595877584.2201214,124.93062069421687,85.32937099939265,0
1595877584.23013,126.73216392999568,85.32937099939265,0
1595877584.2401335,128.5328059435455,85.32937099939265,0
1595877584.2501273,130.33168842798153,85.32937099939265,0
1595877584.2601204,132.13044216638485,85.32937099939265,0
1595877584.2701194,133.93026878839413,85.32937099939265,0
1595877584.2801213,135.73061039453427,85.32937099939265,0
1595877584.2901278,137.53176739221493,85.32937099939265,0
1595877584.3001215,139.33064987665097,85.32937099939265,0
1595877584.3101213,141.13060524469296,85.32937099939265,0
1595877584.320122,142.9307322741119,85.32937099939265,0
1595877584.3301167,144.7297864199249,85.32937099939265,0
1595877584.3401296,146.5321021319,85.32937099939265,0
1595877584.3501313,148.3324008226959,85.32937099939265,0
1595877584.3601153,150.12952377801815,85.32937099939265,0
1595877584.3701332,151.93274071222226,85.32937099939265,0
1595877584.380115,153.72947742944638,85.32937099939265,0
1595877584.390133,155.53269436365048,85.32937099939265,0
1595877584.4001298,157.3321347475616,85.32937099939265,0
1595877584.4101167,159.12977268701474,85.32937099939265,0
1595877584.4201314,160.93243172174374,85.32937099939265,0
1595877584.430127,162.73161461358944,85.32937099939265,0
1595877584.440115,164.52946712976376,85.32937099939265,0
1595877584.4501207,166.3304953814117,85.32937099939265,0
1595877584.460132,168.13251068597714,85.32937099939265,0
1595877584.4701161,169.92967655664364,85.32937099939265,0
1595877584.4801261,171.73147728448788,85.32937099939265,0
1595877584.490119,173.53018810754696,85.32937099939265,0
1595877584.5001318,175.33250381952206,85.32937099939265,0
1595877584.510126,177.13147213464657,85.32937099939265,0
1595877584.5201154,178.92953922754208,85.32937099939265,0
1595877584.530115,180.72945168023983,85.32937099939265,0
1595877584.5401242,182.53112366205136,85.32937099939265,0
1595877584.5501254,184.33133652215878,85.32937099939265,0
1595877584.5601256,186.13137772088925,85.32937099939265,0
1595877584.5701149,187.92944481378476,85.32937099939265,0
1595877584.5801165,189.72974350458065,85.32937099939265,0
1595877584.5901334,191.5327887774078,85.32937099939265,0
1595877584.6001203,193.33042671686093,85.32937099939265,0
1595877584.6101193,195.1302533388702,85.32937099939265,0
1595877584.6201174,196.92990829950253,85.32937099939265,0
1595877584.6301155,198.72956326013485,85.32937099939265,0
1595877584.6401155,200.52956154352108,85.32937099939265,0
1595877584.650128,202.3317914248077,85.32937099939265,0
1595877584.6601233,204.1309743166534,85.32937099939265,0
1595877584.6701164,205.92972805505673,85.32937099939265,0
1595877584.6801283,207.73187210565487,85.32937099939265,0
1595877584.6901164,209.5297246218292,85.32937099939265,0
1595877584.700115,211.32946541315,85.32937099939265,0
1595877584.7101243,213.1311373949615,85.32937099939265,0
1595877584.7201211,214.93057777887265,85.32937099939265,0
1595877584.730116,216.72963192468563,85.32937099939265,0
1595877584.740123,218.530917668399,85.32937099939265,0
1595877584.750124,220.3310876131622,85.32937099939265,0
1595877584.7601213,222.1306138277618,85.32937099939265,0
1595877584.7701318,223.93250038629452,85.32937099939265,0
1595877584.7801173,225.72988083368222,85.32937099939265,0
1595877584.7901225,227.5308232546417,85.32937099939265,0
1595877584.8001328,229.33266689783017,85.32937099939265,0
1595877584.810114,231.12927486902157,85.32937099939265,0
1595877584.8201163,232.92970230585018,85.32937099939265,0
1595877584.8301246,234.73120262628476,85.32937099939265,0
1595877584.840126,236.53145840173642,85.32937099939265,0
1595877584.850129,238.3319716692535,85.32937099939265,0
1595877584.8601177,240.12995293146054,85.32937099939265,0
1595877584.8701193,241.93025162225643,85.32937099939265,0
1595877584.8801305,243.73226692682186,85.32937099939265,0
1595877584.8901262,245.5314927340118,85.32937099939265,0
1595877584.9001286,247.33192017084042,85.32937099939265,0
1595877584.9101245,249.1311888933746,85.32937099939265,0
1595877584.9201167,250.92977097040097,85.32937099939265,0
1595877584.930123,252.73092796808163,85.32937099939265,0
1595877584.9401314,254.5324282885162,85.32937099939265,0
1595877584.950114,256.32929375177304,85.32937099939265,0
1595877584.9601223,258.1307940722076,85.32937099939265,0
1595877584.9701304,259.93225147729794,85.32937099939265,0
1595877584.9801261,261.7314772844879,85.32937099939265,0
1595877584.990133,263.532720112857,85.32937099939265,0
1595877585.0001261,265.33147385126034,85.32937099939265,0
1595877585.0101237,267.1310429812042,85.32937099939265,0
1595877585.0201266,268.9315562487213,85.32937099939265,0
1595877585.0301259,270.7314257860748,85.32937099939265,0
1595877585.040123,272.53090908533017,85.32937099939265,0
1595877585.0501137,274.3292336702911,85.32937099939265,0
1595877585.0601277,276.1317639589874,85.32937099939265,0
1595877585.0701172,277.92987396722714,85.32937099939265,0
1595877585.0801327,279.73266174798886,85.32937099939265,0
1595877585.0901165,281.5297417879669,85.32937099939265,0
1595877585.1001163,283.3296971560089,85.32937099939265,0
1595877585.1101186,285.1301245928375,85.32937099939265,0
1595877585.1201212,286.93059494501034,85.32937099939265,0
1595877585.1301208,288.7305073977081,85.32937099939265,0
1595877585.1401236,290.5310206652252,85.32937099939265,0
1595877585.1501198,292.3303323031036,85.32937099939265,0
1595877585.1601162,294.12968685632626,85.32937099939265,0
1595877585.1701272,295.93165924554745,85.32937099939265,0
1595877585.1801305,297.732258343753,85.32937099939265,0
1595877585.1901307,299.5322995424835,85.32937099939265,0
1595877585.2001255,301.3313536882965,85.32937099939265,0
1595877585.210116,303.1296353579132,85.32937099939265,0
1595877585.220132,304.9325518847076,85.32937099939265,0
1595877585.23012,306.7303614855377,85.32937099939265,0
1595877585.2401323,308.5325913668243,85.32937099939265,0
1595877585.250128,310.33181717401425,85.32937099939265,0
1595877585.2601185,312.13009884363095,85.32937099939265,0
1595877585.2701266,313.9315562487213,85.32937099939265,0
1595877585.2801168,315.72979500299374,85.32937099939265,0
1595877585.2901132,317.5291495562164,85.32937099939265,0
1595877585.300118,319.3300061464874,85.32937099939265,0
1595877585.3101315,321.1324506044952,85.32937099939265,0
1595877585.3201165,322.9297452211944,85.32937099939265,0
1595877585.3301144,324.7293572664825,85.32937099939265,0
1595877585.340117,326.52982761865536,85.32937099939265,0
1595877585.3501256,328.33137085443417,85.32937099939265,0
1595877585.3601305,330.1322703600494,85.32937099939265,0
1595877585.3701174,331.92990829950253,85.32937099939265,0
1595877585.3801172,333.7298636675445,85.32937099939265,0
1595877585.3901193,335.5302481890289,85.32937099939265,0
1595877585.4001215,337.33063271051327,85.32937099939265,0
1595877585.4101205,339.13045933252255,85.32937099939265,0
1595877585.420113,340.9291272402374,85.32937099939265,0
1595877585.430122,342.73071339136044,85.32937099939265,0
1595877585.4401252,344.531312489566,85.32937099939265,0
1595877585.4501143,346.3293366671173,85.32937099939265,0
1595877585.4601178,348.1299786806671,85.32937099939265,0
1595877585.4632847,348.70002319818417,85.32937099939265,0
1595877585.4632847,352.09001623872894,88.7193640399374,0
1595877585.4701276,353.32172953371185,88.7193640399374,0
1595877585.480115,355.11945330385345,88.7193640399374,0
1595877585.4901276,356.9217261004843,88.7193640399374,0
1595877585.5001159,358.71962153200286,88.7193640399374,0
1595877585.5072403,360,88.7193640399374,1
1595877585.5072403,0,88.7193640399374,0
1595877586.0101404,90.52202307466641,88.7193640399374,0
1595877586.0201323,92.32056223634854,88.7193640399374,0
1595877586.0301416,94.12223421816006,88.7193640399374,0
1595877586.0401523,95.92416369203701,88.7193640399374,0
1595877586.050144,97.7226599383749,88.7193640399374,0
1595877586.0601315,99.52042662386074,88.7193640399374,0
1595877586.0701342,101.3208969760336,88.7193640399374,0
1595877586.0801377,103.1215389895834,88.7193640399374,0
1595877586.0901413,104.9221810031332,88.7193640399374,0
1595877586.1001332,106.72072016481533,88.7193640399374,0
1595877586.1101348,108.52101885561123,88.7193640399374,0
1595877586.1201298,110.32011591676846,88.7193640399374,0
1595877586.1301262,112.11947046999111,88.7193640399374,0
1595877586.1401403,113.9220007586874,88.7193640399374,0
1595877586.1501281,115.71981035951748,88.7193640399374,0
1595877586.1601362,117.52126776460781,88.7193640399374,0
1595877586.170142,119.32229601625576,88.7193640399374,0
1595877586.1801348,121.12100683931484,88.7193640399374,0
1595877586.1901414,122.92220675233975,88.7193640399374,0
1595877586.2001371,124.72143255952969,88.7193640399374,0
1595877586.2101417,126.52224623445645,88.7193640399374,0
1595877586.2201438,128.32263075594082,88.7193640399374,0
1595877586.2301297,130.120097034017,88.7193640399374,0
1595877586.2401416,131.92224108461514,88.7193640399374,0
1595877586.2501264,133.71949278597012,88.7193640399374,0
1595877586.2601361,135.52125059847012,88.7193640399374,0
1595877586.2701285,137.31987559084072,88.7193640399374,0
1595877586.280134,139.12086092714443,88.7193640399374,0
1595877586.2901301,140.92017256502285,88.7193640399374,0
1595877586.3001432,142.7225311923422,88.7193640399374,0
1595877586.3101423,144.52235781435147,88.7193640399374,0
1595877586.3201313,146.32038199190274,88.7193640399374,0
1595877586.3301332,148.12072359804287,88.7193640399374,0
1595877586.3401415,149.92222391847744,88.7193640399374,0
1595877586.3501341,151.7208918261923,88.7193640399374,0
1595877586.3601265,153.5195168185629,88.7193640399374,0
1595877586.3701317,155.32045923952236,88.7193640399374,0
1595877586.3801405,157.1220453906454,88.7193640399374,0
1595877586.3901417,158.92225825075283,88.7193640399374,0
1595877586.4001312,160.72036825899258,88.7193640399374,0
1595877586.410136,162.52122484926358,88.7193640399374,0
1595877586.4201283,164.31984984163418,88.7193640399374,0
1595877586.4301314,166.1204060244955,88.7193640399374,0
1595877586.4401424,167.9223784137167,88.7193640399374,0
1595877586.45013,169.72014509920254,88.7193640399374,0
1595877586.4601407,171.5220745730795,88.7193640399374,0
1595877586.4701314,173.32039915804043,88.7193640399374,0
1595877586.4801402,175.12198530916348,88.7193640399374,0
1595877586.4901338,176.92082487825527,88.7193640399374,0
1595877586.5001402,178.72198187593594,88.7193640399374,0
1595877586.5101373,180.5214651751913,88.7193640399374,0
1595877586.5201313,182.32039057497158,88.7193640399374,0
1595877586.5301375,184.121504657308,88.7193640399374,0
1595877586.54013,185.92012964967861,88.7193640399374,0
1595877586.5501258,187.7193983722128,88.7193640399374,0
1595877586.56014,189.52192866090908,88.7193640399374,0
1595877586.5701318,191.3204678225912,88.7193640399374,0
1595877586.5801277,193.1197365451254,88.7193640399374,0
1595877586.5901275,194.91969191316738,88.7193640399374,0
1595877586.6001365,196.72132097963467,88.7193640399374,0
1595877586.610137,198.52140509370938,88.7193640399374,0
1595877586.6201437,200.32260500673428,88.7193640399374,0
1595877586.6301339,202.12084376100674,88.7193640399374,0
1595877586.640131,203.9203270602621,88.7193640399374,0
1595877586.6501322,205.72053992036953,88.7193640399374,0
1595877586.6601324,207.5205811191,88.7193640399374,0
1595877586.6701336,209.32079397920742,88.7193640399374,0
1595877586.680131,211.12032019380703,88.7193640399374,0
1595877586.690129,212.91997515443936,88.7193640399374,0
1595877586.7001414,214.72220503572598,88.7193640399374,0
1595877586.7101412,216.52216040376797,88.7193640399374,0
1595877586.7201316,218.32044207338467,88.7193640399374,0
1595877586.7301397,220.121899478475,88.7193640399374,0
1595877586.7401388,221.92172610048428,88.7193640399374,0
1595877586.7501283,223.71983610872402,88.7193640399374,0
1595877586.7601292,225.5200060534872,88.7193640399374,0
1595877586.7701414,227.3221930194296,88.7193640399374,0
1595877586.7801328,229.12064635042324,88.7193640399374,0
1595877586.79014,230.92193209413662,88.7193640399374,0
1595877586.8001254,232.71931254152432,88.7193640399374,0
1595877586.8101277,234.51973997835293,88.7193640399374,0
1595877586.820128,236.3197811770834,88.7193640399374,0
1595877586.8301415,238.1222256350912,88.7193640399374,0
1595877586.8401315,239.92042147401943,88.7193640399374,0
1595877586.850144,241.72265135530606,88.7193640399374,0
1595877586.8601367,243.52136217836514,88.7193640399374,0
1595877586.8701437,245.32260500673428,88.7193640399374,0
1595877586.880142,247.12230288271084,88.7193640399374,0
1595877586.8901386,248.92170035127774,88.7193640399374,0
1595877586.9001338,250.7208403277792,88.7193640399374,0
1595877586.9101408,252.52208315614834,88.7193640399374,0
1595877586.9201267,254.3195494342245,88.7193640399374,0
1595877586.9301326,256.12062060121673,88.7193640399374,0
1595877586.9401248,257.9192026782431,88.7193640399374,0
1595877586.9501283,259.7198446917929,88.7193640399374,0
1595877586.960129,261.51997172121185,88.7193640399374,0
1595877586.970136,263.321214549581,88.7193640399374,0
1595877586.980132,265.1205261874594,88.7193640399374,0
1595877586.9901419,266.9222839999594,88.7193640399374,0
1595877587.0001357,268.72116648439544,88.7193640399374,0
1595877587.0101435,270.52258097414153,88.7193640399374,0
1595877587.0201275,272.3197039294638,88.7193640399374,0
1595877587.0301416,274.1222342181601,88.7193640399374,0
1595877587.0401392,275.92180334810394,88.7193640399374,0
1595877587.0501251,277.7192696261801,88.7193640399374,0
1595877587.0601249,279.5192249942221,88.7193640399374,0
1595877587.0701432,281.3225277591147,88.7193640399374,0
1595877587.0801272,283.11965071443694,88.7193640399374,0
1595877587.0901318,284.9204643893637,88.7193640399374,0
1595877587.100136,286.7212351489462,88.7193640399374,0
1595877587.110133,288.52067553285735,88.7193640399374,0
1595877587.1201296,290.32007300142425,88.7193640399374,0
1595877587.1301389,292.12174498323577,88.7193640399374,0
1595877587.14014,293.9219578433432,88.7193640399374,0
1595877587.150144,295.7226856875815,88.7193640399374,0
1595877587.1601284,297.519851558248,88.7193640399374,0
1595877587.170131,299.32032191042083,88.7193640399374,0
1595877587.180136,301.12122141603606,88.7193640399374,0
1595877587.1901438,302.92263590578216,88.7193640399374,0
1595877587.2001293,304.72001635316985,88.7193640399374,0
1595877587.2101357,306.5211733508505,88.7193640399374,0
1595877587.2201304,308.3202274966635,88.7193640399374,0
1595877587.2301278,310.1197537112631,88.7193640399374,0
1595877587.2401383,311.92164026979583,88.7193640399374,0
1595877587.2501426,313.72241102937835,88.7193640399374,0
1595877587.2601333,315.5207356143393,88.7193640399374,0
1595877587.2701383,317.3216351199545,88.7193640399374,0
1595877587.2801347,319.1209896731772,88.7193640399374,0
1595877587.2901428,320.9224470782675,88.7193640399374,0
1595877587.3001375,322.7215012240805,88.7193640399374,0
1595877587.3101296,324.52008330110687,88.7193640399374,0
1595877587.3201375,326.32149779085296,88.7193640399374,0
1595877587.3301368,328.1213673282065,88.7193640399374,0
1595877587.3401291,329.9199923205771,88.7193640399374,0
1595877587.3501322,331.7205485034384,88.7193640399374,0
1595877587.3601334,333.52076136354583,88.7193640399374,0
1595877587.3701417,335.3222616839804,88.7193640399374,0
1595877587.3801436,337.12260329012054,88.7193640399374,0
1595877587.39014,338.9219578433432,88.7193640399374,0
1595877587.4001412,340.7221707034506,88.7193640399374,0
1595877587.410131,342.5203236270346,88.7193640399374,0
1595877587.4201295,344.3200644183554,88.7193640399374,0
1595877587.4301317,346.1204489398398,88.7193640399374,0
1595877587.4401245,347.91915976289886,88.7193640399374,0
1595877587.4501328,349.7206600833334,88.7193640399374,0
1595877587.4601297,351.52010046724456,88.7193640399374,0
1595877587.470126,353.319412105123,88.7193640399374,0
1595877587.4801335,355.12078367952483,88.7193640399374,0
1595877587.480901,355.25892817262786,88.7193640399374,0
1595877587.480901,356.6812497208395,90.14168558814904,0
1595877587.4901428,358.34477720954794,90.14168558814904,0
1595877587.499353,360,90.14168558814904,1
1595877587.499353,0,90.14168558814904,0
1595877588.010143,91.94219885566613,90.14168558814904,0
1595877588.0201526,93.7439137528219,90.14168558814904,0
1595877588.0301435,95.54228125312707,90.14168558814904,0
1595877588.0401566,97.34463988044641,90.14168558814904,0
1595877588.0501575,99.14480982520959,90.14168558814904,0
1595877588.060142,100.94201861122033,90.14168558814904,0
1595877588.0701497,102.74339018562219,90.14168558814904,0
1595877588.0801418,104.54197226264856,90.14168558814904,0
1595877588.090146,106.34274302223108,90.14168558814904,0
1595877588.1001472,108.1429558823385,90.14168558814904,0
1595877588.110141,109.94183836677453,90.14168558814904,0
1595877588.120154,111.74415407874963,90.14168558814904,0
1595877588.1301506,113.54355154731653,90.14168558814904,0
1595877588.1401563,115.34457979896447,90.14168558814904,0
1595877588.150153,117.14397726753137,90.14168558814904,0
1595877588.1601567,118.94466219642541,90.14168558814904,0
1595877588.1701543,120.74423132636926,90.14168558814904,0
1595877588.180155,122.5443583557882,90.14168558814904,0
1595877588.1901507,124.34358416297815,90.14168558814904,0
1595877588.2001493,126.14332495429895,90.14168558814904,0
1595877588.2101467,127.94285116889856,90.14168558814904,0
1595877588.2201452,129.74259196021936,90.14168558814904,0
1595877588.230154,131.5441781113424,90.14168558814904,0
1595877588.2401574,133.34477720954797,90.14168558814904,0
1595877588.250156,135.14451800086877,90.14168558814904,0
1595877588.2601593,136.94511709907434,90.14168558814904,0
1595877588.2701561,138.74455748298547,90.14168558814904,0
1595877588.2801511,140.5436545441427,90.14168558814904,0
1595877588.2901404,142.3417216370382,90.14168558814904,0
1595877588.3001466,144.14283571937463,90.14168558814904,0
1595877588.3101506,145.9435635636129,90.14168558814904,0
1595877588.320151,147.74364767768762,90.14168558814904,0
1595877588.3301575,149.54480467536828,90.14168558814904,0
1595877588.3401425,151.3420992920675,90.14168558814904,0
1595877588.3501437,153.14231215217492,90.14168558814904,0
1595877588.360141,154.94183836677453,90.14168558814904,0
1595877588.3701475,156.7429953644552,90.14168558814904,0
1595877588.3801522,158.5438519547262,90.14168558814904,0
1595877588.3901463,160.34277735450647,90.14168558814904,0
1595877588.400156,162.14453516700647,90.14168558814904,0
1595877588.410159,163.9450913498678,90.14168558814904,0
1595877588.4201517,165.74375925758264,90.14168558814904,0
1595877588.430141,167.54182635047815,90.14168558814904,0
1595877588.4401476,169.34302626350305,90.14168558814904,0
1595877588.4501414,171.14190874793908,90.14168558814904,0
1595877588.4601548,172.94431029060266,90.14168558814904,0
1595877588.470149,174.74327860572717,90.14168558814904,0
1595877588.4801452,176.5425902436056,90.14168558814904,0
1595877588.490158,178.34490595558069,90.14168558814904,0
1595877588.500155,180.14434633949182,90.14168558814904,0
1595877588.510145,181.94254217842004,90.14168558814904,0
1595877588.5201535,183.74408541419885,90.14168558814904,0
1595877588.5301416,185.54193793037317,90.14168558814904,0
1595877588.5401518,187.34378157356164,90.14168558814904,0
1595877588.550158,189.14489565589807,90.14168558814904,0
1595877588.560156,190.9445506165304,90.14168558814904,0
1595877588.5701427,192.74214564063928,90.14168558814904,0
1595877588.5801492,194.54330263831994,90.14168558814904,0
1595877588.5901568,196.3446742127218,90.14168558814904,0
1595877588.6001487,198.14321337440393,90.14168558814904,0
1595877588.6101515,199.94372664192102,90.14168558814904,0
1595877588.6201534,201.74406824806115,90.14168558814904,0
1595877588.6301517,203.54376612403772,90.14168558814904,0
1595877588.640142,205.34200487831018,90.14168558814904,0
1595877588.6501505,207.143548114089,90.14168558814904,0
1595877588.660156,208.9445334503927,90.14168558814904,0
1595877588.6701527,210.7439309189596,90.14168558814904,0
1595877588.680141,212.54182635047815,90.14168558814904,0
1595877588.690146,214.34272585609338,90.14168558814904,0
1595877588.700157,216.14469824531457,90.14168558814904,0
1595877588.7101562,217.9445677826681,90.14168558814904,0
1595877588.7201426,219.74211989143274,90.14168558814904,0
1595877588.7301486,221.54319105842492,90.14168558814904,0
1595877588.7401526,223.3439189026632,90.14168558814904,0
1595877588.7501545,225.14426050880334,90.14168558814904,0
1595877588.7601507,226.94357214668176,90.14168558814904,0
1595877588.7701397,228.74159632423303,90.14168558814904,0
1595877588.7801545,230.54425535896203,90.14168558814904,0
1595877588.7901568,232.34468279579065,90.14168558814904,0
1595877588.8001559,234.14450941779992,90.14168558814904,0
1595877588.8101459,235.94270525672815,90.14168558814904,0
1595877588.82015,237.74343310096643,90.14168558814904,0
1595877588.8301477,239.5430451462545,90.14168558814904,0
1595877588.8401396,241.34158430793664,90.14168558814904,0
1595877588.8501554,243.1444150040426,90.14168558814904,0
1595877588.860144,244.9423533509054,90.14168558814904,0
1595877588.8701534,246.74406824806115,90.14168558814904,0
1595877588.880149,248.54325113990686,90.14168558814904,0
1595877588.8901496,250.3433781693258,90.14168558814904,0
1595877588.9001408,252.14178858497522,90.14168558814904,0
1595877588.9101515,253.94371805885217,90.14168558814904,0
1595877588.9201467,255.74285803535363,90.14168558814904,0
1595877588.9301453,257.5425988266744,90.14168558814904,0
1595877588.9401455,259.3426400254049,90.14168558814904,0
1595877588.9501562,261.14456949928183,90.14168558814904,0
1595877588.9601421,262.942035777358,90.14168558814904,0
1595877588.9701536,264.74409399726767,90.14168558814904,0
1595877588.9801404,266.5417319367208,90.14168558814904,0
1595877588.9901543,268.34421931007284,90.14168558814904,0
1595877589.0001554,270.14443217018027,90.14168558814904,0
1595877589.010157,271.94473086097616,90.14168558814904,0
1595877589.02014,273.74163923957724,90.14168558814904,0
1595877589.030148,275.54309664466757,90.14168558814904,0
1595877589.0401423,277.3420649597921,90.14168558814904,0
1595877589.0501418,279.14197741248984,90.14168558814904,0
1595877589.060151,280.94364939430136,90.14168558814904,0
1595877589.070157,282.74472056129355,90.14168558814904,0
1595877589.0801494,284.54334555366415,90.14168558814904,0
1595877589.090149,286.3432580063619,90.14168558814904,0
1595877589.1001556,288.1444579193868,90.14168558814904,0
1595877589.1101506,289.94355498054404,90.14168558814904,0
1595877589.1201525,291.7438965866842,90.14168558814904,0
1595877589.130148,293.5430794785299,90.14168558814904,0
1595877589.1401584,295.3449660370626,90.14168558814904,0
1595877589.1501524,297.14389143684286,90.14168558814904,0
1595877589.1601532,298.9440184662618,90.14168558814904,0
1595877589.170144,300.742385966567,90.14168558814904,0
1595877589.1801507,302.5435858795919,90.14168558814904,0
1595877589.190158,304.34487162330527,90.14168558814904,0
1595877589.2001476,306.14302454688925,90.14168558814904,0
1595877589.2101436,307.94229326942343,90.14168558814904,0
1595877589.2201512,309.7436648438253,90.14168558814904,0
1595877589.2301567,311.544650180129,90.14168558814904,0
1595877589.2401395,313.34155855873007,90.14168558814904,0
1595877589.250151,315.14361677863974,90.14168558814904,0
1595877589.2601428,316.94215594032187,90.14168558814904,0
1595877589.2701426,318.74211130836386,90.14168558814904,0
1595877589.280143,320.54219542243857,90.14168558814904,0
1595877589.2901466,322.3428374359884,90.14168558814904,0
1595877589.3001544,324.14425192573447,90.14168558814904,0
1595877589.3101463,325.9427910874166,90.14168558814904,0
1595877589.3201506,327.7435618469991,90.14168558814904,0
1595877589.3301463,329.54278765418906,90.14168558814904,0
1595877589.3401504,331.34351549842734,90.14168558814904,0
1595877589.3501415,333.14192591407675,90.14168558814904,0
1595877589.360145,334.94256792762656,90.14168558814904,0
1595877589.370148,336.74308119514365,90.14168558814904,0
1595877589.3801494,338.5433369705953,90.14168558814904,0
1595877589.3901422,340.3420477936544,90.14168558814904,0
1595877589.400141,342.1418315003194,90.14168558814904,0
1595877589.4101522,343.94384680488486,90.14168558814904,0
1595877589.4201543,345.74423132636923,90.14168558814904,0
1595877589.4301417,347.54195509651083,90.14168558814904,0
1595877589.4401472,349.34294043281454,90.14168558814904,0
1595877589.4501567,351.1446553299703,90.14168558814904,0
1595877589.460154,352.9441815445699,90.14168558814904,0
1595877589.4701512,354.7436648438253,90.14168558814904,0
1595877589.4801552,356.54439268806357,90.14168558814904,0
1595877589.490154,358.3441763947286,90.14168558814904,0
1595877589.4910154,358.4992295334615,90.14168558814904,0
1595877589.4910154,358.94946067342306,90.59191672811059,0
1595877589.4968672,360,90.59191672811059,1
1595877589.4968672,0,90.59191672811059,0
1595877590.010156,92.39195792684106,90.59191672811059,0
1595877590.020167,94.19397323140649,90.59191672811059,0
1595877590.0301733,95.99508731374291,90.59191672811059,0
1595877590.0401583,97.79238193044213,90.59191672811059,0
1595877590.0501664,99.59383933553246,90.59191672811059,0
1595877590.0601747,101.39533965596704,90.59191672811059,0
1595877590.0701654,103.19366424092797,90.59191672811059,0
1595877590.0801573,104.9922034026101,90.59191672811059,0
1595877590.0901735,106.79511992940454,90.59191672811059,0
1595877590.1001666,108.59387366780786,90.59191672811059,0
1595877590.110159,110.39249866017846,90.59191672811059,0
1595877590.1201591,112.19253985890893,90.59191672811059,0
1595877590.1301687,113.99425475606469,90.59191672811059,0
1595877590.1401565,115.79206435689477,90.59191672811059,0
1595877590.1501648,117.59356467732934,90.59191672811059,0
1595877590.1601698,119.39446418294457,90.59191672811059,0
1595877590.1701732,121.19506328115014,90.59191672811059,0
1595877590.1801581,122.99235789784936,90.59191672811059,0
1595877590.1901693,124.79437320241479,90.59191672811059,0
1595877590.2001557,126.59192531117944,90.59191672811059,0
1595877590.2101612,128.39291064748315,90.59191672811059,0
1595877590.2201672,130.19398181447534,90.59191672811059,0
1595877590.2301698,131.9944521666482,90.59191672811059,0
1595877590.240156,133.7919613600686,90.59191672811059,0
1595877590.2501595,135.5926033736184,90.59191672811059,0
1595877590.2601588,137.39247291097192,90.59191672811059,0
1595877590.2701597,139.1926428557351,90.59191672811059,0
1595877590.2801683,140.9941860915139,90.59191672811059,0
1595877590.2901685,142.79422729024438,90.59191672811059,0
1595877590.300158,144.59233729848413,90.59191672811059,0
1595877590.3101614,146.3929363966897,90.59191672811059,0
1595877590.3201635,148.19332091817407,90.59191672811059,0
1595877590.3301635,149.9933192015603,90.59191672811059,0
1595877590.3401687,151.79426162251977,90.59191672811059,0
1595877590.350165,153.5935732603982,90.59191672811059,0
1595877590.3601594,155.39258449086694,90.59191672811059,0
1595877590.3701599,157.19266860494164,90.59191672811059,0
1595877590.380171,158.99468390950707,90.59191672811059,0
1595877590.3901656,160.79369513997582,90.59191672811059,0
1595877590.4001584,162.5924059630349,90.59191672811059,0
1595877590.4101725,164.3949362517312,90.59191672811059,0
1595877590.420174,166.19519202718286,90.59191672811059,0
1595877590.4301584,167.9924008131936,90.59191672811059,0
1595877590.440163,169.79321448812036,90.59191672811059,0
1595877590.4501588,171.59248321065454,90.59191672811059,0
1595877590.4601703,173.3945414305642,90.59191672811059,0
1595877590.4701653,175.19363849172143,90.59191672811059,0
1595877590.4801736,176.995138812156,90.59191672811059,0
1595877590.4901712,178.79470794209985,90.59191672811059,0
1595877590.5001721,180.59487788686303,90.59191672811059,0
1595877590.5101738,182.39517657765893,90.59191672811059,0
1595877590.5201726,184.19496028432397,90.59191672811059,0
1595877590.5301647,185.99354236135034,90.59191672811059,0
1595877590.54017,187.7944847823098,90.59191672811059,0
1595877590.550173,189.59504096517114,90.59191672811059,0
1595877590.5601735,191.39512507924584,90.59191672811059,0
1595877590.57016,193.1926771880105,90.59191672811059,0
1595877590.580174,194.99520747670678,90.59191672811059,0
1595877590.5901628,196.7931887389138,90.59191672811059,0
1595877590.6001747,198.59533278951196,90.59191672811059,0
1595877590.61016,200.39271323689965,90.59191672811059,0
1595877590.6201553,202.19185321340112,90.59191672811059,0
1595877590.6301622,203.99309604177026,90.59191672811059,0
1595877590.6401615,205.79296557912377,90.59191672811059,0
1595877590.6501718,207.59480922231225,90.59191672811059,0
1595877590.6601639,209.39339129933862,90.59191672811059,0
1595877590.670159,211.19253127584008,90.59191672811059,0
1595877590.6801567,212.99210040578393,90.59191672811059,0
1595877590.6901622,214.79308574208764,90.59191672811059,0
1595877590.7001562,216.5920111418679,90.59191672811059,0
1595877590.7101634,218.3932968855813,90.59191672811059,0
1595877590.7201579,220.19230811605004,90.59191672811059,0
1595877590.7301693,221.9943663359597,90.59191672811059,0
1595877590.7401674,223.79402129659204,90.59191672811059,0
1595877590.7501698,225.59444873342065,90.59191672811059,0
1595877590.7601597,227.39264457234887,90.59191672811059,0
1595877590.7701738,229.19517486104516,90.59191672811059,0
1595877590.7801716,230.99478690633325,90.59191672811059,0
1595877590.79017,232.7944847823098,90.59191672811059,0
1595877590.8001552,234.59182231435327,90.59191672811059,0
1595877590.810173,236.39503924855737,90.59191672811059,0
1595877590.820159,238.19250552663354,90.59191672811059,0
1595877590.8301606,239.99280421742944,90.59191672811059,0
1595877590.8401718,241.79481952199487,90.59191672811059,0
1595877590.8501604,243.59275786885766,90.59191672811059,0
1595877590.8601701,245.39451568135766,90.59191672811059,0
1595877590.870173,247.19502894887475,90.59191672811059,0
1595877590.8801703,248.99455516347436,90.59191672811059,0
1595877590.890164,250.79339473256616,90.59191672811059,0
1595877590.900156,252.59197680959252,90.59191672811059,0
1595877590.9101725,254.3949362517312,90.59191672811059,0
1595877590.9201665,256.1938616515115,90.59191672811059,0
1595877590.9301658,257.993731188865,90.59191672811059,0
1595877590.9401608,259.79282825002224,90.59191672811059,0
1595877590.9501548,261.5917536498025,90.59191672811059,0
1595877590.9601648,263.39355437764675,90.59191672811059,0
1595877590.9701693,265.1943680525735,90.59191672811059,0
1595877590.98016,266.99269263753445,90.59191672811059,0
1595877590.9901547,268.79174678334743,90.59191672811059,0
1595877591.000161,270.59286086568386,90.59191672811059,0
1595877591.0101557,272.39191501149685,90.59191672811059,0
1595877591.0201726,274.194960284324,90.59191672811059,0
1595877591.0301611,275.9928986311868,90.59191672811059,0
1595877591.0401664,277.79384105214626,90.59191672811059,0
1595877591.0501664,279.5938393355325,90.59191672811059,0
1595877591.0601628,281.39319388875515,90.59191672811059,0
1595877591.070174,283.1952091933206,90.59191672811059,0
1595877591.0801594,284.9925896407083,90.59191672811059,0
1595877591.0901644,286.7934891463235,90.59191672811059,0
1595877591.100165,288.5935732603982,90.59191672811059,0
1595877591.1101682,290.3941723586038,90.59191672811059,0
1595877591.1201658,292.19374148854763,90.59191672811059,0
1595877591.1301684,293.9942118407205,90.59191672811059,0
1595877591.140171,295.79468219289333,90.59191672811059,0
1595877591.1501594,297.5925776244119,90.59191672811059,0
1595877591.160164,299.3934342146829,90.59191672811059,0
1595877591.1701548,301.1917587996438,90.59191672811059,0
1595877591.1801686,302.9942461729959,90.59191672811059,0
1595877591.1901622,304.79308574208767,90.59191672811059,0
1595877591.2001731,306.59505813130886,90.59191672811059,0
1595877591.210156,308.39196650990993,90.59191672811059,0
1595877591.2201638,310.19338099965603,90.59191672811059,0
1595877591.2301693,311.99436633595974,90.59191672811059,0
1595877591.240164,313.7934204817727,90.59191672811059,0
1595877591.2501671,315.59397666463406,90.59191672811059,0
1595877591.2601686,317.3942324400857,90.59191672811059,0
1595877591.270164,319.1934153319314,90.59191672811059,0
1595877591.280165,320.9935852766946,90.59191672811059,0
1595877591.2901702,322.7945276976541,90.59191672811059,0
1595877591.3001568,324.59212272176296,90.59191672811059,0
1595877591.310169,326.39430968770534,90.59191672811059,0
1595877591.3201573,328.1922051192239,90.59191672811059,0
1595877591.3301673,329.99400584706814,90.59191672811059,0
1595877591.3401728,331.79499118337185,90.59191672811059,0
1595877591.3501694,333.59438865193874,90.59191672811059,0
1595877591.360159,335.3924986601785,90.59191672811059,0
1595877591.3701699,337.1944710493997,90.59191672811059,0
1595877591.3801558,338.99193732747585,90.59191672811059,0
1595877591.3901658,340.7937380553201,90.59191672811059,0
1595877591.4001646,342.59352176198513,90.59191672811059,0
1595877591.4101622,344.393090891929,90.59191672811059,0
1595877591.4201703,346.1945482970193,90.59191672811059,0
1595877591.4301615,347.9929587126687,90.59191672811059,0
1595877591.4401722,349.7948881865457,90.59191672811059,0
1595877591.4501662,351.59381358632595,90.59191672811059,0
1595877591.4601717,353.39479892262966,90.59191672811059,0
1595877591.4701657,355.19372432240993,90.59191672811059,0
1595877591.4801624,356.99312179097683,90.59191672811059,0
1595877591.4901645,358.7935063124612,90.59191672811059,0
1595877591.4968793,360,90.59191672811059,1
1595877591.4968793,0,90.59191672811059,0
1595877592.0101748,92.39315955647973,90.59191672811059,0
1595877592.0201726,94.19277160176782,90.59191672811059,0
1595877592.0301843,95.99487273702172,90.59191672811059,0
1595877592.0401797,97.79405562886743,90.59191672811059,0
1595877592.050182,99.59448306569604,90.59191672811059,0
1595877592.0601683,101.39199225911645,90.59191672811059,0
1595877592.070179,103.1939217329934,90.59191672811059,0
1595877592.0801747,104.99314754018334,90.59191672811059,0
1595877592.0901845,106.79490535268334,90.59191672811059,0
1595877592.100182,108.59447448262719,90.59191672811059,0
1595877592.1101758,110.39335696706323,90.59191672811059,0
1595877592.1201725,112.19275443563012,90.59191672811059,0
1595877592.1301756,113.99331061849145,90.59191672811059,0
1595877592.1401796,115.79403846272973,90.59191672811059,0
1595877592.1501763,117.59343593129663,90.59191672811059,0
1595877592.1601746,119.39313380727319,90.59191672811059,0
1595877592.1701822,121.19450538167504,90.59191672811059,0
1595877592.1801717,122.99261538991479,90.59191672811059,0
1595877592.190174,124.7930428267434,90.59191672811059,0
1595877592.200186,126.59518687734155,90.59191672811059,0
1595877592.210171,128.39248149404077,90.59191672811059,0
1595877592.2201684,130.19200770864038,90.59191672811059,0
1595877592.2301793,131.99398009786157,90.59191672811059,0
1595877592.2401688,133.7920901061013,90.59191672811059,0
1595877592.2501702,135.59234588155297,90.59191672811059,0
1595877592.260173,137.39285914907006,90.59191672811059,0
1595877592.2701793,139.1939732314065,90.59191672811059,0
1595877592.2801688,140.99208323964623,90.59191672811059,0
1595877592.2901819,142.79444186696557,90.59191672811059,0
1595877592.3001707,144.5924231291726,90.59191672811059,0
1595877592.3101733,146.39289348134545,90.59191672811059,0
1595877592.3201823,148.19452254781274,90.59191672811059,0
1595877592.3301744,149.9931046248391,90.59191672811059,0
1595877592.3401678,151.79190127858666,90.59191672811059,0
1595877592.350171,153.59250037679223,90.59191672811059,0
1595877592.3601694,155.3921982527688,90.59191672811059,0
1595877592.3701828,157.19459979543237,90.59191672811059,0
1595877592.3801754,158.9932677031472,90.59191672811059,0
1595877592.3901832,160.7946821928933,90.59191672811059,0
1595877592.4001691,162.59214847096948,90.59191672811059,0
1595877592.4101746,164.3931338072732,90.59191672811059,0
1595877592.4201732,166.192874598594,90.59191672811059,0
1595877592.430169,167.99214332112817,90.59191672811059,0
1595877592.4401863,169.79523150929955,90.59191672811059,0
1595877592.4501739,171.5929981947854,90.59191672811059,0
1595877592.4601839,173.39479892262963,90.59191672811059,0
1595877592.4701736,175.19295184621362,90.59191672811059,0
1595877592.4801702,176.9923493147805,90.59191672811059,0
1595877592.4901779,178.79372088918237,90.59191672811059,0
1595877592.5001678,180.5919167281106,90.59191672811059,0
1595877592.5101788,182.39388911733178,90.59191672811059,0
1595877592.5201697,184.19225661763696,90.59191672811059,0
1595877592.5301826,185.99457232961205,90.59191672811059,0
1595877592.5401742,187.79306857594995,90.59191672811059,0
1595877592.5501819,189.5944401503518,90.59191672811059,0
1595877592.5601802,191.39413802632836,90.59191672811059,0
1595877592.5701787,193.19387881764916,90.59191672811059,0
1595877592.5801785,194.99383418569116,90.59191672811059,0
1595877592.5901766,196.79348914632348,90.59191672811059,0
1595877592.6001835,198.59473197469262,90.59191672811059,0
1595877592.610174,200.39301364430932,90.59191672811059,0
1595877592.620185,202.1949860335305,90.59191672811059,0
1595877592.6301687,203.99206607350854,90.59191672811059,0
1595877592.640168,205.79193561086205,90.59191672811059,0
1595877592.6501713,207.59253470906762,90.59191672811059,0
1595877592.6601746,209.3931338072732,90.59191672811059,0
1595877592.6701684,211.19201629170922,90.59191672811059,0
1595877592.6801844,212.99488990315942,90.59191672811059,0
1595877592.6901765,214.79347198018579,90.59191672811059,0
1595877592.7001767,216.59351317891625,90.59191672811059,0
1595877592.7101767,218.39351146230248,90.59191672811059,0
1595877592.7201805,220.19419639119653,90.59191672811059,0
1595877592.7301831,221.99466674336938,90.59191672811059,0
1595877592.7401838,223.79479377278832,90.59191672811059,0
1595877592.7501702,225.59234588155297,90.59191672811059,0
1595877592.7601695,227.3922154189065,90.59191672811059,0
1595877592.7701821,229.19448821553735,90.59191672811059,0
1595877592.7801692,230.9921690703347,90.59191672811059,0
1595877592.7901678,232.7919098616555,90.59191672811059,0
1595877592.80018,234.5940968275979,90.59191672811059,0
1595877592.8101783,236.39379470357446,90.59191672811059,0
1595877592.8201802,238.1941363097146,90.59191672811059,0
1595877592.830171,239.99250381001977,90.59191672811059,0
1595877592.8401754,241.7932745696023,90.59191672811059,0
1595877592.8501754,243.59327285298852,90.59191672811059,0
1595877592.8601756,245.393314051719,90.59191672811059,0
1595877592.8701782,247.19378440389184,90.59191672811059,0
1595877592.8801832,248.99468390950707,90.59191672811059,0
1595877592.8901718,250.79262225636987,90.59191672811059,0
1595877592.9001846,252.59493796834496,90.59191672811059,0
1595877592.9101777,254.39369170674829,90.59191672811059,0
1595877592.9201736,256.1929604292825,90.59191672811059,0
1595877592.9301772,257.9936024428323,90.59191672811059,0
1595877592.9401689,259.7920986891702,90.59191672811059,0
1595877592.9501681,261.5919682265237,90.59191672811059,0
1595877592.9601746,263.39312522420437,90.59191672811059,0
1595877592.9701724,265.19273726949245,90.59191672811059,0
1595877592.9801674,266.9918343306497,90.59191672811059,0
1595877592.9901826,268.79457919606716,90.59191672811059,0
1595877593.0001705,270.59238879689724,90.59191672811059,0
1595877593.010167,272.3917433501199,90.59191672811059,0
1595877593.0201864,274.19526069173367,90.59191672811059,0
1595877593.030169,275.9921261549905,90.59191672811059,0
1595877593.0401685,277.79203860768826,90.59191672811059,0
1595877593.0501761,279.5934101820901,90.59191672811059,0
1595877593.0601702,281.3923355818704,90.59191672811059,0
1595877593.0701854,283.19508044728786,90.59191672811059,0
1595877593.0801744,284.99310462483913,90.59191672811059,0
1595877593.0901752,286.7932316542581,90.59191672811059,0
1595877593.1001813,288.5943457365945,90.59191672811059,0
1595877593.1101818,290.3944298506692,90.59191672811059,0
1595877593.1201837,292.19477145680935,90.59191672811059,0
1595877593.1301749,293.99318187245876,90.59191672811059,0
1595877593.1401784,295.79382388600857,90.59191672811059,0
1595877593.150175,297.59322135457546,90.59191672811059,0
1595877593.160169,299.3921038390115,90.59191672811059,0
1595877593.1701672,301.19180171498806,90.59191672811059,0
1595877593.1801822,302.9945036650613,90.59191672811059,0
1595877593.1901855,304.79510276326687,90.59191672811059,0
1595877593.2001784,306.59381358632595,90.59191672811059,0
1595877593.2101817,308.3944126845315,90.59191672811059,0
1595877593.2201743,310.19308059224636,90.59191672811059,0
1595877593.2301857,311.99513881215603,90.59191672811059,0
1595877593.2401729,313.7928196669534,90.59191672811059,0
1595877593.2501745,315.5931183577493,90.59191672811059,0
1595877593.2601833,317.39470450887234,90.59191672811059,0
1595877593.270168,319.1919562102273,90.59191672811059,0
1595877593.2801774,320.99362819203884,90.59191672811059,0
1595877593.2901778,322.79371230611355,90.59191672811059,0
1595877593.3001854,324.5950838805154,90.59191672811059,0
1595877593.3101676,326.39186351308376,90.59191672811059,0
1595877593.3201733,328.1928917647317,90.59191672811059,0
1595877593.3301797,329.9940487624124,90.59191672811059,0
1595877593.3401723,331.7927166701272,90.59191672811059,0
1595877593.3501797,333.59404532918484,90.59191672811059,0
1595877593.3601856,335.395116496177,90.59191672811059,0
1595877593.3701816,337.1943852187112,90.59191672811059,0
1595877593.3801777,338.9936968565896,90.59191672811059,0
1595877593.3901758,340.79335181722195,90.59191672811059,0
1595877593.4001737,342.59296386251003,90.59191672811059,0
1595877593.410176,344.39339129933865,90.59191672811059,0
1595877593.4201775,346.1936470747903,90.59191672811059,0
1595877593.4301848,347.9949757338479,90.59191672811059,0
1595877593.4401772,349.79360072621853,90.59191672811059,0
1595877593.4501798,351.5940710783914,90.59191672811059,0
1595877593.4601746,353.39312522420437,90.59191672811059,0
1595877593.4701688,355.1920935393289,90.59191672811059,0
1595877593.4801774,356.9936367751077,90.59191672811059,0
1595877593.4901748,358.7931629897073,90.59191672811059,0
1595877593.4968834,360,90.59191672811059,1
1595877593.4968834,0,90.59191672811059,0
1595877594.0101757,92.39260165700463,90.59191672811059,0
1595877594.0201774,94.19290034780053,90.59191672811059,0
1595877594.0301752,95.99251239308862,90.59191672811059,0
1595877594.04018,97.79336898335961,90.59191672811059,0
1595877594.0501878,99.59478347310571,90.59191672811059,0
1595877594.060175,101.39246432790307,90.59191672811059,0
1595877594.0701816,103.19366424092797,90.59191672811059,0
1595877594.080175,104.99246089467553,90.59191672811059,0
1595877594.0901718,106.79190127858666,90.59191672811059,0
1595877594.1001787,108.5931441069558,90.59191672811059,0
1595877594.1101873,110.39468734273461,90.59191672811059,0
1595877594.1201782,112.19305484303979,90.59191672811059,0
1595877594.1301904,113.99524180898217,90.59191672811059,0
1595877594.1401904,115.7952400923684,90.59191672811059,0
1595877594.1501827,117.59386508473901,90.59191672811059,0
1595877594.1601841,119.39412086019067,90.59191672811059,0
1595877594.170173,121.1921021223977,90.59191672811059,0
1595877594.1801732,122.99214332112817,90.59191672811059,0
1595877594.1901817,124.79368655690698,90.59191672811059,0
1595877594.2001853,126.59432857045678,90.59191672811059,0
1595877594.2101834,128.3939835310891,90.59191672811059,0
1595877594.2201753,130.19252269277123,90.59191672811059,0
1595877594.2301717,131.9918772459939,90.59191672811059,0
1595877594.240173,133.79213302144555,90.59191672811059,0
1595877594.2501748,135.59243171224145,90.59191672811059,0
1595877594.2601807,137.39350287923364,90.59191672811059,0
1595877594.2701793,139.19324367055444,90.59191672811059,0
1595877594.2801738,140.9922549010232,90.59191672811059,0
1595877594.2901807,142.79349772939233,90.59191672811059,0
1595877594.3001869,144.59461181172875,90.59191672811059,0
1595877594.3101904,146.39525382527856,90.59191672811059,0
1595877594.3201754,148.19254844197778,90.59191672811059,0
1595877594.330188,149.99482123860864,90.59191672811059,0
1595877594.3401747,151.79241626271752,90.59191672811059,0
1595877594.3501732,153.59215705403832,90.59191672811059,0
1595877594.3601716,155.3918549300149,90.59191672811059,0
1595877594.3701742,157.19232528218774,90.59191672811059,0
1595877594.3801842,158.99412601003198,90.59191672811059,0
1595877594.3901813,160.79360930928735,90.59191672811059,0
1595877594.4001825,162.59382216939477,90.59191672811059,0
1595877594.4101849,164.39424960622338,90.59191672811059,0
1595877594.4201777,166.19296042928246,90.59191672811059,0
1595877594.4301877,167.9947611571267,90.59191672811059,0
1595877594.4401736,169.79222743520288,90.59191672811059,0
1595877594.4501824,171.59381358632592,90.59191672811059,0
1595877594.4601803,173.393425631614,90.59191672811059,0
1595877594.4701827,175.19385306844262,90.59191672811059,0
1595877594.4801898,176.995138812156,90.59191672811059,0
1595877594.4901733,178.7921759367898,90.59191672811059,0
1595877594.5001767,180.59277503499536,90.59191672811059,0
1595877594.5101821,182.39376037129907,90.59191672811059,0
1595877594.5201883,184.1948744536355,90.59191672811059,0
1595877594.5301883,185.99487273702172,90.59191672811059,0
1595877594.5401864,187.79452769765405,90.59191672811059,0
1595877594.5501723,189.59199397573022,90.59191672811059,0
1595877594.5601768,191.39280765065698,90.59191672811059,0
1595877594.5701776,193.19293468007592,90.59191672811059,0
1595877594.580181,194.9935337782815,90.59191672811059,0
1595877594.5901742,196.79233043202905,90.59191672811059,0
1595877594.6001735,198.59219996938256,90.59191672811059,0
1595877594.6101787,200.39314239034204,90.59191672811059,0
1595877594.6201901,202.1952006102517,90.59191672811059,0
1595877594.6301756,203.9925810576394,90.59191672811059,0
1595877594.6401904,205.7952400923684,90.59191672811059,0
1595877594.6501765,207.5927492857888,90.59191672811059,0
1595877594.6601844,209.3941637755349,90.59191672811059,0
1595877594.6701741,211.1923166991189,90.59191672811059,0
1595877594.6801887,212.99493281850366,90.59191672811059,0
1595877594.6901827,214.79385821828393,90.59191672811059,0
1595877594.70019,216.59518687734155,90.59191672811059,0
1595877594.7101772,218.3928677321389,90.59191672811059,0
1595877594.7201881,220.1948401213601,90.59191672811059,0
1595877594.7301834,221.99398009786157,90.59191672811059,0
1595877594.740183,223.79393546590356,90.59191672811059,0
1595877594.7501855,225.59436290273217,90.59191672811059,0
1595877594.7601864,227.39453284749536,90.59191672811059,0
1595877594.7701728,229.19208495626,90.59191672811059,0
1595877594.7801735,230.99221198567895,90.59191672811059,0
1595877594.7901804,232.7934548140481,90.59191672811059,0
1595877594.8001797,234.5933243514016,90.59191672811059,0
1595877594.8101833,236.3939663649514,90.59191672811059,0
1595877594.8201754,238.19254844197778,90.59191672811059,0
1595877594.8301895,239.99507873067407,90.59191672811059,0
1595877594.840183,241.79391829976586,90.59191672811059,0
1595877594.8501732,243.59215705403832,90.59191672811059,0
1595877594.8601832,245.39395778188256,90.59191672811059,0
1595877594.8701901,247.1952006102517,90.59191672811059,0
1595877594.880189,248.99498431691674,90.59191672811059,0
1595877594.890183,250.79390971669702,90.59191672811059,0
1595877594.900181,252.59356467732934,90.59191672811059,0
1595877594.9101892,254.39502208241967,90.59191672811059,0
1595877594.9201844,256.19416205892117,90.59191672811059,0
1595877594.9301753,257.99252955922634,90.59191672811059,0
1595877594.9401813,259.79360072621853,90.59191672811059,0
1595877594.9501817,261.59368484029324,90.59191672811059,0
1595877594.9601808,263.3935114623025,90.59191672811059,0
1595877594.9701722,265.19196479329617,90.59191672811059,0
1595877594.9801834,266.9939800978616,90.59191672811059,0
1595877594.9901743,268.79234759816677,90.59191672811059,0
1595877595.0001884,270.59487788686306,90.59191672811059,0
1595877595.0101857,272.39440410146267,90.59191672811059,0
1595877595.0201876,274.1947457076028,90.59191672811059,0
1595877595.0301883,275.99487273702175,90.59191672811059,0
1595877595.0401893,277.79504268178493,90.59191672811059,0
1595877595.050186,279.59444015035183,90.59191672811059,0
1595877595.0601833,281.39396636495144,90.59191672811059,0
1595877595.0701773,283.1928917647317,90.59191672811059,0
1595877595.0801785,284.99310462483913,90.59191672811059,0
1595877595.090181,286.793574977012,90.59191672811059,0
1595877595.1001859,288.594431567283,90.59191672811059,0
1595877595.1101778,290.3929707289651,90.59191672811059,0
1595877595.120172,292.1919390440896,90.59191672811059,0
1595877595.1301794,293.99326770314724,90.59191672811059,0
1595877595.1401737,295.79223601827175,90.59191672811059,0
1595877595.1501763,297.5927063704446,90.59191672811059,0
1595877595.1601772,299.3928763152078,90.59191672811059,0
1595877595.1701787,301.19313209065945,90.59191672811059,0
1595877595.1801827,302.9938599348977,90.59191672811059,0
1595877595.1901724,304.7920128584817,90.59191672811059,0
1595877595.2001798,306.59334151753933,90.59191672811059,0
1595877595.2101762,308.392696070762,90.59191672811059,0
1595877595.2201815,310.19363849172146,90.59191672811059,0
1595877595.2301881,311.99483840474636,90.59191672811059,0
1595877595.2401884,313.79487960347683,90.59191672811059,0
1595877595.250187,315.59462039479763,90.59191672811059,0
1595877595.260171,317.3917433501199,90.59191672811059,0
1595877595.2701895,319.1950890303567,90.59191672811059,0
1595877595.2801807,320.9934994460061,90.59191672811059,0
1595877595.2901864,322.7945276976541,90.59191672811059,0
1595877595.300187,324.594654727073,90.59191672811059,0
1595877595.3101783,326.39306514272243,90.59191672811059,0
1595877595.3201823,328.1937929869607,90.59191672811059,0
1595877595.3301852,329.9943062544778,90.59191672811059,0
1595877595.3401818,331.7937037230447,90.59191672811059,0
1595877595.3501887,333.59494655141384,90.59191672811059,0
1595877595.3601732,335.3921553374246,90.59191672811059,0
1595877595.370184,337.19408481130154,90.59191672811059,0
1595877595.3801827,338.9938685179666,90.59191672811059,0
1595877595.390183,340.79390971669704,90.59191672811059,0
1595877595.400176,342.59266345510036,90.59191672811059,0
1595877595.4101768,344.3927904845193,90.59191672811059,0
1595877595.4201708,346.1917158842996,90.59191672811059,0
1595877595.4301896,347.99510447988064,90.59191672811059,0
1595877595.4401827,349.79385821828396,90.59191672811059,0
1595877595.4501765,351.59274070272,90.59191672811059,0
1595877595.4601784,353.39308230886013,90.59191672811059,0
1595877595.4701762,355.1926943541482,90.59191672811059,0
1595877595.4801788,356.99316470632107,90.59191672811059,0
1595877595.490182,358.7937208891824,90.59191672811059,0
1595877595.4968936,360,90.59191672811059,1
1595877595.4968936,0,90.59191672811059,0
1595877596.0101883,92.39303081044702,90.59191672811059,0
1595877596.020191,94.19350116261987,90.59191672811059,0
1595877596.0301995,95.99504439839868,90.59191672811059,0
1595877596.0401857,97.79255359181909,90.59191672811059,0
1595877596.0501926,99.59379642018823,90.59191672811059,0
1595877596.0601828,101.39203517446069,90.59191672811059,0
1595877596.0701919,103.19366424092797,90.59191672811059,0
1595877596.0801983,104.99482123860864,90.59191672811059,0
1595877596.0901976,106.79469077596215,90.59191672811059,0
1595877596.1001904,108.59340159902123,90.59191672811059,0
1595877596.1101885,110.39305655965356,90.59191672811059,0
1595877596.120187,112.19279735097436,90.59191672811059,0
1595877596.1301973,113.99464099416284,90.59191672811059,0
1595877596.1401827,115.79202144155053,90.59191672811059,0
1595877596.1501997,117.59506671437768,90.59191672811059,0
1595877596.1601908,119.3934771300271,90.59191672811059,0
1595877596.1701922,121.19373290547875,90.59191672811059,0
1595877596.180199,122.99493281850366,90.59191672811059,0
1595877596.1901846,124.79235618123559,90.59191672811059,0
1595877596.2001889,126.59312694081811,90.59191672811059,0
1595877596.2101898,128.3932968855813,90.59191672811059,0
1595877596.220183,130.1920506239846,90.59191672811059,0
1595877596.230191,131.99350802907495,90.59191672811059,0
1595877596.2401974,133.7946650267556,90.59191672811059,0
1595877596.2501893,135.59320418843774,90.59191672811059,0
1595877596.2601962,137.39444701680688,90.59191672811059,0
1595877596.2701979,139.19474570760278,90.59191672811059,0
1595877596.280192,140.99367110738305,90.59191672811059,0
1595877596.2901978,142.79474227437524,90.59191672811059,0
1595877596.30019,144.5933243514016,90.59191672811059,0
1595877596.3101926,146.39379470357446,90.59191672811059,0
1595877596.3201983,148.1948229552224,90.59191672811059,0
1595877596.3301818,149.9918600798562,90.59191672811059,0
1595877596.340201,151.7952915907815,90.59191672811059,0
1595877596.3501916,153.59361617574243,90.59191672811059,0
1595877596.3601832,155.39211242208032,90.59191672811059,0
1595877596.3701959,157.19438521871118,90.59191672811059,0
1595877596.380195,158.99421184072045,90.59191672811059,0
1595877596.3901863,160.7926651717141,90.59191672811059,0
1595877596.4001842,162.5922772170022,90.59191672811059,0
1595877596.410187,164.39279048451928,90.59191672811059,0
1595877596.4201856,166.19253127584008,90.59191672811059,0
1595877596.4301915,167.99360244283227,90.59191672811059,0
1595877596.440184,169.7922703505471,90.59191672811059,0
1595877596.450184,171.59226863393334,90.59191672811059,0
1595877596.4602013,173.39535682210473,90.59191672811059,0
1595877596.4702003,175.195183444114,90.59191672811059,0
1595877596.4801836,176.99217765340356,90.59191672811059,0
1595877596.490194,178.79406421193627,90.59191672811059,0
1595877596.5001833,180.59213130483178,90.59191672811059,0
1595877596.5101974,182.39466159352807,90.59191672811059,0
1595877596.520187,184.19277160176782,90.59191672811059,0
1595877596.5301878,185.992941546531,90.59191672811059,0
1595877596.540182,187.7919098616555,90.59191672811059,0
1595877596.5501893,189.5931956053689,90.59191672811059,0
1595877596.5601888,191.39310805806664,90.59191672811059,0
1595877596.5701883,193.1930205107644,90.59191672811059,0
1595877596.5801873,194.99284713277368,90.59191672811059,0
1595877596.5901904,196.793403315635,90.59191672811059,0
1595877596.600182,198.5918995619729,90.59191672811059,0
1595877596.6101847,200.39236991414575,90.59191672811059,0
1595877596.6201856,202.19253985890893,90.59191672811059,0
1595877596.6301882,203.99301021108178,90.59191672811059,0
1595877596.6401951,205.79425303945092,90.59191672811059,0
1595877596.6501844,207.59232013234643,90.59191672811059,0
1595877596.6601825,209.39197509297875,90.59191672811059,0
1595877596.6701827,211.19201629170922,90.59191672811059,0
1595877596.6801965,212.99450366506127,90.59191672811059,0
1595877596.6901872,214.7928282500222,90.59191672811059,0
1595877596.7002006,216.59522979268579,90.59191672811059,0
1595877596.7101824,218.3919665099099,90.59191672811059,0
1595877596.7201848,220.19239394673852,90.59191672811059,0
1595877596.730185,221.992435145469,90.59191672811059,0
1595877596.7402008,223.79526584157495,90.59191672811059,0
1595877596.7502003,225.5951782942727,90.59191672811059,0
1595877596.7601988,227.3949190855935,90.59191672811059,0
1595877596.7701821,229.19191329488305,90.59191672811059,0
1595877596.7801998,230.9950873137429,90.59191672811059,0
1595877596.7901976,232.794699359031,90.59191672811059,0
1595877596.8001869,234.5927664519265,90.59191672811059,0
1595877596.810193,236.39388053426293,90.59191672811059,0
1595877596.8201864,238.1926771880105,90.59191672811059,0
1595877596.8301983,239.99482123860864,90.59191672811059,0
1595877596.840196,241.79439036855248,90.59191672811059,0
1595877596.8501868,243.59275786885766,90.59191672811059,0
1595877596.8601978,245.39473025807885,90.59191672811059,0
1595877596.870183,247.1920677901223,90.59191672811059,0
1595877596.8801963,248.99446933278588,90.59191672811059,0
1595877596.8901906,250.7934376479104,90.59191672811059,0
1595877596.9001968,252.59455173024682,90.59191672811059,0
1595877596.9102004,254.39519374379663,90.59191672811059,0
1595877596.9201934,256.1939474822,90.59191672811059,0
1595877596.9301975,257.99467532643826,90.59191672811059,0
1595877596.940183,259.79205577382595,90.59191672811059,0
1595877596.9501977,261.59471480855495,90.59191672811059,0
1595877596.96019,263.39333980092556,90.59191672811059,0
1595877596.970194,265.19406764516384,90.59191672811059,0
1595877596.980192,266.9936796904519,90.59191672811059,0
1595877596.9901965,268.7944933653787,90.59191672811059,0
1595877597.0001833,270.5921313048318,90.59191672811059,0
1595877597.0101922,272.39371745595486,90.59191672811059,0
1595877597.0201957,274.19435946950466,90.59191672811059,0
1595877597.0302002,275.9951731444314,90.59191672811059,0
1595877597.0401888,277.7931114912942,90.59191672811059,0
1595877597.0501885,279.5930668593362,90.59191672811059,0
1595877597.0601897,281.3932797194436,90.59191672811059,0
1595877597.0701897,283.19327800282986,90.59191672811059,0
1595877597.0801816,284.991817164512,90.59191672811059,0
1595877597.0901961,286.79443328389675,90.59191672811059,0
1595877597.100192,288.59370200643093,90.59191672811059,0
1595877597.110189,290.39314239034206,90.59191672811059,0
1595877597.120185,292.19241111287624,90.59191672811059,0
1595877597.1301942,293.99408309468777,90.59191672811059,0
1595877597.1401904,295.7933947325662,90.59191672811059,0
1595877597.150185,297.5924488783792,90.59191672811059,0
1595877597.1601946,299.39416377553493,90.59191672811059,0
1595877597.1701872,301.1928316832498,90.59191672811059,0
1595877597.1801877,302.9929157973245,90.59191672811059,0
1595877597.1901865,304.7926995039895,90.59191672811059,0
1595877597.2001903,306.59338443288357,90.59191672811059,0
1595877597.210187,308.39278190145046,90.59191672811059,0
1595877597.2201927,310.1938101530984,90.59191672811059,0
1595877597.2301972,311.99462382802517,90.59191672811059,0
1595877597.2401946,313.7941500426248,90.59191672811059,0
1595877597.2501895,315.593247103782,90.59191672811059,0
1595877597.2601962,317.3944470168069,90.59191672811059,0
1595877597.270185,319.19242827901394,90.59191672811059,0
1595877597.2801871,320.9928128004983,90.59191672811059,0
1595877597.2901907,322.7934548140481,90.59191672811059,0
1595877597.300181,324.5916935683206,90.59191672811059,0
1595877597.3101857,326.3925501585916,90.59191672811059,0
1595877597.3201897,328.19327800282986,90.59191672811059,0
1595877597.3301847,329.9923750639871,90.59191672811059,0
1595877597.3401902,331.7933604002908,90.59191672811059,0
1595877597.3501837,333.5921999693826,90.59191672811059,0
1595877597.3601892,335.3931853056863,90.59191672811059,0
1595877597.3701842,337.19228236684353,90.59191672811059,0
1595877597.3801942,338.99408309468777,90.59191672811059,0
1595877597.39019,340.7933089018777,90.59191672811059,0
1595877597.4001842,342.5922772170022,90.59191672811059,0
1595877597.4101908,344.3934771300271,90.59191672811059,0
1595877597.4201992,346.1949774504617,90.59191672811059,0
1595877597.4301915,347.9936024428323,90.59191672811059,0
1595877597.4401917,349.79364364156277,90.59191672811059,0
1595877597.4501984,351.59484355458767,90.59191672811059,0
1595877597.4601958,353.3943697691873,90.59191672811059,0
1595877597.4701915,355.1935955763772,90.59191672811059,0
1595877597.4801955,356.9943234206155,90.59191672811059,0
1595877597.490194,358.7940642119363,90.59191672811059,0
1595877597.4969127,360,90.59191672811059,1
1595877597.4969127,0,90.59191672811059,0
1595877598.0102067,92.3929020644143,90.59191672811059,0
1595877598.0202136,94.19414489278344,90.59191672811059,0
1595877598.0302086,95.99324195394067,90.59191672811059,0
1595877598.0402086,97.7932402373269,90.59191672811059,0
1595877598.0502107,99.59362475881127,90.59191672811059,0
1595877598.060209,101.39332263478784,90.59191672811059,0
1595877598.0702102,103.19353549489526,90.59191672811059,0
1595877598.080205,104.99258964070825,90.59191672811059,0
1595877598.0902152,106.79443328389672,90.59191672811059,0
1595877598.100215,108.59438865193871,90.59191672811059,0
1595877598.1102035,110.39232699880151,90.59191672811059,0
1595877598.1202056,112.19271152028588,90.59191672811059,0
1595877598.1302133,113.99408309468774,90.59191672811059,0
1595877598.1402051,115.79262225636987,90.59191672811059,0
1595877598.1502113,117.5937363387063,90.59191672811059,0
1595877598.1602013,119.39193217763452,90.59191672811059,0
1595877598.1702175,121.19484870442895,90.59191672811059,0
1595877598.180213,122.99403159627465,90.59191672811059,0
1595877598.1902122,124.79390113362817,90.59191672811059,0
1595877598.2002103,126.59355609426049,90.59191672811059,0
1595877598.2102206,128.39539973744897,90.59191672811059,0
1595877598.2202027,130.19217937001733,90.59191672811059,0
1595877598.2302094,131.99337928304223,90.59191672811059,0
1595877598.240203,133.79221885213403,90.59191672811059,0
1595877598.250217,135.59474914083032,90.59191672811059,0
1595877598.2602038,137.39238708028344,90.59191672811059,0
1595877598.2702188,139.19508903035668,90.59191672811059,0
1595877598.2802076,140.99307029256371,90.59191672811059,0
1595877598.2902105,142.7935835600808,90.59191672811059,0
1595877598.300219,144.5951267958596,90.59191672811059,0
1595877598.3102195,146.39521090993432,90.59191672811059,0
1595877598.3202026,148.19216220387963,90.59191672811059,0
1595877598.3302014,149.99194591054467,90.59191672811059,0
1595877598.3402038,151.79237334737329,90.59191672811059,0
1595877598.3502076,153.59305827626733,90.59191672811059,0
1595877598.3602145,155.39430110463647,90.59191672811059,0
1595877598.3702052,157.1926256895974,90.59191672811059,0
1595877598.3802032,158.99228065022973,90.59191672811059,0
1595877598.390206,160.79279391774682,90.59191672811059,0
1595877598.400213,162.59403674611596,90.59191672811059,0
1595877598.4102187,164.3950649977639,90.59191672811059,0
1595877598.4202158,166.19454829701928,90.59191672811059,0
1595877598.430205,167.9926153899148,90.59191672811059,0
1595877598.440216,169.79458777913598,90.59191672811059,0
1595877598.450217,171.59475772389916,90.59191672811059,0
1595877598.4602199,173.39527099141625,90.59191672811059,0
1595877598.4702137,175.1941534758523,90.59191672811059,0
1595877598.4802084,176.99320762166528,90.59191672811059,0
1595877598.4902198,178.79526584157495,90.59191672811059,0
1595877598.500204,180.59243171224145,90.59191672811059,0
1595877598.510208,182.3931166411355,90.59191672811059,0
1595877598.5202174,184.19483153829125,90.59191672811059,0
1595877598.530209,185.99332778462914,90.59191672811059,0
1595877598.5402133,187.79409854421166,90.59191672811059,0
1595877598.5502062,189.59280936727075,90.59191672811059,0
1595877598.56021,191.3934942961648,90.59191672811059,0
1595877598.570217,193.19473712453393,90.59191672811059,0
1595877598.5802102,194.9935337782815,90.59191672811059,0
1595877598.5902157,196.7945191145852,90.59191672811059,0
1595877598.600203,198.5922428847268,90.59191672811059,0
1595877598.6102052,200.39262740621118,90.59191672811059,0
1595877598.6202006,202.19181029805688,90.59191672811059,0
1595877598.6302137,203.99416892537621,90.59191672811059,0
1595877598.640213,205.79403846272973,90.59191672811059,0
1595877598.6502082,207.5931784392312,90.59191672811059,0
1595877598.6602025,209.3921467543557,90.59191672811059,0
1595877598.670216,211.19459121236352,90.59191672811059,0
1595877598.680213,212.99403159627465,90.59191672811059,0
1595877598.6902072,214.79299991139916,90.59191672811059,0
1595877598.7002068,216.59291236409692,90.59191672811059,0
1595877598.7102072,218.39299647817163,90.59191672811059,0
1595877598.7202108,220.19363849172143,90.59191672811059,0
1595877598.7302136,221.99415175923852,90.59191672811059,0
1595877598.7402182,223.79496543416528,90.59191672811059,0
1595877598.7502134,225.59410541066674,90.59191672811059,0
1595877598.7602148,227.3943611861184,90.59191672811059,0
1595877598.770212,229.19384448537377,90.59191672811059,0
1595877598.7802124,230.99392859944848,90.59191672811059,0
1595877598.7902067,232.792896914573,90.59191672811059,0
1595877598.8002045,234.59250895986108,90.59191672811059,0
1595877598.810216,236.39456717977075,90.59191672811059,0
1595877598.8202007,238.19181888112573,90.59191672811059,0
1595877598.8302088,239.99327628621606,90.59191672811059,0
1595877598.8402097,241.79344623097924,90.59191672811059,0
1595877598.8502157,243.59451739797143,90.59191672811059,0
1595877598.8602192,245.39515941152123,90.59191672811059,0
1595877598.87021,247.19348399648217,90.59191672811059,0
1595877598.8802044,248.99249522695092,90.59191672811059,0
1595877598.8902116,250.7937809706643,90.59191672811059,0
1595877598.9002123,252.59390800008325,90.59191672811059,0
1595877598.910212,254.39386336812524,90.59191672811059,0
1595877598.9202101,256.1935183287576,90.59191672811059,0
1595877598.930219,257.99510447988064,90.59191672811059,0
1595877598.940212,259.79385821828396,90.59191672811059,0
1595877598.9502175,261.59484355458767,90.59191672811059,0
1595877598.960219,263.39509933003933,90.59191672811059,0
1595877598.970208,265.1931235075906,90.59191672811059,0
1595877598.9802003,266.9917484999612,90.59191672811059,0
1595877598.9902081,268.7931629897073,90.59191672811059,0
1595877599.0002096,270.59341876515896,90.59191672811059,0
1595877599.0102172,272.3947903395608,90.59191672811059,0
1595877599.0202088,274.1932865858987,90.59191672811059,0
1595877599.0302134,275.99410026082546,90.59191672811059,0
1595877599.0402036,277.7923390150979,90.59191672811059,0
1595877599.0502021,279.5920798064187,90.59191672811059,0
1595877599.0602167,281.3946959258035,90.59191672811059,0
1595877599.0702024,283.1921192885354,90.59191672811059,0
1595877599.080218,284.9949499846414,90.59191672811059,0
1595877599.0902157,286.7945191145852,90.59191672811059,0
1595877599.1002061,288.5928007842019,90.59191672811059,0
1595877599.1102145,290.3943011046365,90.59191672811059,0
1595877599.1202183,292.19498603353054,90.59191672811059,0
1595877599.130218,293.99494140157253,90.59191672811059,0
1595877599.1402032,295.792278933616,90.59191672811059,0
1595877599.1502187,297.5950667143777,90.59191672811059,0
1595877599.1602018,299.392018008323,90.59191672811059,0
1595877599.1702182,301.1949774504617,90.59191672811059,0
1595877599.1802049,302.9925724745706,90.59191672811059,0
1595877599.1902034,304.7923132658914,90.59191672811059,0
1595877599.2002168,306.59471480855495,90.59191672811059,0
1595877599.2102191,308.39514224538357,90.59191672811059,0
1595877599.2202067,310.1929089308694,90.59191672811059,0
1595877599.230216,311.99458091268093,90.59191672811059,0
1595877599.2402034,313.79230468282253,90.59191672811059,0
1595877599.2502062,315.5928179503396,90.59191672811059,0
1595877599.2602143,317.39427535542995,90.59191672811059,0
1595877599.2702174,319.1948315382913,90.59191672811059,0
1595877599.280215,320.99440066823513,90.59191672811059,0
1595877599.290219,322.7951285124734,90.59191672811059,0
1595877599.3002183,324.5949980498269,90.59191672811059,0
1595877599.310216,326.3945671797708,90.59191672811059,0
1595877599.3202147,328.1943508864358,90.59191672811059,0
1595877599.3302078,329.99310462483913,90.59191672811059,0
1595877599.3402011,331.7919012785867,90.59191672811059,0
1595877599.350205,333.59258620748074,90.59191672811059,0
1595877599.3602054,335.39267032155544,90.59191672811059,0
1595877599.370205,337.1925827742532,90.59191672811059,0
1595877599.3802078,338.9930960417703,90.59191672811059,0
1595877599.3902094,340.7933947325662,90.59191672811059,0
1595877599.400203,342.592234301658,90.59191672811059,0
1595877599.4102154,344.3944641829446,90.59191672811059,0
1595877599.4202082,346.1931750060037,90.59191672811059,0
1595877599.4302034,347.99231498250515,90.59191672811059,0
1595877599.4402156,349.79450194844753,90.59191672811059,0
1595877599.4502032,351.5922686339334,90.59191672811059,0
1595877599.4601998,353.39166610250027,90.59191672811059,0
1595877599.4702103,355.193552661033,90.59191672811059,0
1595877599.4802072,356.9929930449441,90.59191672811059,0
1595877599.490214,358.79423587331326,90.59191672811059,0
1595877599.4969265,360,90.59191672811059,1
1595877599.4969265,0,90.59191672811059,0
1595877600.010231,92.39479033956079,90.59191672811059,0
1595877600.020229,94.19444530019311,90.59191672811059,0
1595877600.030229,95.99444358357934,90.59191672811059,0
1595877600.0402184,97.79251067647485,90.59191672811059,0
1595877600.0502295,99.59452598104028,90.59191672811059,0
1595877600.0602217,101.39310805806664,90.59191672811059,0
1595877600.0702322,103.19499461659936,90.59191672811059,0
1595877600.080223,104.99336211690454,90.59191672811059,0
1595877600.0902166,106.79220168599633,90.59191672811059,0
1595877600.1002216,108.59310119161157,90.59191672811059,0
1595877600.1102226,110.39327113637475,90.59191672811059,0
1595877600.12023,112.19459979543237,90.59191672811059,0
1595877600.130227,113.99408309468774,90.59191672811059,0
1595877600.140228,115.79425303945092,90.59191672811059,0
1595877600.1502233,117.59339301595239,90.59191672811059,0
1595877600.1602318,119.3949362517312,90.59191672811059,0
1595877600.170229,121.19441955098657,90.59191672811059,0
1595877600.1802287,122.99437491902856,90.59191672811059,0
1595877600.1902187,124.79257075795678,90.59191672811059,0
1595877600.2002258,126.59385650167016,90.59191672811059,0
1595877600.2102191,128.39265315541772,90.59191672811059,0
1595877600.2202322,130.19501178273705,90.59191672811059,0
