Type = Mirollor Strogatz (-ish),Function = Peskin,Refract =0.05,Epsilon =0.3,Gamma =3,Start_phase =62
Timestamp,Phase,Offset,Ping?
1596167563,62,0,0
1596167563.01,63.795105934143066,0.34444444444444444,0
1596167563.02,65.59677791595459,0.34444444444444444,0
1596167563.03,67.39694786071777,0.34444444444444444,0
1596167563.04,69.19608783721924,0.34444444444444444,0
1596167563.05,70.99514198303223,0.34444444444444444,0
1596167563.06,72.79428195953369,0.34444444444444444,0
1596167563.07,74.59428024291992,0.34444444444444444,0
1596167563.08,76.39685344696045,0.34444444444444444,0
1596167563.09,78.19453430175781,0.34444444444444444,0
1596167563.1,79.99551963806152,0.34444444444444444,0
1596167563.11,81.7938871383667,0.34444444444444444,0
1596167563.12,83.59409999847412,0.34444444444444444,0
1596167563.1299999,85.39396953582764,0.34444444444444444,0
1596167563.1399999,87.19710063934326,0.34444444444444444,0
1596167563.1499999,88.99495315551758,0.34444444444444444,0
1596167563.1599998,90.79568099975586,0.34444444444444444,0
1596167563.1699998,92.59700965881348,0.34444444444444444,0
1596167563.1799998,94.39460468292236,0.34444444444444444,0
1596167563.1899998,96.19601917266846,0.34444444444444444,0
1596167563.1999998,97.99400043487549,0.34444444444444444,0
1596167563.2099998,99.79614448547363,0.34444444444444444,0
1596167563.2199998,101.59558486938477,0.34444444444444444,0
1596167563.2299998,103.39584064483643,0.34444444444444444,0
1596167563.2399998,105.19523811340332,0.34444444444444444,0
1596167563.2499998,106.99549388885498,0.34444444444444444,0
1596167563.2599998,108.79647922515869,0.34444444444444444,0
1596167563.2699997,110.59506130218506,0.34444444444444444,0
1596167563.2799997,112.39450168609619,0.34444444444444444,0
1596167563.2899997,114.19445705413818,0.34444444444444444,0
1596167563.2999997,115.99600028991699,0.34444444444444444,0
1596167563.3099997,117.79621315002441,0.34444444444444444,0
1596167563.3199997,119.5952672958374,0.34444444444444444,0
1596167563.3299997,121.3966817855835,0.34444444444444444,0
1596167563.3399997,123.19680881500244,0.34444444444444444,0
1596167563.3499997,124.99637794494629,0.34444444444444444,0
1596167563.3599997,126.79504585266113,0.34444444444444444,0
1596167563.3699996,128.59646034240723,0.34444444444444444,0
1596167563.3799996,130.39602947235107,0.34444444444444444,0
1596167563.3899996,132.19598484039307,0.34444444444444444,0
1596167563.3999996,133.99533939361572,0.34444444444444444,0
1596167563.4099996,135.7955093383789,0.34444444444444444,0
1596167563.4199996,137.59640884399414,0.34444444444444444,0
1596167563.4299996,139.39696502685547,0.34444444444444444,0
1596167563.4399996,141.19365882873535,0.34444444444444444,0
1596167563.4499996,142.9955883026123,0.34444444444444444,0
1596167563.4599996,144.79524326324463,0.34444444444444444,0
1596167563.4699996,146.59421157836914,0.34444444444444444,0
1596167563.4799995,148.3939094543457,0.34444444444444444,0
1596167563.4899995,150.19373607635498,0.34444444444444444,0
1596167563.4999995,151.99510765075684,0.34444444444444444,0
1596167563.5099995,153.79652214050293,0.34444444444444444,0
1596167563.5199995,155.5967779159546,0.34444444444444444,0
1596167563.5299995,157.39681911468506,0.34444444444444444,0
1596167563.5399995,159.19510078430176,0.34444444444444444,0
1596167563.5499995,160.9945411682129,0.34444444444444444,0
1596167563.5599995,162.79363822937012,0.34444444444444444,0
1596167563.5699995,164.59634017944336,0.34444444444444444,0
1596167563.5799994,166.393892288208,0.34444444444444444,0
1596167563.5899994,168.19616508483887,0.34444444444444444,0
1596167563.5999994,169.996506690979,0.34444444444444444,0
1596167563.6099994,171.79397296905518,0.34444444444444444,0
1596167563.6199994,173.59684658050537,0.34444444444444444,0
1596167563.6299994,175.39611530303955,0.34444444444444444,0
1596167563.6399994,177.19611358642578,0.34444444444444444,0
1596167563.6499994,178.99435234069824,0.34444444444444444,0
1596167563.6599994,180.79653930664065,0.34444444444444444,0
1596167563.6699994,182.5953359603882,0.34444444444444444,0
1596167563.6799994,184.39627838134768,0.34444444444444444,0
1596167563.6899993,186.19563293457034,0.34444444444444444,0
1596167563.6999993,187.99674701690677,0.34444444444444444,0
1596167563.7099993,189.79404163360599,0.34444444444444444,0
1596167563.7199993,191.59429740905765,0.34444444444444444,0
1596167563.7299993,193.39528274536136,0.34444444444444444,0
1596167563.7399993,195.1957530975342,0.34444444444444444,0
1596167563.7499993,196.99360561370852,0.34444444444444444,0
1596167563.7599993,198.796350479126,0.34444444444444444,0
1596167563.7699993,200.59634876251224,0.34444444444444444,0
1596167563.7799993,202.3948020935059,0.34444444444444444,0
1596167563.7899992,204.19505786895755,0.34444444444444444,0
1596167563.7999992,205.99449825286868,0.34444444444444444,0
1596167563.8099992,207.79621315002444,0.34444444444444444,0
1596167563.8199992,209.59685516357425,0.34444444444444444,0
1596167563.8299992,211.39466476440433,0.34444444444444444,0
1596167563.8399992,213.19389057159427,0.34444444444444444,0
1596167563.8499992,214.99526214599612,0.34444444444444444,0
1596167563.8599992,216.79491710662845,0.34444444444444444,0
1596167563.8699992,218.5944862365723,0.34444444444444444,0
1596167563.8799992,220.39396953582767,0.34444444444444444,0
1596167563.8899992,222.19405364990237,0.34444444444444444,0
1596167563.8999991,223.99542522430423,0.34444444444444444,0
1596167563.9099991,225.79486560821536,0.34444444444444444,0
1596167563.9199991,227.59452056884768,0.34444444444444444,0
1596167563.929999,229.3937034606934,0.34444444444444444,0
1596167563.939999,231.1964912414551,0.34444444444444444,0
1596167563.949999,232.99674701690677,0.34444444444444444,0
1596167563.959999,234.79468536376956,0.34444444444444444,0
1596167563.969999,236.5961427688599,0.34444444444444444,0
1596167563.979999,238.3958835601807,0.34444444444444444,0
1596167563.989999,240.1941652297974,0.34444444444444444,0
1596167563.999999,241.996395111084,0.34444444444444444,0
1596167564.009999,243.79502010345462,0.34444444444444444,0
1596167564.019999,245.5937309265137,0.34444444444444444,0
1596167564.029999,247.39591789245608,0.34444444444444444,0
1596167564.039999,249.19437122344974,0.34444444444444444,0
1596167564.049999,250.99458408355716,0.34444444444444444,0
1596167564.059999,252.79372406005862,0.34444444444444444,0
1596167564.069999,254.59548187255862,0.34444444444444444,0
1596167564.079999,256.3939781188965,0.34444444444444444,0
1596167564.089999,258.19526386260986,0.34444444444444444,0
1596167564.099999,259.9961633682251,0.34444444444444444,0
1596167564.109999,261.7967195510864,0.34444444444444444,0
1596167564.119999,263.5963315963745,0.34444444444444444,0
1596167564.129999,265.3953857421875,0.34444444444444444,0
1596167564.139999,267.1952123641968,0.34444444444444444,0
1596167564.149999,268.9949960708618,0.34444444444444444,0
1596167564.159999,270.79542350769043,0.34444444444444444,0
1596167564.169999,272.5941343307495,0.34444444444444444,0
1596167564.1799989,274.3962354660034,0.34444444444444444,0
1596167564.1899989,276.19443130493164,0.34444444444444444,0
1596167564.1999989,277.9968328475952,0.34444444444444444,0
1596167564.2099988,279.7954149246216,0.34444444444444444,0
1596167564.2199988,281.5954132080078,0.34444444444444444,0
1596167564.2299988,283.3943386077881,0.34444444444444444,0
1596167564.2399988,285.19571018218994,0.34444444444444444,0
1596167564.2499988,286.99648094177246,0.34444444444444444,0
1596167564.2599988,288.79364681243896,0.34444444444444444,0
1596167564.2699988,290.5963487625122,0.34444444444444444,0
1596167564.2799988,292.39501667022705,0.34444444444444444,0
1596167564.2899988,294.1941566467285,0.34444444444444444,0
1596167564.2999988,295.9950132369995,0.34444444444444444,0
1596167564.3099988,297.79638481140137,0.34444444444444444,0
1596167564.3199987,299.59608268737793,0.34444444444444444,0
1596167564.3269653,300.8474941253662,0.34444444444444444,0
1596167564.3269653,300.8474941253662,0.34444444444444444,0
1596167564.3299987,301.39380645751953,0.34444444444444444,0
1596167564.3399987,303.1954355239868,0.34444444444444444,0
1596167564.3499987,304.99586296081543,0.34444444444444444,0
1596167564.3599987,306.7954750061035,0.34444444444444444,0
1596167564.3699987,308.59512996673584,0.34444444444444444,0
1596167564.3799987,310.3939266204834,0.34444444444444444,0
1596167564.3899987,312.1960277557373,0.34444444444444444,0
1596167564.3999987,313.99379444122314,0.34444444444444444,0
1596167564.4099987,315.7968397140503,0.34444444444444444,0
1596167564.4199986,317.5957221984863,0.34444444444444444,0
1596167564.4299986,319.3949909210205,0.34444444444444444,0
1596167564.4399986,321.196834564209,0.34444444444444444,0
1596167564.4499986,322.993914604187,0.34444444444444444,0
1596167564.4599986,324.79425621032715,0.34444444444444444,0
1596167564.4699986,326.5966577529907,0.34444444444444444,0
1596167564.4799986,328.3953685760498,0.34444444444444444,0
1596167564.4899986,330.19536685943604,0.34444444444444444,0
1596167564.4999986,331.9947214126587,0.34444444444444444,0
1596167564.5099986,333.79566383361816,0.34444444444444444,0
1596167564.5199986,335.5965633392334,0.34444444444444444,0
1596167564.5299985,337.3949737548828,0.34444444444444444,0
1596167564.5399985,339.1949291229248,0.34444444444444444,0
1596167564.5499985,340.9965581893921,0.34444444444444444,0
1596167564.5599985,342.7954406738281,0.34444444444444444,0
1596167564.5699985,344.5951385498047,0.34444444444444444,0
1596167564.5799985,346.3945789337158,0.34444444444444444,0
1596167564.5899985,348.19625091552734,0.34444444444444444,0
1596167564.5999985,349.9958200454712,0.34444444444444444,0
1596167564.6099985,351.796462059021,0.34444444444444444,0
1596167564.6199985,353.59422874450684,0.34444444444444444,0
1596167564.6299984,355.39632987976074,0.34444444444444444,0
1596167564.6399984,357.19508361816406,0.34444444444444444,0
1596167564.6499984,358.9959831237793,0.34444444444444444,0
1596167564.6556096,360,0.34444444444444444,1
1596167564.6556096,0,0,0
1596167564.6656096,1.8017148971557617,0,0
1596167564.6756096,3.600339889526367,0,0
1596167564.6856096,5.400338172912598,0,0
1596167564.6956096,7.200121879577637,0,0
1596167564.7056096,9.00080680847168,0,0
1596167564.7156096,10.802006721496582,0,0
1596167564.7256095,12.601661682128906,0,0
1596167564.7356095,14.402990341186523,0,0
1596167564.7456095,16.20007038116455,0,0
1596167564.7556095,18.001184463500977,0,0
1596167564.7656095,19.802298545837402,0,0
1596167564.7745774,21.414198875427246,0,0
1596167564.7745774,78.27615263268109,0.31589974309585467,0
1596167564.7756095,78.46313478752728,0.31589974309585467,0
1596167564.7856095,80.26253225609418,0.31589974309585467,0
1596167564.7956095,82.06386091515179,0.31589974309585467,0
1596167564.8056095,83.86321546837445,0.31589974309585467,0
1596167564.8156095,85.66510202690716,0.31589974309585467,0
1596167564.8256094,87.46407034203168,0.31589974309585467,0
1596167564.8356094,89.26449777886029,0.31589974309585467,0
1596167564.8456094,91.06501104637738,0.31589974309585467,0
1596167564.8556094,92.86269190117474,0.31589974309585467,0
1596167564.8656094,94.66436388298627,0.31589974309585467,0
1596167564.8756094,96.46440508171673,0.31589974309585467,0
1596167564.8856094,98.26350214287396,0.31589974309585467,0
1596167564.8956094,100.06388666435834,0.31589974309585467,0
1596167564.9056094,101.86272623345013,0.31589974309585467,0
1596167564.9156094,103.6622095327055,0.31589974309585467,0
1596167564.9256094,105.4639673452055,0.31589974309585467,0
1596167564.9356093,107.2624635915434,0.31589974309585467,0
1596167564.9456093,109.06370641991253,0.31589974309585467,0
1596167564.9556093,110.86434843346234,0.31589974309585467,0
1596167564.9656093,112.66529085442181,0.31589974309585467,0
1596167564.9756093,114.46451666161175,0.31589974309585467,0
1596167564.9856093,116.26305582329388,0.31589974309585467,0
1596167564.9956093,118.06313993736859,0.31589974309585467,0
1596167565.0056093,119.86339571282025,0.31589974309585467,0
1596167565.0156093,121.66429521843548,0.31589974309585467,0
1596167565.0256093,123.4624910573637,0.31589974309585467,0
1596167565.0356092,125.26484968468304,0.31589974309585467,0
1596167565.0456092,127.06441881462689,0.31589974309585467,0
1596167565.0556092,128.86274339958783,0.31589974309585467,0
1596167565.0656092,130.6643724660551,0.31589974309585467,0
1596167565.0756092,132.46269705101605,0.31589974309585467,0
1596167565.0856092,134.26385404869671,0.31589974309585467,0
1596167565.0956092,136.0647106389677,0.31589974309585467,0
1596167565.1056092,137.86239149376507,0.31589974309585467,0
1596167565.1156092,139.66522218987103,0.31589974309585467,0
1596167565.1256092,141.46221639916058,0.31589974309585467,0
1596167565.1356091,143.26457502647992,0.31589974309585467,0
1596167565.1456091,145.0621700505888,0.31589974309585467,0
1596167565.1556091,146.865043662039,0.31589974309585467,0
1596167565.1656091,148.66504194542523,0.31589974309585467,0
1596167565.175609,150.46186449333783,0.31589974309585467,0
1596167565.185609,152.26267816826459,0.31589974309585467,0
1596167565.195609,154.06250479027386,0.31589974309585467,0
1596167565.205609,155.86439134880658,0.31589974309585467,0
1596167565.215609,157.66323091789837,0.31589974309585467,0
1596167565.225609,159.46404459282513,0.31589974309585467,0
1596167565.235609,161.26258375450726,0.31589974309585467,0
1596167565.245609,163.06391241356488,0.31589974309585467,0
1596167565.255609,164.86494066521283,0.31589974309585467,0
1596167565.265609,166.6637373189604,0.31589974309585467,0
1596167565.275609,168.4639501790678,0.31589974309585467,0
1596167565.285609,170.26493551537152,0.31589974309585467,0
1596167565.295609,172.0627451162016,0.31589974309585467,0
1596167565.305609,173.86355879112836,0.31589974309585467,0
1596167565.315609,175.66269876762982,0.31589974309585467,0
1596167565.325609,177.46445658012982,0.31589974309585467,0
1596167565.335609,179.26359655663128,0.31589974309585467,0
1596167565.345609,181.06342317864053,0.31589974309585467,0
1596167565.355609,182.86453726097696,0.31589974309585467,0
1596167565.365609,184.66483595177286,0.31589974309585467,0
1596167565.375609,186.465177557913,0.31589974309585467,0
1596167565.385609,188.26230051323526,0.31589974309585467,0
1596167565.395609,190.06427290245645,0.31589974309585467,0
1596167565.405609,191.86233999535196,0.31589974309585467,0
1596167565.415609,193.66315367027872,0.31589974309585467,0
1596167565.4256089,195.4619932393705,0.31589974309585467,0
1596167565.4356089,197.26190569206827,0.31589974309585467,0
1596167565.4456089,199.0644788961088,0.31589974309585467,0
1596167565.4556088,200.86228849693887,0.31589974309585467,0
1596167565.4656088,202.66426088616006,0.31589974309585467,0
1596167565.4756088,204.46468832298868,0.31589974309585467,0
1596167565.4856088,206.26245500847452,0.31589974309585467,0
1596167565.4956088,208.0645132283842,0.31589974309585467,0
1596167565.5056088,209.8640394429838,0.31589974309585467,0
1596167565.5156088,211.66206362053506,0.31589974309585467,0
1596167565.5256088,213.46313478752725,0.31589974309585467,0
1596167565.5356088,215.26502134605997,0.31589974309585467,0
1596167565.5456088,217.06330301567667,0.31589974309585467,0
1596167565.5556087,218.86248590752237,0.31589974309585467,0
1596167565.5656087,220.6635999898588,0.31589974309585467,0
1596167565.5756087,222.46385576531046,0.31589974309585467,0
1596167565.5856087,224.26209451958292,0.31589974309585467,0
1596167565.5956087,226.0628223638212,0.31589974309585467,0
1596167565.6056087,227.86264898583048,0.31589974309585467,0
1596167565.6156087,229.66234686180704,0.31589974309585467,0
1596167565.6256087,231.4626026372587,0.31589974309585467,0
1596167565.6356087,233.26393129631631,0.31589974309585467,0
1596167565.6456087,235.0635433416044,0.31589974309585467,0
1596167565.6556087,236.8643999318754,0.31589974309585467,0
1596167565.6656086,238.66208078667276,0.31589974309585467,0
1596167565.6756086,240.46461107536905,0.31589974309585467,0
1596167565.6856086,242.26263525292032,0.31589974309585467,0
1596167565.6956086,244.06181814476602,0.31589974309585467,0
1596167565.7056086,245.86258890434854,0.31589974309585467,0
1596167565.7156086,247.6645183782255,0.31589974309585467,0
1596167565.7256086,249.46485998436563,0.31589974309585467,0
1596167565.7356086,251.26447202965372,0.31589974309585467,0
1596167565.7456086,253.0620670537626,0.31589974309585467,0
1596167565.7556086,254.8618078450834,0.31589974309585467,0
1596167565.7656085,256.665110609976,0.31589974309585467,0
1596167565.7756085,258.46455099388714,0.31589974309585467,0
1596167565.7856085,260.2649355153715,0.31589974309585467,0
1596167565.7956085,262.0645475606596,0.31589974309585467,0
1596167565.8056085,263.8627433995878,0.31589974309585467,0
1596167565.8156085,265.66462995812054,0.31589974309585467,0
1596167565.8256085,267.4635553579008,0.31589974309585467,0
1596167565.8271945,267.74722578331586,0.31589974309585467,0
1596167565.8271945,267.74722578331586,0.31589974309585467,0
1596167565.8356085,269.2643690328276,0.31589974309585467,0
1596167565.8456085,271.0648393850004,0.31589974309585467,0
1596167565.8556085,272.8634214620268,0.31589974309585467,0
1596167565.8656085,274.66380598351117,0.31589974309585467,0
1596167565.8756084,276.46509172722455,0.31589974309585467,0
1596167565.8856084,278.263330481497,0.31589974309585467,0
1596167565.8956084,280.06332876488324,0.31589974309585467,0
1596167565.9056084,281.8646145085966,0.31589974309585467,0
1596167565.9156084,283.6637974004423,0.31589974309585467,0
1596167565.9256084,285.4625940541899,0.31589974309585467,0
1596167565.9356084,287.2621631841337,0.31589974309585467,0
1596167565.9456084,289.06507971092816,0.31589974309585467,0
1596167565.9556084,290.8620310048735,0.31589974309585467,0
1596167565.9656084,292.6621151189482,0.31589974309585467,0
1596167565.9756083,294.464559576956,0.31589974309585467,0
1596167565.9856083,296.26460077568646,0.31589974309585467,0
1596167565.9956083,298.0627966146147,0.31589974309585467,0
1596167566.0056083,299.8626661519682,0.31589974309585467,0
1596167566.0156083,301.66300775810834,0.31589974309585467,0
1596167566.0256083,303.4617185811674,0.31589974309585467,0
1596167566.0356083,305.26484968468304,0.31589974309585467,0
1596167566.0456083,307.06416132256146,0.31589974309585467,0
1596167566.0556083,308.8628292302763,0.31589974309585467,0
1596167566.0656083,310.662012122122,0.31589974309585467,0
1596167566.0756083,312.46449949547406,0.31589974309585467,0
1596167566.0856082,314.2647123555815,0.31589974309585467,0
1596167566.0956082,316.0632515172636,0.31589974309585467,0
1596167566.1056082,317.86282064720746,0.31589974309585467,0
1596167566.1156082,319.66333391472455,0.31589974309585467,0
1596167566.1256082,321.462473891226,0.31589974309585467,0
1596167566.1356082,323.2620859365141,0.31589974309585467,0
1596167566.1456082,325.0647449712431,0.31589974309585467,0
1596167566.1556082,326.8636703710234,0.31589974309585467,0
1596167566.1656082,328.66439821526166,0.31589974309585467,0
1596167566.1756082,330.4623794774687,0.31589974309585467,0
1596167566.1856081,332.2642660360014,0.31589974309585467,0
1596167566.1956081,334.06507971092816,0.31589974309585467,0
1596167566.2056081,335.86280348106976,0.31589974309585467,0
1596167566.2156081,337.6641321401274,0.31589974309585467,0
1596167566.225608,339.4642591695463,0.31589974309585467,0
1596167566.235608,341.26391413017865,0.31589974309585467,0
1596167566.245608,343.0618095616972,0.31589974309585467,0
1596167566.255608,344.8619795064604,0.31589974309585467,0
1596167566.265608,346.6632223348295,0.31589974309585467,0
1596167566.275608,348.46455099388714,0.31589974309585467,0
1596167566.285608,350.2630901555693,0.31589974309585467,0
1596167566.295608,352.06416132256146,0.31589974309585467,0
1596167566.305608,353.86368753716107,0.31589974309585467,0
1596167566.315608,355.66261293694134,0.31589974309585467,0
1596167566.325608,357.4650144796049,0.31589974309585467,0
1596167566.335608,359.2627382497465,0.31589974309585467,0
1596167566.3397179,360,0.31589974309585467,1
1596167566.3397179,0,0,0
1596167566.3497179,1.8009424209594727,0,0
1596167566.3597178,3.6030006408691406,0,0
1596167566.3697178,5.401196479797363,0,0
1596167566.3797178,7.202696800231934,0,0
1596167566.3897178,9.000678062438965,0,0
1596167566.3997178,10.803079605102539,0,0
1596167566.4097178,12.60204792022705,0,0
1596167566.4197178,14.401359558105469,0,0
1596167566.4297178,16.202259063720703,0,0
1596167566.4397178,18.002729415893555,0,0
1596167566.4497178,19.801483154296875,0,0
1596167566.4597178,21.600494384765625,0,0
1596167566.4697177,23.40285301208496,0,0
1596167566.4797177,25.201692581176758,0,0
1596167566.4897177,27.00139045715332,0,0
1596167566.4997177,28.80138874053955,0,0
1596167566.5097177,30.602245330810547,0,0
1596167566.5197177,32.403016090393066,0,0
1596167566.5297177,34.20018196105957,0,0
1596167566.5397177,36.003098487854004,0,0
1596167566.5497177,37.80189514160156,0,0
1596167566.5597177,39.60146427154541,0,0
1596167566.5697176,41.40339374542236,0,0
1596167566.5797176,43.20330619812012,0,0
1596167566.5897176,45.002360343933105,0,0
1596167566.5997176,46.80244445800781,0,0
1596167566.6097176,48.602142333984375,0,0
1596167566.6197176,50.40334224700928,0,0
1596167566.6297176,52.201666831970215,0,0
1596167566.6397176,54.00050640106201,0,0
1596167566.6497176,55.80127716064453,0,0
1596167566.6597176,57.60299205780029,0,0
1596167566.6697176,59.40256118774414,0,0
1596167566.6797175,61.20028495788574,0,0
1596167566.6897175,63.00230026245117,0,0
1596167566.6997175,64.80006694793701,0,0
1596167566.7097175,66.6016960144043,0,0
1596167566.7197175,68.40208053588867,0,0
1596167566.7297175,70.20053386688232,0,0
1596167566.7397175,72.00297832489014,0,0
1596167566.7497175,73.80023002624512,0,0
1596167566.7597175,75.60280323028564,0,0
1596167566.7697175,77.40121364593506,0,0
1596167566.7735577,78.0911636352539,0,0
1596167566.7735577,189.62591449680076,0.6196375047863714,0
1596167566.7797174,190.7350186532949,0.6196375047863714,0
1596167566.7897174,192.53694812717185,0.6196375047863714,0
1596167566.7997174,194.3359593576406,0.6196375047863714,0
1596167566.8097174,196.13810340823875,0.6196375047863714,0
1596167566.8197174,197.9373292154287,0.6196375047863714,0
1596167566.8297174,199.7350529855703,0.6196375047863714,0
1596167566.8397174,201.5368107980703,0.6196375047863714,0
1596167566.8497174,203.3380107110952,0.6196375047863714,0
1596167566.8597174,205.13521949710594,0.6196375047863714,0
1596167566.8697174,206.9374922937368,0.6196375047863714,0
1596167566.8797174,208.73787681522117,0.6196375047863714,0
1596167566.8897173,210.53542892398582,0.6196375047863714,0
1596167566.8997173,212.33585636081443,0.6196375047863714,0
1596167566.9097173,214.13744251193748,0.6196375047863714,0
1596167566.9197173,215.93632499637351,0.6196375047863714,0
1596167566.9297173,217.73692409457908,0.6196375047863714,0
1596167566.9397173,219.5356778329824,0.6196375047863714,0
1596167566.9497173,221.33726398410545,0.6196375047863714,0
1596167566.9597173,223.1364039606069,0.6196375047863714,0
1596167566.9697173,224.93588725986228,0.6196375047863714,0
1596167566.9797173,226.73751632632957,0.6196375047863714,0
1596167566.9897172,228.53498260440574,0.6196375047863714,0
1596167566.9997172,230.3361396020864,0.6196375047863714,0
1596167567.0097172,232.13656703891502,0.6196375047863714,0
1596167567.0197172,233.93592159213767,0.6196375047863714,0
1596167567.0297172,235.73566238345848,0.6196375047863714,0
1596167567.0311782,235.99761764468894,0.6196375047863714,0
1596167567.0311782,235.99761764468894,0.6196375047863714,0
1596167567.0397172,237.53583232822166,0.6196375047863714,0
1596167567.0497172,239.33522979678855,0.6196375047863714,0
1596167567.0597172,241.13690177860008,0.6196375047863714,0
1596167567.0697172,242.93582717838035,0.6196375047863714,0
1596167567.0797172,244.7355250543569,0.6196375047863714,0
1596167567.0897171,246.53578082980857,0.6196375047863714,0
1596167567.0997171,248.33719531955467,0.6196375047863714,0
1596167567.1097171,250.13543407382713,0.6196375047863714,0
1596167567.1197171,251.93796436252342,0.6196375047863714,0
1596167567.129717,253.73478691043601,0.6196375047863714,0
1596167567.139717,255.53568641605125,0.6196375047863714,0
1596167567.149717,257.33542720737205,0.6196375047863714,0
1596167567.159717,259.13787166537986,0.6196375047863714,0
1596167567.169717,260.9347371286367,0.6196375047863714,0
1596167567.179717,262.735464972875,0.6196375047863714,0
1596167567.189717,264.5368794626211,0.6196375047863714,0
1596167567.199717,266.3346461481069,0.6196375047863714,0
1596167567.209717,268.13734809818015,0.6196375047863714,0
1596167567.219717,269.93708888950096,0.6196375047863714,0
1596167567.229717,271.73648635806785,0.6196375047863714,0
1596167567.239717,273.5353688425039,0.6196375047863714,0
1596167567.249717,275.3351525491689,0.6196375047863714,0
1596167567.259717,277.1359662240957,0.6196375047863714,0
1596167567.269717,278.9377240365957,0.6196375047863714,0
1596167567.279717,280.7354907220815,0.6196375047863714,0
1596167567.289717,282.5368622964834,0.6196375047863714,0
1596167567.299717,284.3375472253774,0.6196375047863714,0
1596167567.309717,286.1378030008291,0.6196375047863714,0
1596167567.319717,287.93750087680564,0.6196375047863714,0
1596167567.329717,289.7369412607168,0.6196375047863714,0
1596167567.339717,291.53552333774314,0.6196375047863714,0
1596167567.349717,293.3354357904409,0.6196375047863714,0
1596167567.359717,295.1379660791372,0.6196375047863714,0
1596167567.369717,296.93607608737693,0.6196375047863714,0
1596167567.3797169,298.735688132665,0.6196375047863714,0
1596167567.3897169,300.5359439081167,0.6196375047863714,0
1596167567.3997169,302.33577053012596,0.6196375047863714,0
1596167567.4097168,304.13559715213523,0.6196375047863714,0
1596167567.4197168,305.9361962503408,0.6196375047863714,0
1596167567.4297168,307.7369240945791,0.6196375047863714,0
1596167567.4397168,309.53507701816307,0.6196375047863714,0
1596167567.4497168,311.33649150790916,0.6196375047863714,0
1596167567.4597168,313.13610355319724,0.6196375047863714,0
1596167567.4697168,314.93708888950096,0.6196375047863714,0
1596167567.4797168,316.7373446649526,0.6196375047863714,0
1596167567.4897168,318.53524009647117,0.6196375047863714,0
1596167567.4997168,320.33729831638084,0.6196375047863714,0
1596167567.5097167,322.134764594457,0.6196375047863714,0
1596167567.5197167,323.9372090524648,0.6196375047863714,0
1596167567.5297167,325.7349328226064,0.6196375047863714,0
1596167567.5397167,327.53591815891014,0.6196375047863714,0
1596167567.5497167,329.33759014072166,0.6196375047863714,0
1596167567.5597167,331.1371592706655,0.6196375047863714,0
1596167567.5697167,332.93651382388816,0.6196375047863714,0
1596167567.5797167,334.7361687845205,0.6196375047863714,0
1596167567.5897167,336.5349225229238,0.6196375047863714,0
1596167567.5997167,338.3377103036855,0.6196375047863714,0
1596167567.6097167,340.1373223489736,0.6196375047863714,0
1596167567.6197166,341.935003203771,0.6196375047863714,0
1596167567.6297166,343.7372330850576,0.6196375047863714,0
1596167567.6397166,345.53667346896873,0.6196375047863714,0
1596167567.6497166,347.33675758304344,0.6196375047863714,0
1596167567.6597166,349.137356681249,0.6196375047863714,0
1596167567.6697166,350.9357670968984,0.6196375047863714,0
1596167567.6797166,352.7367524332021,0.6196375047863714,0
1596167567.6897166,354.5351199335073,0.6196375047863714,0
1596167567.6997166,356.33546153964744,0.6196375047863714,0
1596167567.7097166,358.13541690768943,0.6196375047863714,0
1596167567.7197165,359.93605892123924,0.6196375047863714,0
1596167567.7200935,360,0.6196375047863714,1
1596167567.7200935,0,0,0
1596167567.7300935,1.8026161193847656,0,0
1596167567.7400935,3.6002540588378906,0,0
1596167567.7500935,5.400638580322266,0,0
1596167567.7600935,7.2032976150512695,0,0
1596167567.7700934,9.003424644470215,0,0
1596167567.7800934,10.800762176513672,0,0
1596167567.7900934,12.600288391113281,0,0
1596167567.8000934,14.402046203613281,0,0
1596167567.8100934,16.200714111328125,0,0
1596167567.8200934,18.002257347106934,0,0
1596167567.8300934,19.800238609313965,0,0
1596167567.8400934,21.60208225250244,0,0
1596167567.8500934,23.40263843536377,0,0
1596167567.8600934,25.20310878753662,0,0
1596167567.8700933,27.00216293334961,0,0
1596167567.8800933,28.80194664001465,0,0
1596167567.8900933,30.601344108581543,0,0
1596167567.9000933,32.40288734436035,0,0
1596167567.9100933,34.20271396636963,0,0
1596167567.9200933,36.0007381439209,0,0
1596167567.9300933,37.8013801574707,0,0
1596167567.9400933,39.60339546203613,0,0
1596167567.9500933,41.400389671325684,0,0
1596167567.9600933,43.20051670074463,0,0
1596167567.9700933,45.002102851867676,0,0
1596167567.9800932,46.803345680236816,0,0
1596167567.9900932,48.6000394821167,0,0
1596167568.0000932,50.40295600891113,0,0
1596167568.0100932,52.20304012298584,0,0
1596167568.0200932,54.003167152404785,0,0
1596167568.0300932,55.80080509185791,0,0
1596167568.0400932,57.600932121276855,0,0
1596167568.0500932,59.399943351745605,0,0
1596167568.0600932,61.20007038116455,0,0
1596167568.0700932,63.00285816192627,0,0
1596167568.0800931,64.8004961013794,0,0
1596167568.0900931,66.60053730010986,0,0
1596167568.1000931,68.40238094329834,0,0
1596167568.110093,70.2006196975708,0,0
1596167568.120093,72.00121879577637,0,0
1596167568.130093,73.80224704742432,0,0
1596167568.140093,75.60048580169678,0,0
1596167568.150093,77.40044116973877,0,0
1596167568.160093,79.2027997970581,0,0
1596167568.170093,81.0016393661499,0,0
1596167568.180093,82.80198097229004,0,0
1596167568.190093,84.60309505462646,0,0
1596167568.200093,86.40038967132568,0,0
1596167568.210093,88.20253372192383,0,0
1596167568.220093,90.00296115875244,0,0
1596167568.230093,91.80025577545166,0,0
1596167568.240093,93.60154151916504,0,0
1596167568.250093,95.39990901947021,0,0
1596167568.260093,97.20162391662598,0,0
1596167568.270093,99.00102138519287,0,0
1596167568.280093,100.80080509185791,0,0
1596167568.290093,102.602219581604,0,0
1596167568.300093,104.4007158279419,0,0
1596167568.310093,106.20290279388428,0,0
1596167568.320093,108.00032615661621,0,0
1596167568.330093,109.8025131225586,0,0
1596167568.340093,111.60332679748535,0,0
1596167568.350093,113.40113639831543,0,0
1596167568.3514028,113.63566875457764,0,0
1596167568.3514028,315.40068545814177,1.120916759464245,0
1596167568.3600929,316.965293078381,1.120916759464245,0
1596167568.3700929,318.7650338697018,1.120916759464245,0
1596167568.3800929,320.5655471372189,1.120916759464245,0
1596167568.3900928,322.3652879285397,1.120916759464245,0
1596167568.4000928,324.1665736722531,1.120916759464245,0
1596167568.4100928,325.96549907203337,1.120916759464245,0
1596167568.4200928,327.76790061469694,1.120916759464245,0
1596167568.4300928,329.5678988980832,1.120916759464245,0
1596167568.4400928,331.3651076840939,1.120916759464245,0
1596167568.4500928,333.16544929023405,1.120916759464245,0
1596167568.4600928,334.9665633725705,1.120916759464245,0
1596167568.4700928,336.76527419562956,1.120916759464245,0
1596167568.4800928,338.56591620917936,1.120916759464245,0
1596167568.4900928,340.3671590375485,1.120916759464245,0
1596167568.5000927,342.1675864743771,1.120916759464245,0
1596167568.5100927,343.9667264508786,1.120916759464245,0
1596167568.5200927,345.7670251416745,1.120916759464245,0
1596167568.5300927,347.5658647107663,1.120916759464245,0
1596167568.5400927,349.3650905179562,1.120916759464245,0
1596167568.5500927,351.1673633145871,1.120916759464245,0
1596167568.5600927,352.96628871436735,1.120916759464245,0
1596167568.5700927,354.7653857755246,1.120916759464245,0
1596167568.5800927,356.56534114356657,1.120916759464245,0
1596167568.5900927,358.3677856015744,1.120916759464245,0
1596167568.599182,360,1.120916759464245,1
1596167568.599182,0,0,0
1596167568.609182,1.8013286590576172,0,0
1596167568.6191819,3.600339889526367,0,0
1596167568.6291819,5.401754379272461,0,0
1596167568.6391819,7.20179557800293,0,0
1596167568.6491818,9.000720977783203,0,0
1596167568.6528971,9.668741226196289,0,0
1596167568.6528971,59.93308165118248,0.27924633569436774,0
1596167568.6591818,61.064373040647816,0.27924633569436774,0
1596167568.6691818,62.8651008848861,0.27924633569436774,0
1596167568.6791818,64.66578581378013,0.27924633569436774,0
1596167568.6891818,66.46522619769127,0.27924633569436774,0
1596167568.6991818,68.2672415022567,0.27924633569436774,0
1596167568.7091818,70.06741144701988,0.27924633569436774,0
1596167568.7191818,71.86431982562095,0.27924633569436774,0
1596167568.7291818,73.6664638762191,0.27924633569436774,0
1596167568.7391818,75.46470263049156,0.27924633569436774,0
1596167568.7491817,77.26646044299156,0.27924633569436774,0
1596167568.7591817,79.06650164172203,0.27924633569436774,0
1596167568.7691817,80.8668861632064,0.27924633569436774,0
1596167568.7791817,82.66598322436363,0.27924633569436774,0
1596167568.7891817,84.46447947070152,0.27924633569436774,0
1596167568.7991817,86.2668810133651,0.27924633569436774,0
1596167568.8091817,88.0649481062606,0.27924633569436774,0
1596167568.8191817,89.86730673357994,0.27924633569436774,0
1596167568.8291817,91.66760542437584,0.27924633569436774,0
1596167568.8391817,93.46760370776207,0.27924633569436774,0
1596167568.8491817,95.26652910754234,0.27924633569436774,0
1596167568.8591816,97.06609823748619,0.27924633569436774,0
1596167568.8691816,98.86480906054527,0.27924633569436774,0
1596167568.8791816,100.66759684130699,0.27924633569436774,0
1596167568.8891816,102.46738054797203,0.27924633569436774,0
1596167568.8991816,104.26441767260582,0.27924633569436774,0
1596167568.9091816,106.0677204374984,0.27924633569436774,0
1596167568.9191816,107.86501505419761,0.27924633569436774,0
1596167568.9291816,109.66458418414146,0.27924633569436774,0
1596167568.9391816,111.46681406542808,0.27924633569436774,0
1596167568.9491816,113.26565363451988,0.27924633569436774,0
1596167568.9591815,115.06432154223472,0.27924633569436774,0
1596167568.9691815,116.86710932299644,0.27924633569436774,0
1596167568.9791815,118.66599180743248,0.27924633569436774,0
1596167568.9891815,120.46667673632652,0.27924633569436774,0
1596167568.9991815,122.26581671282798,0.27924633569436774,0
1596167569.0091815,124.06705954119712,0.27924633569436774,0
1596167569.0191815,125.86748697802574,0.27924633569436774,0
1596167569.0291815,127.66761400744468,0.27924633569436774,0
1596167569.0391815,129.46456530139,0.27924633569436774,0
1596167569.0491815,131.2643060927108,0.27924633569436774,0
1596167569.0591815,133.06610682055504,0.27924633569436774,0
1596167569.0691814,134.8650322203353,0.27924633569436774,0
1596167569.0791814,136.6647730116561,0.27924633569436774,0
1596167569.0891814,138.46477129504234,0.27924633569436774,0
1596167569.0991814,140.2673874144271,0.27924633569436774,0
1596167569.1091814,142.0669994597152,0.27924633569436774,0
1596167569.1191814,143.8663110975936,0.27924633569436774,0
1596167569.1291814,145.66523649737388,0.27924633569436774,0
1596167569.1391814,147.46446230456382,0.27924633569436774,0
1596167569.1491814,149.26669218585045,0.27924633569436774,0
1596167569.1591814,151.06454470202476,0.27924633569436774,0
1596167569.1691813,152.86716082140953,0.27924633569436774,0
1596167569.1791813,154.6649704222396,0.27924633569436774,0
1596167569.1891813,156.46702864214927,0.27924633569436774,0
1596167569.1991813,158.2663402800277,0.27924633569436774,0
1596167569.2091813,160.0673256163314,0.27924633569436774,0
1596167569.2191813,161.86625101611168,0.27924633569436774,0
1596167569.2291813,163.66594889208824,0.27924633569436774,0
1596167569.2391813,165.4674492125228,0.27924633569436774,0
1596167569.2491813,167.26680376574546,0.27924633569436774,0
1596167569.2591813,169.06675913378746,0.27924633569436774,0
1596167569.2691813,170.86581327960045,0.27924633569436774,0
1596167569.2791812,172.66486742541343,0.27924633569436774,0
1596167569.2891812,174.4661531691268,0.27924633569436774,0
1596167569.2991812,176.26705267474205,0.27924633569436774,0
1596167569.3091812,178.06456186816246,0.27924633569436774,0
1596167569.3191812,179.86765005633384,0.27924633569436774,0
1596167569.3291812,181.6662321333602,0.27924633569436774,0
1596167569.3391812,183.46434214159996,0.27924633569436774,0
1596167569.3491812,185.26476957842857,0.27924633569436774,0
1596167569.3591812,187.06485369250328,0.27924633569436774,0
1596167569.3691812,188.8647232298568,0.27924633569436774,0
1596167569.3791811,190.6651506666854,0.27924633569436774,0
1596167569.3891811,192.4647627119735,0.27924633569436774,0
1596167569.3991811,194.2669925932601,0.27924633569436774,0
1596167569.409181,196.0642442946151,0.27924633569436774,0
1596167569.419181,197.86741831347496,0.27924633569436774,0
1596167569.429181,199.6647558455184,0.27924633569436774,0
1596167569.439181,201.46539785906822,0.27924633569436774,0
1596167569.449181,203.26655485674888,0.27924633569436774,0
1596167569.459181,205.06681063220054,0.27924633569436774,0
1596167569.469181,206.86603643939048,0.27924633569436774,0
1596167569.479181,208.66474726244957,0.27924633569436774,0
1596167569.489181,210.46671965167076,0.27924633569436774,0
1596167569.499181,212.26495840594322,0.27924633569436774,0
1596167569.509181,214.06581499621421,0.27924633569436774,0
1596167569.519181,215.86624243304283,0.27924633569436774,0
1596167569.529181,217.6668415312484,0.27924633569436774,0
1596167569.539181,219.46739771410972,0.27924633569436774,0
1596167569.549181,221.26512148425132,0.27924633569436774,0
1596167569.559181,223.0641756300643,0.27924633569436774,0
1596167569.569181,224.86494638964683,0.27924633569436774,0
1596167569.579181,226.66751959368736,0.27924633569436774,0
1596167569.589181,228.46558668658287,0.27924633569436774,0
1596167569.599181,230.2670440916732,0.27924633569436774,0
1596167569.609181,232.06652739092857,0.27924633569436774,0
1596167569.619181,233.86609652087242,0.27924633569436774,0
1596167569.629181,235.66639521166832,0.27924633569436774,0
1596167569.639181,237.46742346331627,0.27924633569436774,0
1596167569.649181,239.26557638690025,0.27924633569436774,0
1596167569.6591809,241.06669046923668,0.27924633569436774,0
1596167569.6691809,242.8646717314437,0.27924633569436774,0
1596167569.6791809,244.66514208361656,0.27924633569436774,0
1596167569.6891809,246.46685698077232,0.27924633569436774,0
1596167569.6991808,248.26526739642173,0.27924633569436774,0
1596167569.7091808,250.06526567980796,0.27924633569436774,0
1596167569.7191808,251.86556437060386,0.27924633569436774,0
1596167569.7291808,253.6652193312362,0.27924633569436774,0
1596167569.7391808,255.46483137652427,0.27924633569436774,0
1596167569.7491808,257.2662887816146,0.27924633569436774,0
1596167569.7591808,259.06744577929527,0.27924633569436774,0
1596167569.7691808,260.86748697802574,0.27924633569436774,0
1596167569.7791808,262.6666269545272,0.27924633569436774,0
1596167569.7891808,264.46572401568443,0.27924633569436774,0
1596167569.7991807,266.2670955900863,0.27924633569436774,0
1596167569.8091807,268.0670509581283,0.27924633569436774,0
1596167569.8191807,269.8670492415145,0.27924633569436774,0
1596167569.8291807,271.6643009428695,0.27924633569436774,0
1596167569.8391807,273.4647283796981,0.27924633569436774,0
1596167569.8491807,275.2662716154769,0.27924633569436774,0
1596167569.8591807,277.0647678618148,0.27924633569436774,0
1596167569.8691807,278.86635401293785,0.27924633569436774,0
1596167569.8791807,280.6650219206527,0.27924633569436774,0
1596167569.8891807,282.4660930876449,0.27924633569436774,0
1596167569.8991807,284.26669218585045,0.27924633569436774,0
1596167569.9091806,286.0670337919906,0.27924633569436774,0
1596167569.9191806,287.8644142393783,0.27924633569436774,0
1596167569.9291806,289.6650562529281,0.27924633569436774,0
1596167569.9391806,291.46565535113365,0.27924633569436774,0
1596167569.9491806,293.26470949694664,0.27924633569436774,0
1596167569.9591806,295.0646219496444,0.27924633569436774,0
1596167569.9691806,296.8647918944076,0.27924633569436774,0
1596167569.9791806,298.66474726244957,0.27924633569436774,0
1596167569.9891806,300.46706297442466,0.27924633569436774,0
1596167569.9991806,302.2653017286971,0.27924633569436774,0
1596167570.0091805,304.0663728956893,0.27924633569436774,0
1596167570.0191805,305.86748697802574,0.27924633569436774,0
1596167570.0291805,307.6645241026595,0.27924633569436774,0
1596167570.0391805,309.4642648939803,0.27924633569436774,0
1596167570.0491805,311.26636602923423,0.27924633569436774,0
1596167570.0591805,313.0641327147201,0.27924633569436774,0
1596167570.0691805,314.8641309981063,0.27924633569436774,0
1596167570.0791805,316.66627504870445,0.27924633569436774,0
1596167570.0891805,318.4652862791732,0.27924633569436774,0
1596167570.0991805,320.26678659960777,0.27924633569436774,0
1596167570.1091805,322.0669136290267,0.27924633569436774,0
1596167570.1191804,323.8675127272323,0.27924633569436774,0
1596167570.1291804,325.6643781904891,0.27924633569436774,0
1596167570.1391804,327.4663505797103,0.27924633569436774,0
1596167570.1491804,329.2656622175887,0.27924633569436774,0
1596167570.1591804,331.0641155485824,0.27924633569436774,0
1596167570.1691804,332.86505796954185,0.27924633569436774,0
1596167570.1791804,334.66582872912437,0.27924633569436774,0
1596167570.1891804,336.4657411818221,0.27924633569436774,0
1596167570.1991804,338.2654819731429,0.27924633569436774,0
1596167570.2091804,340.0645361189559,0.27924633569436774,0
1596167570.2191803,341.86655142352134,0.27924633569436774,0
1596167570.2291803,343.6649189238265,0.27924633569436774,0
1596167570.2391803,345.4644022230819,0.27924633569436774,0
1596167570.2491803,347.26688959643394,0.27924633569436774,0
1596167570.2591803,349.0663728956893,0.27924633569436774,0
1596167570.2691803,350.8671007399276,0.27924633569436774,0
1596167570.2791803,352.6656399016097,0.27924633569436774,0
1596167570.2891803,354.4665823225692,0.27924633569436774,0
1596167570.2991803,356.26503565356285,0.27924633569436774,0
1596167570.3091803,358.0673942808822,0.27924633569436774,0
1596167570.3191803,359.86696341082603,0.27924633569436774,0
1596167570.319947,360,0.27924633569436774,1
1596167570.319947,0,0,0
1596167570.329947,1.8009424209594727,0,0
1596167570.339947,3.601541519165039,0,0
1596167570.349947,5.400595664978027,0,0
1596167570.359947,7.201709747314453,0,0
1596167570.369947,9.0032958984375,0,0
1596167570.379947,10.803422927856445,0,0
1596167570.389947,12.600245475769043,0,0
1596167570.399947,14.400200843811035,0,0
1596167570.409947,16.20084285736084,0,0
1596167570.419947,18.001012802124023,0,0
1596167570.429947,19.801483154296875,0,0
1596167570.439947,21.603412628173828,0,0
1596167570.4499469,23.40190887451172,0,0
1596167570.4599469,25.200276374816895,0,0
1596167570.4699469,27.000575065612793,0,0
1596167570.4799469,28.803062438964844,0,0
1596167570.4899468,30.603275299072266,0,0
1596167570.4999468,32.40138530731201,0,0
1596167570.5099468,34.20292854309082,0,0
1596167570.5199468,36.00099563598633,0,0
1596167570.5299468,37.8033971786499,0,0
1596167570.5399468,39.6007776260376,0,0
1596167570.5499468,41.401333808898926,0,0
1596167570.5599468,43.20141792297363,0,0
1596167570.5699468,45.00128746032715,0,0
1596167570.5799468,46.800642013549805,0,0
1596167570.5899467,48.601884841918945,0,0
1596167570.5999467,50.40196895599365,0,0
1596167570.6099467,52.20170974731445,0,0
1596167570.6199467,54.00162220001221,0,0
1596167570.6299467,55.80200672149658,0,0
1596167570.6399467,57.60088920593262,0,0
1596167570.6467564,58.825693130493164,0,0
1596167570.6467564,145.7731016369979,0.4830411583694707,0
1596167570.6499467,146.34739477359457,0.4830411583694707,0
1596167570.6531267,146.91975671970053,0.4830411583694707,0
1596167570.6531267,146.91975671970053,0.4830411583694707,0
1596167570.6599467,148.14983923160239,0.4830411583694707,0
1596167570.6699467,149.94850713931723,0.4830411583694707,0
1596167570.6799467,151.74871999942465,0.4830411583694707,0
1596167570.6899467,153.54936201297446,0.4830411583694707,0
1596167570.6999466,155.3501756879012,0.4830411583694707,0
1596167570.7099466,157.1497877331893,0.4830411583694707,0
1596167570.7199466,158.94935686313315,0.4830411583694707,0
1596167570.7299466,160.74931223117514,0.4830411583694707,0
1596167570.7399466,162.5484522076766,0.4830411583694707,0
1596167570.7499466,164.34810716830893,0.4830411583694707,0
1596167570.7599466,166.14754755222006,0.4830411583694707,0
1596167570.7699466,167.95076448642416,0.4830411583694707,0
1596167570.7799466,169.74857408725424,0.4830411583694707,0
1596167570.7899466,171.5473707410018,0.4830411583694707,0
1596167570.7999465,173.34852773868246,0.4830411583694707,0
1596167570.8099465,175.14895517551108,0.4830411583694707,0
1596167570.8199465,176.95049841128989,0.4830411583694707,0
1596167570.8299465,178.74770719730063,0.4830411583694707,0
1596167570.8399465,180.548091718785,0.4830411583694707,0
1596167570.8499465,182.34800417148276,0.4830411583694707,0
1596167570.8599465,184.15031988345785,0.4830411583694707,0
1596167570.8699465,185.9475286694686,0.4830411583694707,0
1596167570.8799465,187.75061685763998,0.4830411583694707,0
1596167570.8899465,189.55065805637045,0.4830411583694707,0
1596167570.8999465,191.35052759372397,0.4830411583694707,0
1596167570.9099464,193.15035421573324,0.4830411583694707,0
1596167570.9199464,194.94962293826742,0.4830411583694707,0
1596167570.9299464,196.75043661319418,0.4830411583694707,0
1596167570.9399464,198.54888994418783,0.4830411583694707,0
1596167570.9499464,200.3494890423934,0.4830411583694707,0
1596167570.9599464,202.14927274905844,0.4830411583694707,0
1596167570.9699464,203.94965727054282,0.4830411583694707,0
1596167570.9799464,205.74969846927328,0.4830411583694707,0
1596167570.9899464,207.54965383731528,0.4830411583694707,0
1596167570.9999464,209.35029585086508,0.4830411583694707,0
1596167571.0099463,211.1493929120223,0.4830411583694707,0
1596167571.0199463,212.948575803868,0.4830411583694707,0
1596167571.0299463,214.74981863223715,0.4830411583694707,0
1596167571.0399463,216.54947359286948,0.4830411583694707,0
1596167571.0499463,218.3500297757308,0.4830411583694707,0
1596167571.0599463,220.14813978397055,0.4830411583694707,0
1596167571.0699463,221.94878179752035,0.4830411583694707,0
1596167571.0799463,223.74908048831625,0.4830411583694707,0
1596167571.0899463,225.5474050732772,0.4830411583694707,0
1596167571.0999463,227.35053617679282,0.4830411583694707,0
1596167571.1099463,229.14804537021323,0.4830411583694707,0
1596167571.1199462,230.95040399753256,0.4830411583694707,0
1596167571.1299462,232.74778444492026,0.4830411583694707,0
1596167571.1399462,234.5484693738143,0.4830411583694707,0
1596167571.1499462,236.34739477359457,0.4830411583694707,0
1596167571.1599462,238.15013963901205,0.4830411583694707,0
1596167571.1699462,239.94760591708823,0.4830411583694707,0
1596167571.1799462,241.74738962375326,0.4830411583694707,0
1596167571.1899462,243.5488470288436,0.4830411583694707,0
1596167571.1999462,245.3485878201644,0.4830411583694707,0
1596167571.2099462,247.14789945804282,0.4830411583694707,0
1596167571.2199461,248.94957143985434,0.4830411583694707,0
1596167571.2299461,250.74729520999594,0.4830411583694707,0
1596167571.2399461,252.54780847751303,0.4830411583694707,0
1596167571.249946,254.35072500430746,0.4830411583694707,0
1596167571.259946,256.1497791501204,0.4830411583694707,0
1596167571.269946,257.94728834354083,0.4830411583694707,0
1596167571.279946,259.74861700259845,0.4830411583694707,0
1596167571.289946,261.5479715558211,0.4830411583694707,0
1596167571.299946,263.350072691075,0.4830411583694707,0
1596167571.309946,265.14792520724933,0.4830411583694707,0
1596167571.319946,266.94766599857013,0.4830411583694707,0
1596167571.329946,268.74766428195636,0.4830411583694707,0
1596167571.339946,270.5486496182601,0.4830411583694707,0
1596167571.349946,272.3495491238753,0.4830411583694707,0
1596167571.359946,274.147830793492,0.4830411583694707,0
1596167571.369946,275.94898779117267,0.4830411583694707,0
1596167571.379946,277.7503164502303,0.4830411583694707,0
1596167571.389946,279.5477398129622,0.4830411583694707,0
1596167571.399946,281.3489397259871,0.4830411583694707,0
1596167571.409946,283.1497963162581,0.4830411583694707,0
1596167571.419946,284.9475200863997,0.4830411583694707,0
1596167571.429946,286.7487199994246,0.4830411583694707,0
1596167571.439946,288.5473449917952,0.4830411583694707,0
1596167571.449946,290.34901697360675,0.4830411583694707,0
1596167571.459946,292.14931566440265,0.4830411583694707,0
1596167571.469946,293.94725401126544,0.4830411583694707,0
1596167571.479946,295.74811060153644,0.4830411583694707,0
1596167571.489946,297.548709699742,0.4830411583694707,0
1596167571.4999459,299.34995252811115,0.4830411583694707,0
1596167571.5099459,301.14969331943195,0.4830411583694707,0
1596167571.5199459,302.9489620419661,0.4830411583694707,0
1596167571.5299459,304.747458288304,0.4830411583694707,0
1596167571.5399458,306.550117323033,0.4830411583694707,0
1596167571.5499458,308.34809858524005,0.4830411583694707,0
1596167571.5599458,310.1471956463973,0.4830411583694707,0
1596167571.5699458,311.94792349063556,0.4830411583694707,0
1596167571.5799458,313.7486084195296,0.4830411583694707,0
1596167571.5899458,315.54873544894855,0.4830411583694707,0
1596167571.5999458,317.3486479016463,0.4830411583694707,0
1596167571.6099458,319.1499336453597,0.4830411583694707,0
1596167571.6199458,320.9487732144515,0.4830411583694707,0
1596167571.6299458,322.7476556988875,0.4830411583694707,0
1596167571.6399457,324.5491989346663,0.4830411583694707,0
1596167571.6499457,326.349454710118,0.4830411583694707,0
1596167571.6599457,328.15052587711017,0.4830411583694707,0
1596167571.6699457,329.9497516843001,0.4830411583694707,0
1596167571.6799457,331.74996454440753,0.4830411583694707,0
1596167571.6899457,333.54850370608966,0.4830411583694707,0
1596167571.6999457,335.34991819583576,0.4830411583694707,0
1596167571.7099457,337.1492298337142,0.4830411583694707,0
1596167571.7199457,338.94716818057697,0.4830411583694707,0
1596167571.7299457,340.7493122311751,0.4830411583694707,0
1596167571.7399457,342.54742223941486,0.4830411583694707,0
1596167571.7499456,344.34995252811115,0.4830411583694707,0
1596167571.7599456,346.1499508114974,0.4830411583694707,0
1596167571.7699456,347.94990617953937,0.4830411583694707,0
1596167571.7799456,349.74715788089435,0.4830411583694707,0
1596167571.7899456,351.54814321719806,0.4830411583694707,0
1596167571.7999456,353.3500297757308,0.4830411583694707,0
1596167571.8099456,355.14792520724933,0.4830411583694707,0
1596167571.8199456,356.95002634250324,0.4830411583694707,0
1596167571.8299456,358.75023920261066,0.4830411583694707,0
1596167571.8369105,360,0.4830411583694707,1
1596167571.8369105,0,0,0
1596167571.8469105,1.8005561828613281,0,0
1596167571.8569105,3.6032581329345703,0,0
1596167571.8669105,5.400595664978027,0,0
1596167571.8769104,7.202095985412598,0,0
1596167571.8869104,9.000978469848633,0,0
1596167571.8969104,10.8015775680542,0,0
1596167571.9069104,12.600288391113281,0,0
1596167571.9169104,14.401402473449707,0,0
1596167571.9269104,16.20182991027832,0,0
1596167571.9369104,17.999982833862305,0,0
1596167571.9469104,19.801998138427734,0,0
1596167571.9569104,21.601481437683105,0,0
1596167571.9669104,23.400449752807617,0,0
1596167571.9769104,25.202722549438477,0,0
1596167571.9869103,27.001733779907227,0,0
1596167571.9969103,28.799972534179688,0,0
1596167572.0069103,30.60014247894287,0,0
1596167572.0169103,32.40074157714844,0,0
1596167572.0269103,34.202027320861816,0,0
1596167572.0369103,36.002840995788574,0,0
1596167572.0469103,37.80043601989746,0,0
1596167572.0569103,39.60000514984131,0,0
1596167572.0669103,41.40047550201416,0,0
1596167572.0769103,43.2008171081543,0,0
1596167572.0869102,45.000128746032715,0,0
1596167572.0969102,46.80098533630371,0,0
1596167572.1069102,48.60274314880371,0,0
1596167572.1169102,50.400938987731934,0,0
1596167572.1269102,52.201409339904785,0,0
1596167572.1369102,54.0007209777832,0,0
1596167572.1469102,55.80029010772705,0,0
1596167572.1569102,57.6018762588501,0,0
1596167572.1669102,59.40131664276123,0,0
1596167572.1769102,61.20204448699951,0,0
1596167572.1869102,63.00157070159912,0,0
1596167572.1969101,64.7999382019043,0,0
1596167572.2069101,66.60212516784668,0,0
1596167572.2169101,68.40319633483887,0,0
1596167572.22691,70.20246505737305,0,0
1596167572.23691,72.00121879577637,0,0
1596167572.24691,73.80130290985107,0,0
1596167572.25691,75.60181617736816,0,0
1596167572.26691,77.4021577835083,0,0
1596167572.27691,79.20168399810791,0,0
1596167572.28691,81.00168228149414,0,0
1596167572.29691,82.80056476593018,0,0
1596167572.30691,84.60017681121826,0,0
1596167572.31691,86.40129089355469,0,0
1596167572.32691,88.20111751556396,0,0
1596167572.33691,90.00223159790039,0,0
1596167572.34691,91.80012702941895,0,0
1596167572.35691,93.60231399536133,0,0
1596167572.36691,95.40119647979736,0,0
1596167572.37691,97.20149517059326,0,0
1596167572.38691,99.00157928466797,0,0
1596167572.39691,100.8012342453003,0,0
1596167572.40691,102.60179042816162,0,0
1596167572.41691,104.40286159515381,0,0
1596167572.42691,106.20234489440918,0,0
1596167572.43691,108.00298690795898,0,0
1596167572.44691,109.80199813842773,0,0
1596167572.45691,111.60199642181396,0,0
1596167572.46691,113.40083599090576,0,0
1596167572.4769099,115.2020788192749,0,0
1596167572.4869099,117.00216293334961,0,0
1596167572.4969099,118.80306243896484,0,0
1596167572.5069098,120.60104370117188,0,0
1596167572.5169098,122.40099906921387,0,0
1596167572.5269098,124.20073986053467,0,0
1596167572.5369098,126.00155353546143,0,0
1596167572.5469098,127.80245304107666,0,0
1596167572.5569098,129.60142135620117,0,0
1596167572.5669098,131.40210628509521,0,0
1596167572.5769098,133.2004737854004,0,0
1596167572.5869098,135.00064373016357,0,0
1596167572.5969098,136.8009853363037,0,0
1596167572.6069098,138.6001682281494,0,0
1596167572.6169097,140.4030418395996,0,0
1596167572.6269097,142.19990730285645,0,0
1596167572.6369097,144.00256633758545,0,0
1596167572.645756,145.59219360351562,0,0
1596167572.645756,145.59219360351562,0.0,0
1596167572.6469097,145.80307960510254,0.0,0
1596167572.6533704,146.9627809524536,0.0,0
1596167572.6533704,146.9627809524536,0.0,0
1596167572.6569097,147.60282039642334,0.0,0
1596167572.6669097,149.40032958984375,0.0,0
1596167572.6769097,151.2001132965088,0.0,0
1596167572.6869097,153.00247192382812,0.0,0
1596167572.6969097,154.80148315429688,0.0,0
1596167572.7069097,156.600923538208,0.0,0
1596167572.7169096,158.40182304382324,0.0,0
1596167572.7269096,160.20272254943848,0.0,0
1596167572.7369096,162.00134754180908,0.0,0
1596167572.7469096,163.8006591796875,0.0,0
1596167572.7569096,165.6011724472046,0.0,0
1596167572.7669096,167.40095615386963,0.0,0
1596167572.7769096,169.202241897583,0.0,0
1596167572.7869096,171.000394821167,0.0,0
1596167572.7969096,172.80288219451904,0.0,0
1596167572.8069096,174.5998764038086,0.0,0
1596167572.8169096,176.40317916870117,0.0,0
1596167572.8269095,178.20313453674316,0.0,0
1596167572.8369095,180.00025749206543,0.0,0
1596167572.8469095,181.80235862731934,0.0,0
1596167572.8569095,183.6023998260498,0.0,0
1596167572.8669095,185.40063858032227,0.0,0
1596167572.8769095,187.20261096954346,0.0,0
1596167572.8869095,189.00166511535645,0.0,0
1596167572.8969095,190.80230712890625,0.0,0
1596167572.9069095,192.60003089904785,0.0,0
1596167572.9169095,194.40131664276123,0.0,0
1596167572.9269094,196.20182991027832,0.0,0
1596167572.9369094,198.00079822540283,0.0,0
1596167572.9469094,199.8020839691162,0.0,0
1596167572.9569094,201.60130977630615,0.0,0
1596167572.9669094,203.4015655517578,0.0,0
1596167572.9769094,205.2000617980957,0.0,0
1596167572.9869094,207.00199127197266,0.0,0
1596167572.9969094,208.80014419555664,0.0,0
1596167573.0069094,210.60087203979492,0.0,0
1596167573.0169094,212.40267276763916,0.0,0
1596167573.0269094,214.20198440551758,0.0,0
1596167573.0369093,216.000394821167,0.0,0
1596167573.0469093,217.8027105331421,0.0,0
1596167573.0569093,219.60215091705322,0.0,0
1596167573.0669093,221.4012050628662,0.0,0
1596167573.0769093,223.20223331451416,0.0,0
1596167573.0869093,225.0011157989502,0.0,0
1596167573.0969093,226.80094242095947,0.0,0
1596167573.1069093,228.601713180542,0.0,0
1596167573.1169093,230.402569770813,0.0,0
1596167573.1269093,232.20080852508545,0.0,0
1596167573.1369092,234.00187969207764,0.0,0
1596167573.1469092,235.80307960510254,0.0,0
1596167573.1569092,237.6026487350464,0.0,0
1596167573.1669092,239.40260410308838,0.0,0
1596167573.1769092,241.20174407958984,0.0,0
1596167573.1869092,243.00230026245117,0.0,0
1596167573.1969092,244.80191230773926,0.0,0
1596167573.2069092,246.60122394561768,0.0,0
1596167573.2169092,248.4021234512329,0.0,0
1596167573.2269092,250.20169258117676,0.0,0
1596167573.2369092,252.0003604888916,0.0,0
1596167573.2469091,253.80147457122803,0.0,0
1596167573.2569091,255.60057163238525,0.0,0
1596167573.2669091,257.40198612213135,0.0,0
1596167573.276909,259.2023706436157,0.0,0
1596167573.286909,261.0018539428711,0.0,0
1596167573.296909,262.80301094055176,0.0,0
1596167573.306909,264.60227966308594,0.0,0
1596167573.316909,266.40296459198,0.0,0
1596167573.326909,268.2019329071045,0.0,0
1596167573.336909,270.00321865081787,0.0,0
1596167573.346909,271.8009424209595,0.0,0
1596167573.356909,273.6028289794922,0.0,0
1596167573.366909,275.401668548584,0.0,0
1596167573.376909,277.19990730285645,0.0,0
1596167573.386909,279.00054931640625,0.0,0
1596167573.396909,280.7999897003174,0.0,0
1596167573.406909,282.60161876678467,0.0,0
1596167573.416909,284.3999433517456,0.0,0
1596167573.426909,286.2028169631958,0.0,0
1596167573.436909,288.00036907196045,0.0,0
1596167573.446909,289.7998094558716,0.0,0
1596167573.456909,291.60053730010986,0.0,0
1596167573.466909,293.39980602264404,0.0,0
1596167573.476909,295.20259380340576,0.0,0
1596167573.486909,297.0009183883667,0.0,0
1596167573.496909,298.8003158569336,0.0,0
1596167573.506909,300.5997562408447,0.0,0
1596167573.516909,302.40044116973877,0.0,0
1596167573.5269089,304.20151233673096,0.0,0
1596167573.5369089,306.0012102127075,0.0,0
1596167573.5469089,307.80301094055176,0.0,0
1596167573.5569088,309.6017646789551,0.0,0
1596167573.5669088,311.4006471633911,0.0,0
1596167573.5769088,313.2023620605469,0.0,0
1596167573.5869088,315.00150203704834,0.0,0
1596167573.5969088,316.80248737335205,0.0,0
1596167573.6069088,318.6014127731323,0.0,0
1596167573.6169088,320.40149688720703,0.0,0
1596167573.6269088,322.200722694397,0.0,0
1596167573.6369088,324.00187969207764,0.0,0
1596167573.6469088,325.8028221130371,0.0,0
1596167573.6569088,327.6001167297363,0.0,0
1596167573.6669087,329.40032958984375,0.0,0
1596167573.6769087,331.20019912719727,0.0,0
1596167573.6869087,333.00148487091064,0.0,0
1596167573.6969087,334.802942276001,0.0,0
1596167573.7069087,336.60221099853516,0.0,0
1596167573.7169087,338.40027809143066,0.0,0
1596167573.7269087,340.2016067504883,0.0,0
1596167573.7369087,342.00109004974365,0.0,0
1596167573.7469087,343.79980087280273,0.0,0
1596167573.7569087,345.6025457382202,0.0,0
1596167573.7669086,347.4019432067871,0.0,0
1596167573.7769086,349.2028856277466,0.0,0
1596167573.7869086,351.0015535354614,0.0,0
1596167573.7969086,352.801251411438,0.0,0
1596167573.8069086,354.6002197265625,0.0,0
1596167573.8169086,356.40202045440674,0.0,0
1596167573.8269086,358.2023620605469,0.0,0
1596167573.8369086,359.99969959259033,0.0,0
1596167573.8369308,360,0.0,1
1596167573.8369308,0,0,0
1596167573.8469307,1.8018007278442383,0,0
1596167573.8569307,3.601412773132324,0,0
1596167573.8669307,5.402827262878418,0,0
1596167573.8769307,7.200164794921875,0,0
1596167573.8869307,9.00153636932373,0,0
1596167573.8969307,10.801362991333008,0,0
1596167573.9069307,12.601361274719238,0,0
1596167573.9169307,14.40281867980957,0,0
1596167573.9269307,16.202259063720703,0,0
1596167573.9369307,18.002214431762695,0,0
1596167573.9469306,19.801483154296875,0,0
1596167573.9569306,21.6011381149292,0,0
1596167573.9669306,23.40010643005371,0,0
1596167573.9769306,25.200190544128418,0,0
1596167573.9869306,27.002978324890137,0,0
1596167573.9969306,28.800787925720215,0,0
1596167574.0069306,30.600829124450684,0,0
1596167574.0169306,32.4001407623291,0,0
1596167574.0269306,34.20013904571533,0,0
1596167574.0369306,36.00069522857666,0,0
1596167574.0469306,37.80322551727295,0,0
1596167574.0569305,39.60090637207031,0,0
1596167574.0669305,41.40275001525879,0,0
1596167574.0769305,43.201889991760254,0,0
1596167574.0869305,45.00244617462158,0,0
1596167574.0969305,46.80094242095947,0,0
1596167574.1069305,48.60068321228027,0,0
1596167574.1169305,50.40295600891113,0,0
1596167574.1269305,52.202439308166504,0,0
1596167574.1369305,54.000678062438965,0,0
1596167574.1469305,55.80273628234863,0,0
1596167574.1569304,57.600932121276855,0,0
1596167574.1669304,59.401230812072754,0,0
1596167574.1769304,61.20234489440918,0,0
1596167574.1869304,63.001441955566406,0,0
1596167574.1969304,64.8019552230835,0,0
1596167574.2069304,66.60233974456787,0,0
1596167574.2169304,68.40096473693848,0,0
1596167574.2269304,70.20070552825928,0,0
1596167574.2369304,72.00259208679199,0,0
1596167574.2469304,73.80074501037598,0,0
1596167574.2569304,75.60177326202393,0,0
1596167574.2669303,77.40052700042725,0,0
1596167574.2769303,79.20108318328857,0,0
1596167574.2869303,81.00151062011719,0,0
1596167574.2969303,82.80176639556885,0,0
1596167574.3069303,84.60318088531494,0,0
1596167574.3169303,86.3999605178833,0,0
1596167574.3269303,88.20107460021973,0,0
1596167574.3369303,90.0003433227539,0,0
1596167574.3469303,91.8028736114502,0,0
1596167574.3569303,93.60145568847656,0,0
1596167574.3669302,95.40081024169922,0,0
1596167574.3769302,97.2006368637085,0,0
1596167574.3869302,99.0016222000122,0,0
1596167574.3969302,100.80265045166016,0,0
1596167574.4069302,102.60033130645752,0,0
1596167574.4169302,104.40135955810547,0,0
1596167574.4269302,106.2013578414917,0,0
1596167574.4369302,108.0031156539917,0,0
1596167574.4469302,109.80242729187012,0,0
1596167574.4569302,111.60276889801025,0,0
1596167574.4669302,113.40002059936523,0,0
1596167574.4769301,115.19989013671875,0,0
1596167574.4869301,117.0020341873169,0,0
1596167574.4969301,118.80083084106445,0,0
1596167574.50693,120.60048580169678,0,0
1596167574.51693,122.40026950836182,0,0
1596167574.52693,124.20327186584473,0,0
1596167574.53693,126.00193977355957,0,0
1596167574.54693,127.80301094055176,0,0
1596167574.55693,129.6023654937744,0,0
1596167574.56693,131.40305042266846,0,0
1596167574.57693,133.2003879547119,0,0
1596167574.58693,135.0027894973755,0,0
1596167574.59693,136.80038452148438,0,0
1596167574.60693,138.6007261276245,0,0
1596167574.61693,140.4014539718628,0,0
1596167574.62693,142.20325469970703,0,0
1596167574.63693,144.0030813217163,0,0
1596167574.6459699,145.6270408630371,0,0
1596167574.6459699,145.6270408630371,0.0,0
1596167574.64693,145.80183506011963,0.0,0
1596167574.6536028,147.00097560882568,0.0,0
1596167574.6536028,147.00097560882568,0.0,0
1596167574.65693,147.60329246520996,0.0,0
1596167574.66693,149.4007158279419,0.0,0
1596167574.67693,151.20187282562256,0.0,0
1596167574.68693,153.00105571746826,0.0,0
1596167574.69693,154.80169773101807,0.0,0
1596167574.70693,156.60221099853516,0.0,0
1596167574.71693,158.39993476867676,0.0,0
1596167574.72693,160.20057678222656,0.0,0
1596167574.73693,162.00074672698975,0.0,0
1596167574.74693,163.80095958709717,0.0,0
1596167574.7569299,165.60215950012207,0.0,0
1596167574.7669299,167.40301609039307,0.0,0
1596167574.7769299,169.20013904571533,0.0,0
1596167574.7869298,171.0024118423462,0.0,0
1596167574.7969298,172.80129432678223,0.0,0
1596167574.8069298,174.6027946472168,0.0,0
1596167574.8169298,176.40099048614502,0.0,0
1596167574.8269298,178.20051670074463,0.0,0
1596167574.8369298,180.00261783599854,0.0,0
1596167574.8469298,181.80248737335205,0.0,0
1596167574.8569298,183.60085487365723,0.0,0
1596167574.8669298,185.40063858032227,0.0,0
1596167574.8769298,187.2027826309204,0.0,0
1596167574.8869298,189.00119304656982,0.0,0
1596167574.8969297,190.80114841461182,0.0,0
1596167574.9069297,192.5998592376709,0.0,0
1596167574.9169297,194.40144538879395,0.0,0
1596167574.9269297,196.20238780975342,0.0,0
1596167574.9369297,198.00122737884521,0.0,0
1596167574.9469297,199.8016119003296,0.0,0
1596167574.9569297,201.60285472869873,0.0,0
1596167574.9669297,203.4021234512329,0.0,0
1596167574.9769297,205.2009630203247,0.0,0
1596167574.9869297,207.0001459121704,0.0,0
1596167574.9969296,208.8024616241455,0.0,0
1596167575.0069296,210.60293197631836,0.0,0
1596167575.0169296,212.4003553390503,0.0,0
1596167575.0269296,214.2009973526001,0.0,0
1596167575.0369296,216.00211143493652,0.0,0
1596167575.0469296,217.80301094055176,0.0,0
1596167575.0569296,219.60232257843018,0.0,0
1596167575.0669296,221.40279293060303,0.0,0
1596167575.0769296,223.19978713989258,0.0,0
1596167575.0869296,225.0011157989502,0.0,0
1596167575.0969296,226.8015432357788,0.0,0
1596167575.1069295,228.60055446624756,0.0,0
1596167575.1169295,230.40265560150146,0.0,0
1596167575.1269295,232.20166683197021,0.0,0
1596167575.1369295,234.00132179260254,0.0,0
1596167575.1469295,235.80153465270996,0.0,0
1596167575.1569295,237.6025629043579,0.0,0
1596167575.1669295,239.40243244171143,0.0,0
1596167575.1769295,241.2007999420166,0.0,0
1596167575.1869295,242.99993991851807,0.0,0
1596167575.1969295,244.80247020721436,0.0,0
1596167575.2069294,246.59976482391357,0.0,0
1596167575.2169294,248.399977684021,0.0,0
1596167575.2269294,250.20310878753662,0.0,0
1596167575.2369294,252.00173377990723,0.0,0
1596167575.2469294,253.80173206329346,0.0,0
1596167575.2569294,255.60258865356445,0.0,0
1596167575.2669294,257.40267276763916,0.0,0
1596167575.2769294,259.20082569122314,0.0,0
1596167575.2869294,261.00202560424805,0.0,0
1596167575.2969294,262.8004789352417,0.0,0
1596167575.3069293,264.60185050964355,0.0,0
1596167575.3169293,266.40292167663574,0.0,0
1596167575.3269293,268.2019329071045,0.0,0
1596167575.3369293,270.0008153915405,0.0,0
1596167575.3469293,271.7998695373535,0.0,0
1596167575.3569293,273.6023139953613,0.0,0
1596167575.3669293,275.4001235961914,0.0,0
1596167575.3769293,277.2027826309204,0.0,0
1596167575.3869293,279.0012788772583,0.0,0
1596167575.3969293,280.80299377441406,0.0,0
1596167575.4069293,282.6026916503906,0.0,0
1596167575.4169292,284.40256118774414,0.0,0
1596167575.4269292,286.20285987854004,0.0,0
1596167575.4369292,288.00307273864746,0.0,0
1596167575.4469292,289.8014831542969,0.0,0
1596167575.4569292,291.6029405593872,0.0,0
1596167575.4669292,293.40087890625,0.0,0
1596167575.4769292,295.20302295684814,0.0,0
1596167575.4869292,297.00074672698975,0.0,0
1596167575.4969292,298.801474571228,0.0,0
1596167575.5069292,300.6003999710083,0.0,0
1596167575.5169291,302.40142822265625,0.0,0
1596167575.5269291,304.20262813568115,0.0,0
1596167575.5369291,305.9998369216919,0.0,0
1596167575.5469291,307.8025817871094,0.0,0
1596167575.556929,309.6004343032837,0.0,0
1596167575.566929,311.40305042266846,0.0,0
1596167575.576929,313.20021629333496,0.0,0
1596167575.586929,315.0027894973755,0.0,0
1596167575.596929,316.8027877807617,0.0,0
1596167575.606929,318.60033988952637,0.0,0
1596167575.616929,320.4013681411743,0.0,0
1596167575.626929,322.20179557800293,0.0,0
1596167575.636929,324.00213718414307,0.0,0
1596167575.646929,325.80153465270996,0.0,0
1596167575.656929,327.60217666625977,0.0,0
1596167575.666929,329.4025182723999,0.0,0
1596167575.676929,331.2020015716553,0.0,0
1596167575.686929,333.00294399261475,0.0,0
1596167575.696929,334.8013114929199,0.0,0
1596167575.706929,336.600022315979,0.0,0
1596167575.716929,338.40160846710205,0.0,0
1596167575.726929,340.2015209197998,0.0,0
1596167575.736929,342.00109004974365,0.0,0
1596167575.746929,343.80083084106445,0.0,0
1596167575.756929,345.60009956359863,0.0,0
1596167575.766929,347.40232944488525,0.0,0
1596167575.776929,349.202241897583,0.0,0
1596167575.786929,350.99992275238037,0.0,0
1596167575.796929,352.80279636383057,0.0,0
1596167575.8069289,354.60039138793945,0.0,0
1596167575.8169289,356.40223503112793,0.0,0
1596167575.8269289,358.2028341293335,0.0,0
1596167575.836933,360,0.0,1
1596167575.836933,0,0,0
1596167575.846933,1.802659034729004,0,0
1596167575.8569329,3.6031723022460938,0,0
1596167575.8669329,5.40278434753418,0,0
1596167575.8769329,7.2005510330200195,0,0
1596167575.8869328,9.001321792602539,0,0
1596167575.8969328,10.800933837890625,0,0
1596167575.9069328,12.603249549865723,0,0
1596167575.9169328,14.401402473449707,0,0
1596167575.9269328,16.201915740966797,0,0
1596167575.9369328,18.000197410583496,0,0
1596167575.9469328,19.799981117248535,0,0
1596167575.9569328,21.601052284240723,0,0
1596167575.9669328,23.400321006774902,0,0
1596167575.9769328,25.201692581176758,0,0
1596167575.9869328,27.0009183883667,0,0
1596167575.9969327,28.802075386047363,0,0
1596167576.0069327,30.601987838745117,0,0
1596167576.0169327,32.4012565612793,0,0
1596167576.0269327,34.20048236846924,0,0
1596167576.0369327,36.003355979919434,0,0
1596167576.0469327,37.80039310455322,0,0
1596167576.0569327,39.601120948791504,0,0
1596167576.0669327,41.40339374542236,0,0
1596167576.0769327,43.2002592086792,0,0
1596167576.0869327,44.99995708465576,0,0
1596167576.0969326,46.803388595581055,0,0
1596167576.1069326,48.60342979431152,0,0
1596167576.1169326,50.40050983428955,0,0
1596167576.1269326,52.20261096954346,0,0
1596167576.1369326,54.003167152404785,0,0
1596167576.1469326,55.80084800720215,0,0
1596167576.1569326,57.60213375091553,0,0
1596167576.1669326,59.400973320007324,0,0
1596167576.1769326,61.203203201293945,0,0
1596167576.1869326,62.999982833862305,0,0
1596167576.1969326,64.80268478393555,0,0
1596167576.2069325,66.60268306732178,0,0
1596167576.2169325,68.40328216552734,0,0
1596167576.2269325,70.20250797271729,0,0
1596167576.2369325,72.00006008148193,0,0
1596167576.2469325,73.80151748657227,0,0
1596167576.2569325,75.60104370117188,0,0
1596167576.2669325,77.40254402160645,0,0
1596167576.2769325,79.20271396636963,0,0
1596167576.2869325,81.00060939788818,0,0
1596167576.2969325,82.80296802520752,0,0
1596167576.3069324,84.60009098052979,0,0
1596167576.3169324,86.40210628509521,0,0
1596167576.3269324,88.20133209228516,0,0
1596167576.3369324,89.99995708465576,0,0
1596167576.3469324,91.80167198181152,0,0
1596167576.3569324,93.60188484191895,0,0
1596167576.3669324,95.40196895599365,0,0
1596167576.3769324,97.20282554626465,0,0
1596167576.3869324,99.00106430053711,0,0
1596167576.3969324,100.80153465270996,0,0
1596167576.4069324,102.60209083557129,0,0
1596167576.4169323,104.40037250518799,0,0
1596167576.4269323,106.20178699493408,0,0
1596167576.4369323,108.00302982330322,0,0
1596167576.4469323,109.80272769927979,0,0
1596167576.4569323,111.60083770751953,0,0
1596167576.4669323,113.4012222290039,0,0
1596167576.4769323,115.2011775970459,0,0
1596167576.4869323,117.00216293334961,0,0
1596167576.4969323,118.80289077758789,0,0
1596167576.5069323,120.60035705566406,0,0
1596167576.5169322,122.40091323852539,0,0
1596167576.5269322,124.20241355895996,0,0
1596167576.5369322,126.00271224975586,0,0
1596167576.5469322,127.80039310455322,0,0
1596167576.5569322,129.60163593292236,0,0
1596167576.5669322,131.4010763168335,0,0
1596167576.5769322,133.2015895843506,0,0
1596167576.5869322,134.99987125396729,0,0
1596167576.5969322,136.80248737335205,0,0
1596167576.6069322,138.60033988952637,0,0
1596167576.6169322,140.40252685546875,0,0
1596167576.6269321,142.20192432403564,0,0
1596167576.6369321,144.0030813217163,0,0
1596167576.6461937,145.6669521331787,0,0
1596167576.6461937,145.6669521331787,0.0,0
1596167576.6469321,145.80273628234863,0.0,0
1596167576.653826,147.04075813293457,0.0,0
1596167576.653826,147.04075813293457,0.0,0
1596167576.656932,147.60114669799805,0.0,0
1596167576.666932,149.40178871154785,0.0,0
1596167576.676932,151.20174407958984,0.0,0
1596167576.686932,153.0029010772705,0.0,0
1596167576.696932,154.80186939239502,0.0,0
1596167576.706932,156.6022539138794,0.0,0
1596167576.716932,158.4030246734619,0.0,0
1596167576.726932,160.20246505737305,0.0,0
1596167576.736932,162.00139045715332,0.0,0
1596167576.746932,163.80057334899902,0.0,0
1596167576.756932,165.60228824615479,0.0,0
1596167576.766932,167.39988327026367,0.0,0
1596167576.776932,169.20288562774658,0.0,0
1596167576.786932,170.99987983703613,0.0,0
1596167576.796932,172.80176639556885,0.0,0
1596167576.806932,174.60262298583984,0.0,0
1596167576.816932,176.4007329940796,0.0,0
1596167576.826932,178.20146083831787,0.0,0
1596167576.836932,180.0006866455078,0.0,0
1596167576.846932,181.8024444580078,0.0,0
1596167576.856932,183.6000394821167,0.0,0
1596167576.866932,185.39982318878174,0.0,0
1596167576.876932,187.20115184783936,0.0,0
1596167576.886932,189.00089263916016,0.0,0
1596167576.896932,190.80239295959473,0.0,0
1596167576.9069319,192.60127544403076,0.0,0
1596167576.9169319,194.4001579284668,0.0,0
1596167576.9269319,196.20290279388428,0.0,0
1596167576.9369318,198.0024290084839,0.0,0
1596167576.9469318,199.80148315429688,0.0,0
1596167576.9569318,201.60032272338867,0.0,0
1596167576.9669318,203.40229511260986,0.0,0
1596167576.9769318,205.20267963409424,0.0,0
1596167576.9869318,207.0010471343994,0.0,0
1596167576.9969318,208.80276203155518,0.0,0
1596167577.0069318,210.5998420715332,0.0,0
1596167577.0169318,212.40297317504883,0.0,0
1596167577.0269318,214.20181274414062,0.0,0
1596167577.0369318,216.00069522857666,0.0,0
1596167577.0469317,217.80129432678223,0.0,0
1596167577.0569317,219.60086345672607,0.0,0
1596167577.0669317,221.40154838562012,0.0,0
1596167577.0769317,223.2026195526123,0.0,0
1596167577.0869317,225.0011157989502,0.0,0
1596167577.0969317,226.79982662200928,0.0,0
1596167577.1069317,228.6014986038208,0.0,0
1596167577.1169317,230.40003776550293,0.0,0
1596167577.1269317,232.20170974731445,0.0,0
1596167577.1369317,234.00290966033936,0.0,0
1596167577.1469316,235.8024787902832,0.0,0
1596167577.1569316,237.603120803833,0.0,0
1596167577.1669316,239.40256118774414,0.0,0
1596167577.1769316,241.2024736404419,0.0,0
1596167577.1869316,243.0008840560913,0.0,0
1596167577.1969316,244.80113983154297,0.0,0
1596167577.2069316,246.60161018371582,0.0,0
1596167577.2169316,248.40203762054443,0.0,0
1596167577.2269316,250.20031929016113,0.0,0
1596167577.2369316,252.00134754180908,0.0,0
1596167577.2469316,253.80297660827637,0.0,0
1596167577.2569315,255.59988498687744,0.0,0
1596167577.2669315,257.4019432067871,0.0,0
1596167577.2769315,259.2011260986328,0.0,0
1596167577.2869315,261.00215435028076,0.0,0
1596167577.2969315,262.8009080886841,0.0,0
1596167577.3069315,264.600133895874,0.0,0
1596167577.3169315,266.40000343322754,0.0,0
1596167577.3269315,268.2020616531372,0.0,0
1596167577.3369315,270.00085830688477,0.0,0
1596167577.3469315,271.80124282836914,0.0,0
1596167577.3569314,273.60278606414795,0.0,0
1596167577.3669314,275.40209770202637,0.0,0
1596167577.3769314,277.20080852508545,0.0,0
1596167577.3869314,279.0011501312256,0.0,0
1596167577.3969314,280.7999897003174,0.0,0
1596167577.4069314,282.6028633117676,0.0,0
1596167577.4169314,284.40191745758057,0.0,0
1596167577.4269314,286.202130317688,0.0,0
1596167577.4369314,288.0017423629761,0.0,0
1596167577.4469314,289.8000240325928,0.0,0
1596167577.4569314,291.60229682922363,0.0,0
1596167577.4669313,293.4028100967407,0.0,0
1596167577.4769313,295.2027654647827,0.0,0
1596167577.4869313,297.0017337799072,0.0,0
1596167577.4969313,298.80104541778564,0.0,0
1596167577.5069313,300.6025457382202,0.0,0
1596167577.5169313,302.40185737609863,0.0,0
1596167577.5269313,304.2025852203369,0.0,0
1596167577.5369313,306.00000858306885,0.0,0
1596167577.5469313,307.8017234802246,0.0,0
1596167577.5569313,309.6022367477417,0.0,0
1596167577.5669312,311.40292167663574,0.0,0
1596167577.5769312,313.2015037536621,0.0,0
1596167577.5869312,315.00231742858887,0.0,0
1596167577.5969312,316.80150032043457,0.0,0
1596167577.6069312,318.59986782073975,0.0,0
1596167577.6169312,320.4026985168457,0.0,0
1596167577.6269312,322.2011947631836,0.0,0
1596167577.6369312,324.00303840637207,0.0,0
1596167577.6469312,325.7997751235962,0.0,0
1596167577.6569312,327.6020050048828,0.0,0
1596167577.6669312,329.40088748931885,0.0,0
1596167577.6769311,331.20307445526123,0.0,0
1596167577.6869311,333.000283241272,0.0,0
1596167577.6969311,334.79976654052734,0.0,0
1596167577.706931,336.60019397735596,0.0,0
1596167577.716931,338.40014934539795,0.0,0
1596167577.726931,340.2014350891113,0.0,0
1596167577.736931,342.00018882751465,0.0,0
1596167577.746931,343.8018608093262,0.0,0
1596167577.756931,345.60125827789307,0.0,0
1596167577.766931,347.4017286300659,0.0,0
1596167577.776931,349.2014265060425,0.0,0
1596167577.786931,351.00193977355957,0.0,0
1596167577.796931,352.80155181884766,0.0,0
1596167577.806931,354.60227966308594,0.0,0
1596167577.816931,356.40172004699707,0.0,0
1596167577.826931,358.2003450393677,0.0,0
1596167577.8369334,360,0.0,1
1596167577.8369334,0,0,0
1596167577.8469334,1.800684928894043,0,0
1596167577.8569334,3.6020565032958984,0,0
1596167577.8669333,5.401883125305176,0,0
1596167577.8769333,7.201709747314453,0,0
1596167577.8869333,9.001879692077637,0,0
1596167577.8969333,10.800590515136719,0,0
1596167577.9069333,12.600846290588379,0,0
1596167577.9169333,14.40333366394043,0,0
1596167577.9269333,16.20110034942627,0,0
1596167577.9369333,18.00234317779541,0,0
1596167577.9469333,19.80010986328125,0,0
1596167577.9569333,21.60238265991211,0,0
1596167577.9669333,23.401951789855957,0,0
1596167577.9769332,25.200018882751465,0,0
1596167577.9869332,27.0023775100708,0,0
1596167577.9969332,28.800230026245117,0,0
