Type = Mirollor Strogatz (-ish),Function = Peskin,Refract =0.05,Epsilon =0.3,Gamma =3,Start_phase =107
Timestamp,Phase,Offset,Ping?
1596167688,107,0,0
1596167688.01,108.79849624633789,0.5944444444444444,0
1596167688.02,110.59819412231445,0.5944444444444444,0
1596167688.03,112.3972053527832,0.5944444444444444,0
1596167688.04,114.19844818115234,0.5944444444444444,0
1596167688.05,115.99711608886719,0.5944444444444444,0
1596167688.06,117.79887390136719,0.5944444444444444,0
1596167688.07,119.59779930114746,0.5944444444444444,0
1596167688.08,121.39681053161621,0.5944444444444444,0
1596167688.09,123.19616508483887,0.5944444444444444,0
1596167688.1,124.99822330474854,0.5944444444444444,0
1596167688.11,126.7970199584961,0.5944444444444444,0
1596167688.12,128.59920692443848,0.5944444444444444,0
1596167688.1299999,130.39744567871094,0.5944444444444444,0
1596167688.1399999,132.19787311553955,0.5944444444444444,0
1596167688.1499999,133.9989013671875,0.5944444444444444,0
1596167688.1599998,135.7986421585083,0.5944444444444444,0
1596167688.1699998,137.5990695953369,0.5944444444444444,0
1596167688.1799998,139.39850997924805,0.5944444444444444,0
1596167688.1899998,141.19649124145508,0.5944444444444444,0
1596167688.1999998,142.9973907470703,0.5944444444444444,0
1596167688.2099998,144.7961015701294,0.5944444444444444,0
1596167688.2199998,146.5959711074829,0.5944444444444444,0
1596167688.2299998,148.39867305755615,0.5944444444444444,0
1596167688.2399998,150.1985855102539,0.5944444444444444,0
1596167688.2499998,151.99678134918213,0.5944444444444444,0
1596167688.2599998,153.7960500717163,0.5944444444444444,0
1596167688.2699997,155.59797954559326,0.5944444444444444,0
1596167688.2799997,157.39703369140625,0.5944444444444444,0
1596167688.2899997,159.19909191131592,0.5944444444444444,0
1596167688.2999997,160.99784564971924,0.5944444444444444,0
1596167688.3099997,162.79647064208984,0.5944444444444444,0
1596167688.3199997,164.59771347045898,0.5944444444444444,0
1596167688.3299997,166.39595222473145,0.5944444444444444,0
1596167688.3399997,168.1959934234619,0.5944444444444444,0
1596167688.3499997,169.99607753753662,0.5944444444444444,0
1596167688.3599997,171.79654788970947,0.5944444444444444,0
1596167688.3699996,173.59757614135742,0.5944444444444444,0
1596167688.3799996,175.39624404907227,0.5944444444444444,0
1596167688.3899996,177.19787311553955,0.5944444444444444,0
1596167688.3999996,178.99692726135254,0.5944444444444444,0
1596167688.4099996,180.79632472991946,0.5944444444444444,0
1596167688.4199996,182.59829711914065,0.5944444444444444,0
1596167688.4299996,184.39722251892093,0.5944444444444444,0
1596167688.4399996,186.19584751129153,0.5944444444444444,0
1596167688.4499996,187.99807739257815,0.5944444444444444,0
1596167688.4599996,189.79588699340823,0.5944444444444444,0
1596167688.4699996,191.5966148376465,0.5944444444444444,0
1596167688.4799995,193.39820098876956,0.5944444444444444,0
1596167688.4899995,195.19785594940188,0.5944444444444444,0
1596167688.4999995,196.99888420104983,0.5944444444444444,0
1596167688.5099995,198.79742336273196,0.5944444444444444,0
1596167688.5199995,200.59583377838138,0.5944444444444444,0
1596167688.5299995,202.39656162261966,0.5944444444444444,0
1596167688.5399995,204.19677448272708,0.5944444444444444,0
1596167688.5499995,205.99591445922854,0.5944444444444444,0
1596167688.5599995,207.79801559448245,0.5944444444444444,0
1596167688.5699995,209.5983572006226,0.5944444444444444,0
1596167688.5799994,211.39852714538577,0.5944444444444444,0
1596167688.5899994,213.1983108520508,0.5944444444444444,0
1596167688.5999994,214.99890995025638,0.5944444444444444,0
1596167688.6099994,216.79847908020022,0.5944444444444444,0
1596167688.6199994,218.5990781784058,0.5944444444444444,0
1596167688.6299994,220.39753150939944,0.5944444444444444,0
1596167688.6399994,222.1977872848511,0.5944444444444444,0
1596167688.6499994,223.99757099151614,0.5944444444444444,0
1596167688.6599994,225.79756927490237,0.5944444444444444,0
1596167688.6699994,227.59696674346927,0.5944444444444444,0
1596167688.6799994,229.39657878875735,0.5944444444444444,0
1596167688.6899993,231.19833660125735,0.5944444444444444,0
1596167688.6999993,232.99837779998782,0.5944444444444444,0
1596167688.7099993,234.7982044219971,0.5944444444444444,0
1596167688.7199993,236.59807395935061,0.5944444444444444,0
1596167688.7299993,238.39794349670413,0.5944444444444444,0
1596167688.7399993,240.19772720336917,0.5944444444444444,0
1596167688.7499993,241.99588012695315,0.5944444444444444,0
1596167688.7599993,243.79686546325686,0.5944444444444444,0
1596167688.7699993,245.59669208526614,0.5944444444444444,0
1596167688.7799993,247.3977203369141,0.5944444444444444,0
1596167688.7899992,249.19720363616946,0.5944444444444444,0
1596167688.7999992,250.99724483489993,0.5944444444444444,0
1596167688.8099992,252.79586982727054,0.5944444444444444,0
1596167688.8199992,254.5979280471802,0.5944444444444444,0
1596167688.8299992,256.3961238861084,0.5944444444444444,0
1596167688.8399992,258.1978816986084,0.5944444444444444,0
1596167688.8499992,259.9958200454712,0.5944444444444444,0
1596167688.8599992,261.79607582092285,0.5944444444444444,0
1596167688.8699992,263.5965461730957,0.5944444444444444,0
1596167688.8799992,265.39611530303955,0.5944444444444444,0
1596167688.8899992,267.19890308380127,0.5944444444444444,0
1596167688.8999991,268.9976997375488,0.5944444444444444,0
1596167688.9099991,270.79902839660645,0.5944444444444444,0
1596167688.9199991,272.5975675582886,0.5944444444444444,0
1596167688.929999,274.3981237411499,0.5944444444444444,0
1596167688.939999,276.19867992401123,0.5944444444444444,0
1596167688.949999,277.99812030792236,0.5944444444444444,0
1596167688.959999,279.79820442199707,0.5944444444444444,0
1596167688.969999,281.5968723297119,0.5944444444444444,0
1596167688.979999,283.3979434967041,0.5944444444444444,0
1596167688.989999,285.1981134414673,0.5944444444444444,0
1596167688.999999,286.9975109100342,0.5944444444444444,0
1596167689.009999,288.7978096008301,0.5944444444444444,0
1596167689.019999,290.5984516143799,0.5944444444444444,0
1596167689.029999,292.3962182998657,0.5944444444444444,0
1596167689.039999,294.1980619430542,0.5944444444444444,0
1596167689.049999,295.99840354919434,0.5944444444444444,0
1596167689.059999,297.7985305786133,0.5944444444444444,0
1596167689.069999,299.59801387786865,0.5944444444444444,0
1596167689.079999,301.3961238861084,0.5944444444444444,0
1596167689.089999,303.19728088378906,0.5944444444444444,0
1596167689.099999,304.99822330474854,0.5944444444444444,0
1596167689.109999,306.79753494262695,0.5944444444444444,0
1596167689.119999,308.59568786621094,0.5944444444444444,0
1596167689.129999,310.3987331390381,0.5944444444444444,0
1596167689.139999,312.1979160308838,0.5944444444444444,0
1596167689.149999,313.99581146240234,0.5944444444444444,0
1596167689.159999,315.79692554473877,0.5944444444444444,0
1596167689.169999,317.5984687805176,0.5944444444444444,0
1596167689.1799989,319.3980379104614,0.5944444444444444,0
1596167689.1899989,321.1969633102417,0.5944444444444444,0
1596167689.1999989,322.9977340698242,0.5944444444444444,0
1596167689.2099988,324.79897689819336,0.5944444444444444,0
1596167689.2199988,326.59670066833496,0.5944444444444444,0
1596167689.2299988,328.3976001739502,0.5944444444444444,0
1596167689.2399988,330.19854259490967,0.5944444444444444,0
1596167689.2499988,331.9987983703613,0.5944444444444444,0
1596167689.2599988,333.7978525161743,0.5944444444444444,0
1596167689.2699988,335.5972499847412,0.5944444444444444,0
1596167689.2799988,337.39716243743896,0.5944444444444444,0
1596167689.2899988,339.1988344192505,0.5944444444444444,0
1596167689.2999988,340.9981460571289,0.5944444444444444,0
1596167689.3099988,342.79724311828613,0.5944444444444444,0
1596167689.3199987,344.5958251953125,0.5944444444444444,0
1596167689.3299987,346.39595222473145,0.5944444444444444,0
1596167689.3399987,348.19646549224854,0.5944444444444444,0
1596167689.3499987,349.99792289733887,0.5944444444444444,0
1596167689.3599987,351.7975778579712,0.5944444444444444,0
1596167689.3699987,353.59826278686523,0.5944444444444444,0
1596167689.3776667,354.97584533691406,0.5944444444444444,0
1596167689.3776667,354.97584533691406,0.5944444444444444,0
1596167689.3799987,355.398175239563,0.5944444444444444,0
1596167689.3899987,357.19684314727783,0.5944444444444444,0
1596167689.3999987,358.99774265289307,0.5944444444444444,0
1596167689.405583,360,0.5944444444444444,1
1596167689.405583,0,0,0
1596167689.415583,1.8025732040405273,0,0
1596167689.425583,3.6017560958862305,0,0
1596167689.4355829,5.402398109436035,0,0
1596167689.4455829,7.20304012298584,0,0
1596167689.4555829,9.003081321716309,0,0
1596167689.4655828,10.800504684448242,0,0
1596167689.4755828,12.602219581604004,0,0
1596167689.4855828,14.4010591506958,0,0
1596167689.4955828,16.201701164245605,0,0
1596167689.5055828,18.002171516418457,0,0
1596167689.5155828,19.800238609313965,0,0
1596167689.5240307,21.320600509643555,0,0
1596167689.5240307,78.12585369240784,0.31558473990424607,0
1596167689.5255828,78.4079791654303,0.31558473990424607,0
1596167689.5355828,80.20600334298157,0.31558473990424607,0
1596167689.5455828,82.00853363167786,0.31558473990424607,0
1596167689.5555828,83.8063003171637,0.31558473990424607,0
1596167689.5655828,85.60767189156556,0.31558473990424607,0
1596167689.5755827,87.40771309029603,0.31558473990424607,0
1596167689.5855827,89.20676723610902,0.31558473990424607,0
1596167689.5955827,91.00620762002015,0.31558473990424607,0
1596167689.6055827,92.80560508858704,0.31558473990424607,0
1596167689.6155827,94.6069766629889,0.31558473990424607,0
1596167689.6255827,96.4070607770636,0.31558473990424607,0
1596167689.6355827,98.20843235146546,0.31558473990424607,0
1596167689.6455827,100.0056411374762,0.31558473990424607,0
1596167689.6555827,101.80551067482972,0.31558473990424607,0
1596167689.6655827,103.60829845559144,0.31558473990424607,0
1596167689.6755826,105.40756717812562,0.31558473990424607,0
1596167689.6855826,107.20606342446351,0.31558473990424607,0
1596167689.6955826,109.00863662850404,0.31558473990424607,0
1596167689.7055826,110.8068753827765,0.31558473990424607,0
1596167689.7155826,112.60820404183411,0.31558473990424607,0
1596167689.7255826,114.40609947335267,0.31558473990424607,0
1596167689.7355826,116.20725647103333,0.31558473990424607,0
1596167689.7455826,118.00849929940247,0.31558473990424607,0
1596167689.7555826,119.80845466744447,0.31558473990424607,0
1596167689.7655826,121.60519138466859,0.31558473990424607,0
1596167689.7755826,123.40755001198792,0.31558473990424607,0
1596167689.7855825,125.20540252816224,0.31558473990424607,0
1596167689.7955825,127.00788990151429,0.31558473990424607,0
1596167689.8055825,128.80771652352357,0.31558473990424607,0
1596167689.8155825,130.60634151589417,0.31558473990424607,0
1596167689.8255825,132.40659729134583,0.31558473990424607,0
1596167689.8355825,134.2074109662726,0.31558473990424607,0
1596167689.8455825,136.0081817258551,0.31558473990424607,0
1596167689.8555825,137.808480416651,0.31558473990424607,0
1596167689.8655825,139.60667625557923,0.31558473990424607,0
1596167689.8755825,141.40534416329407,0.31558473990424607,0
1596167689.8855824,143.20740238320374,0.31558473990424607,0
1596167689.8955824,145.0052978147223,0.31558473990424607,0
1596167689.9055824,146.80791393410706,0.31558473990424607,0
1596167689.9155824,148.60782638680482,0.31558473990424607,0
1596167689.9255824,150.40572181832337,0.31558473990424607,0
1596167689.9355824,152.20700756203675,0.31558473990424607,0
1596167689.9455824,154.0072633374884,0.31558473990424607,0
1596167689.9555824,155.8068753827765,0.31558473990424607,0
1596167689.9655824,157.60816112648988,0.31558473990424607,0
1596167689.9755824,159.40807357918763,0.31558473990424607,0
1596167689.9855824,161.2068702329352,0.31558473990424607,0
1596167689.9955823,163.0067397702887,0.31558473990424607,0
1596167690.0055823,164.8073817838385,0.31558473990424607,0
1596167690.0155823,166.60725132119202,0.31558473990424607,0
1596167690.0255823,168.40746418129945,0.31558473990424607,0
1596167690.0355823,170.2073766339972,0.31558473990424607,0
1596167690.0455823,172.0073320020392,0.31558473990424607,0
1596167690.0555823,173.8067294706061,0.31558473990424607,0
1596167690.0655823,175.60522571694398,0.31558473990424607,0
1596167690.0755823,177.40749851357484,0.31558473990424607,0
1596167690.0855823,179.20535102974915,0.31558473990424607,0
1596167690.0955822,181.00831047188785,0.31558473990424607,0
1596167690.1055822,182.8075362790778,0.31558473990424607,0
1596167690.1155822,184.60534587990787,0.31558473990424607,0
1596167690.1255822,186.40706077706363,0.31558473990424607,0
1596167690.1355822,188.20628658425358,0.31558473990424607,0
1596167690.1455822,190.00765815865543,0.31558473990424607,0
1596167690.1555822,191.80684105050113,0.31558473990424607,0
1596167690.1655822,193.60842720162418,0.31558473990424607,0
1596167690.1755822,195.40675178658512,0.31558473990424607,0
1596167690.1855822,197.20520511757877,0.31558473990424607,0
1596167690.1955822,199.00807872902897,0.31558473990424607,0
1596167690.2055821,200.80614582192447,0.31558473990424607,0
1596167690.2155821,202.60661617409733,0.31558473990424607,0
1596167690.2255821,204.4056703199103,0.31558473990424607,0
1596167690.235582,206.2076427091315,0.31558473990424607,0
1596167690.245582,208.00708309304264,0.31558473990424607,0
1596167690.255582,209.80819717537906,0.31558473990424607,0
1596167690.265582,211.60519138466861,0.31558473990424607,0
1596167690.275582,213.40724960457828,0.31558473990424607,0
1596167690.285582,215.2058745969489,0.31558473990424607,0
1596167690.295582,217.00716034066227,0.31558473990424607,0
1596167690.305582,218.8056995023444,0.31558473990424607,0
1596167690.315582,220.60586944710758,0.31558473990424607,0
1596167690.325582,222.4074126828864,0.31558473990424607,0
1596167690.335582,224.20655265938785,0.31558473990424607,0
1596167690.345582,226.00809589516666,0.31558473990424607,0
1596167690.355582,227.80667797219303,0.31558473990424607,0
1596167690.365582,229.6074916471198,0.31558473990424607,0
1596167690.375582,231.4068032849982,0.31558473990424607,0
1596167690.385582,233.20538536202457,0.31558473990424607,0
1596167690.395582,235.00701442849186,0.31558473990424607,0
1596167690.405582,236.80795684945133,0.31558473990424607,0
1596167690.415582,238.60546604287174,0.31558473990424607,0
1596167690.425582,240.40666595589664,0.31558473990424607,0
1596167690.435582,242.20589176308658,0.31558473990424607,0
1596167690.445582,244.00511757027652,0.31558473990424607,0
1596167690.455582,245.80507293831852,0.31558473990424607,0
1596167690.465582,247.60833278786686,0.31558473990424607,0
1596167690.475582,249.40695778023746,0.31558473990424607,0
1596167690.4855819,251.20592609536197,0.31558473990424607,0
1596167690.4955819,253.00742641579654,0.31558473990424607,0
1596167690.5055819,254.80686679970768,0.31558473990424607,0
1596167690.5155818,256.6066505063727,0.31558473990424607,0
1596167690.5255818,258.40720668923404,0.31558473990424607,0
1596167690.5355818,260.2060891736701,0.31558473990424607,0
1596167690.5455818,262.0055295575812,0.31558473990424607,0
1596167690.5555818,263.8078023542121,0.31558473990424607,0
1596167690.5655818,265.6073714841559,0.31558473990424607,0
1596167690.5755818,267.407884751673,0.31558473990424607,0
1596167690.5855818,269.2075826276496,0.31558473990424607,0
1596167690.5955818,271.0067655194953,0.31558473990424607,0
1596167690.6055818,272.80680671822574,0.31558473990424607,0
1596167690.6155818,274.60779205452945,0.31558473990424607,0
1596167690.6255817,276.4072753537848,0.31558473990424607,0
1596167690.6355817,278.2053853620246,0.31558473990424607,0
1596167690.6455817,280.0083877195075,0.31558473990424607,0
1596167690.6555817,281.8050386060431,0.31558473990424607,0
1596167690.6655817,283.60525146615055,0.31558473990424607,0
1596167690.6755817,285.4064084638312,0.31558473990424607,0
1596167690.6855817,287.20795169961,0.31558473990424607,0
1596167690.6955817,289.0071345914557,0.31558473990424607,0
1596167690.7055817,290.80713287484195,0.31558473990424607,0
1596167690.7155817,292.6080323804572,0.31558473990424607,0
1596167690.7255816,294.4076444257453,0.31558473990424607,0
1596167690.7355816,296.20502487313297,0.31558473990424607,0
1596167690.7455816,298.00575271737125,0.31558473990424607,0
1596167690.7555816,299.8075534452155,0.31558473990424607,0
1596167690.7655816,301.60738006722477,0.31558473990424607,0
1596167690.7755816,303.40677753579166,0.31558473990424607,0
1596167690.7855816,305.20604625832584,0.31558473990424607,0
1596167690.7955816,307.0073320020392,0.31558473990424607,0
1596167690.8055816,308.80664363991764,0.31558473990424607,0
1596167690.8155816,310.60526863228824,0.31558473990424607,0
1596167690.8255816,312.40500942360904,0.31558473990424607,0
1596167690.8355815,314.2079259504035,0.31558473990424607,0
1596167690.8455815,316.0073234189704,0.31558473990424607,0
1596167690.8555815,317.8057338346198,0.31558473990424607,0
1596167690.8655815,319.60598961007145,0.31558473990424607,0
1596167690.8755815,321.40766159188297,0.31558473990424607,0
1596167690.8855815,323.2055570234015,0.31558473990424607,0
1596167690.8955815,325.00534073006656,0.31558473990424607,0
1596167690.9055815,326.8078281034186,0.31558473990424607,0
1596167690.9155815,328.6070968259528,0.31558473990424607,0
1596167690.9255815,330.4083825696662,0.31558473990424607,0
1596167690.9355814,332.2069217313483,0.31558473990424607,0
1596167690.9455814,334.00593296181705,0.31558473990424607,0
1596167690.9555814,335.8067466367438,0.31558473990424607,0
1596167690.9655814,337.6058007825568,0.31558473990424607,0
1596167690.9755814,339.40704361092594,0.31558473990424607,0
1596167690.9855814,341.20772853982,0.31558473990424607,0
1596167690.9955814,343.0055810559943,0.31558473990424607,0
1596167691.0055814,344.80502143990543,0.31558473990424607,0
1596167691.0155814,346.6059638608649,0.31558473990424607,0
1596167691.0255814,348.407378350611,0.31558473990424607,0
1596167691.0355814,350.2051021207526,0.31558473990424607,0
1596167691.0403998,351.07229248177555,0.31558473990424607,0
1596167691.0403998,351.07229248177555,0.31558473990424607,0
1596167691.0455813,352.00570121895817,0.31558473990424607,0
1596167691.0555813,353.80775943886783,0.31558473990424607,0
1596167691.0655813,355.6074573148444,0.31558473990424607,0
1596167691.0755813,357.40668312203434,0.31558473990424607,0
1596167691.0855813,359.206938897486,0.31558473990424607,0
1596167691.0900033,360,0.31558473990424607,1
1596167691.0900033,0,0,0
1596167691.1000032,1.8024015426635742,0,0
1596167691.1100032,3.6015844345092773,0,0
1596167691.1200032,5.401668548583984,0,0
1596167691.1300032,7.2025251388549805,0,0
1596167691.1400032,9.002180099487305,0,0
1596167691.1500032,10.801148414611816,0,0
1596167691.1600032,12.600116729736328,0,0
1596167691.1700032,14.402689933776855,0,0
1596167691.1800032,16.203246116638184,0,0
1596167691.1900032,18.001656532287598,0,0
1596167691.2000031,19.801654815673828,0,0
1596167691.2100031,21.6011381149292,0,0
1596167691.2200031,23.402466773986816,0,0
1596167691.230003,25.203237533569336,0,0
1596167691.240003,27.00139045715332,0,0
1596167691.250003,28.80263328552246,0,0
1596167691.260003,30.601859092712402,0,0
1596167691.270003,32.401084899902344,0,0
1596167691.280003,34.201598167419434,0,0
1596167691.290003,36.001853942871094,0,0
1596167691.300003,37.80223846435547,0,0
1596167691.310003,39.60275173187256,0,0
1596167691.320003,41.40047550201416,0,0
1596167691.330003,43.20180416107178,0,0
1596167691.340003,45.00004291534424,0,0
1596167691.350003,46.80295944213867,0,0
1596167691.360003,48.601155281066895,0,0
1596167691.370003,50.40003776550293,0,0
1596167691.380003,52.201666831970215,0,0
1596167691.390003,54.00196552276611,0,0
1596167691.400003,55.80286502838135,0,0
1596167691.410003,57.60011672973633,0,0
1596167691.420003,59.4005012512207,0,0
1596167691.430003,61.20058536529541,0,0
1596167691.440003,62.999982833862305,0,0
1596167691.450003,64.80019569396973,0,0
1596167691.460003,66.60311222076416,0,0
1596167691.470003,68.40246677398682,0,0
1596167691.4800029,70.20212173461914,0,0
1596167691.4900029,72.00164794921875,0,0
1596167691.5000029,73.79997253417969,0,0
1596167691.5100029,75.6015157699585,0,0
1596167691.5200028,77.40301609039307,0,0
1596167691.5230145,77.94203281402588,0,0
1596167691.5230145,189.24850580359185,0.6183692943864776,0
1596167691.5300028,190.50656911993707,0.6183692943864776,0
1596167691.5400028,192.30897066260064,0.6183692943864776,0
1596167691.5500028,194.10918352270807,0.6183692943864776,0
1596167691.5600028,195.90961095953668,0.6183692943864776,0
1596167691.5700028,197.70729181433404,0.6183692943864776,0
1596167691.5800028,199.50960752630914,0.6183692943864776,0
1596167691.5900028,201.30681631231988,0.6183692943864776,0
1596167691.6000028,203.10900327826226,0.6183692943864776,0
1596167691.6100028,204.90835783148492,0.6183692943864776,0
1596167691.6200027,206.7081844534942,0.6183692943864776,0
1596167691.6300027,208.50642320776666,0.6183692943864776,0
1596167691.6400027,210.30818102026666,0.6183692943864776,0
1596167691.6500027,212.10693475866998,0.6183692943864776,0
1596167691.6600027,213.9089500632354,0.6183692943864776,0
1596167691.6700027,215.70899126196588,0.6183692943864776,0
1596167691.6800027,217.50903246069635,0.6183692943864776,0
1596167691.6900027,219.3095028128692,0.6183692943864776,0
1596167691.7000027,221.10714075232232,0.6183692943864776,0
1596167691.7100027,222.90705320502008,0.6183692943864776,0
1596167691.7200027,224.70735189581598,0.6183692943864776,0
1596167691.7300026,226.50876638556207,0.6183692943864776,0
1596167691.7400026,228.30850717688287,0.6183692943864776,0
1596167691.7500026,230.10751840735162,0.6183692943864776,0
1596167691.7600026,231.9090187277862,0.6183692943864776,0
1596167691.7700026,233.70802995825494,0.6183692943864776,0
1596167691.7800026,235.50824281836236,0.6183692943864776,0
1596167691.7900026,237.30867025519098,0.6183692943864776,0
1596167691.8000026,239.1077673163482,0.6183692943864776,0
1596167691.8100026,240.90763685370172,0.6183692943864776,0
1596167691.8200026,242.70716306830133,0.6183692943864776,0
1596167691.8300025,244.50767633581842,0.6183692943864776,0
1596167691.8400025,246.30720255041803,0.6183692943864776,0
1596167691.8500025,248.10865995550836,0.6183692943864776,0
1596167691.8600025,249.90981695318902,0.6183692943864776,0
1596167691.8700025,251.70904276037896,0.6183692943864776,0
1596167691.8800025,253.50633737707818,0.6183692943864776,0
1596167691.8900025,255.30685064459527,0.6183692943864776,0
1596167691.9000025,257.1079647269317,0.6183692943864776,0
1596167691.9100025,258.9097225394317,0.6183692943864776,0
1596167691.9200025,260.70671674872125,0.6183692943864776,0
1596167691.9300025,262.5076591696807,0.6183692943864776,0
1596167691.9400024,264.30808660650933,0.6183692943864776,0
1596167691.9500024,266.10941526556695,0.6183692943864776,0
1596167691.9600024,267.9093277182647,0.6183692943864776,0
1596167691.9700024,269.7087251868316,0.6183692943864776,0
1596167691.9800024,271.50683519507135,0.6183692943864776,0
1596167691.9900024,273.3091079917022,0.6183692943864776,0
1596167692.0000024,275.1094925131866,0.6183692943864776,0
1596167692.0100024,276.9073450293609,0.6183692943864776,0
1596167692.0200024,278.707858296878,0.6183692943864776,0
1596167692.0300024,280.50944444800103,0.6183692943864776,0
1596167692.0400023,282.30652448797906,0.6183692943864776,0
1596167692.0500023,284.109355184085,0.6183692943864776,0
1596167692.0600023,285.9088813986846,0.6183692943864776,0
1596167692.0700023,287.70806429053033,0.6183692943864776,0
1596167692.0800023,289.5065605368682,0.6183692943864776,0
1596167692.0900023,291.3088762488433,0.6183692943864776,0
1596167692.1000023,293.10651418829644,0.6183692943864776,0
1596167692.1100023,294.9075424399444,0.6183692943864776,0
1596167692.1200023,296.7095577445098,0.6183692943864776,0
1596167692.1300023,298.5082685675689,0.6183692943864776,0
1596167692.1400023,300.30951139593805,0.6183692943864776,0
1596167692.1500022,302.1075355734893,0.6183692943864776,0
1596167692.1600022,303.90753385687555,0.6183692943864776,0
1596167692.1700022,305.7081329550811,0.6183692943864776,0
1596167692.1800022,307.5087749686309,0.6183692943864776,0
1596167692.1900022,309.30842992926324,0.6183692943864776,0
1596167692.2000022,311.10705492163385,0.6183692943864776,0
1596167692.2100022,312.9062807288238,0.6183692943864776,0
1596167692.2200022,314.7097122397491,0.6183692943864776,0
1596167692.2300022,316.50803682471,0.6183692943864776,0
1596167692.2400022,318.30893633032525,0.6183692943864776,0
1596167692.2500021,320.1094066824981,0.6183692943864776,0
1596167692.2600021,321.9094907965728,0.6183692943864776,0
1596167692.2700021,323.70760080481256,0.6183692943864776,0
1596167692.280002,325.5069553580352,0.6183692943864776,0
1596167692.290002,327.3073398795196,0.6183692943864776,0
1596167692.300002,329.1090976920196,0.6183692943864776,0
1596167692.310002,330.90656397009576,0.6183692943864776,0
1596167692.320002,332.70673391485894,0.6183692943864776,0
1596167692.330002,334.50904962683404,0.6183692943864776,0
1596167692.340002,336.30947706366265,0.6183692943864776,0
1596167692.350002,338.1069433417388,0.6183692943864776,0
1596167692.360002,339.90861532355035,0.6183692943864776,0
1596167692.370002,341.7075407233306,0.6183692943864776,0
1596167692.380002,343.50912687445367,0.6183692943864776,0
1596167692.390002,345.30736562872613,0.6183692943864776,0
1596167692.400002,347.1086084570953,0.6183692943864776,0
1596167692.410002,348.9065897193023,0.6183692943864776,0
1596167692.420002,350.7065450873443,0.6183692943864776,0
1596167692.430002,352.50770208502496,0.6183692943864776,0
1596167692.440002,354.3088161673614,0.6183692943864776,0
1596167692.450002,356.1073553290435,0.6183692943864776,0
1596167692.460002,357.90868398810113,0.6183692943864776,0
1596167692.470002,359.7063648428985,0.6183692943864776,0
1596167692.4716399,360,0.6183692943864776,1
1596167692.4716399,0,0,0
1596167692.4816399,1.8033885955810547,0,0
1596167692.4916399,3.6014556884765625,0,0
1596167692.5016398,5.403385162353516,0,0
1596167692.5116398,7.200636863708496,0,0
1596167692.5216398,9.002223014831543,0,0
1596167692.5316398,10.800762176513672,0,0
1596167692.5416398,12.602734565734863,0,0
1596167692.5516398,14.400458335876465,0,0
1596167692.5616398,16.2033748626709,0,0
1596167692.5716398,18.00182819366455,0,0
1596167692.5816398,19.803156852722168,0,0
1596167692.5916398,21.6005802154541,0,0
1596167692.6016397,23.40190887451172,0,0
1596167692.6116397,25.201005935668945,0,0
1596167692.6216397,27.001733779907227,0,0
1596167692.6316397,28.8006591796875,0,0
1596167692.6416397,30.602288246154785,0,0
1596167692.6516397,32.40318775177002,0,0
1596167692.6616397,34.20198440551758,0,0
1596167692.6716397,36.00236892700195,0,0
1596167692.6816397,37.802367210388184,0,0
1596167692.6916397,39.60322380065918,0,0
1596167692.7016397,41.401848793029785,0,0
1596167692.7116396,43.2002592086792,0,0
1596167692.7216396,45.00343322753906,0,0
1596167692.7316396,46.80180072784424,0,0
1596167692.7416396,48.60231399536133,0,0
1596167692.7516396,50.40081024169922,0,0
1596167692.7556329,51.118741035461426,0,0
1596167692.7556329,130.37673783074555,0.4403222044182452,0
1596167692.7616396,131.46112274895845,0.4403222044182452,0
1596167692.7716396,133.2612497783774,0.4403222044182452,0
1596167692.7816396,135.06137680779634,0.4403222044182452,0
1596167692.7916396,136.8591864086264,0.4403222044182452,0
1596167692.8016396,138.65909886132417,0.4403222044182452,0
1596167692.8116395,140.45836758385835,0.4403222044182452,0
1596167692.8216395,142.26111244927583,0.4403222044182452,0
1596167692.8316395,144.05952286492524,0.4403222044182452,0
1596167692.8416395,145.86063694726167,0.4403222044182452,0
1596167692.8516395,147.65797447930512,0.4403222044182452,0
1596167692.8616395,149.4610626674765,0.4403222044182452,0
1596167692.8716395,151.26106095086274,0.4403222044182452,0
1596167692.8816395,153.06037258874116,0.4403222044182452,0
1596167692.8916395,154.85912632714448,0.4403222044182452,0
1596167692.9016395,156.65835213433442,0.4403222044182452,0
1596167692.9116395,158.4603245235556,0.4403222044182452,0
1596167692.9216394,160.26092362176118,0.4403222044182452,0
1596167692.9316394,162.05808949242768,0.4403222044182452,0
1596167692.9416394,163.85933232079682,0.4403222044182452,0
1596167692.9516394,165.6606180645102,0.4403222044182452,0
1596167692.9616394,167.4588997341269,0.4403222044182452,0
1596167692.9716394,169.25911259423432,0.4403222044182452,0
1596167692.9816394,171.0616428829306,0.4403222044182452,0
1596167692.9916394,172.85940956841645,0.4403222044182452,0
1596167693.0016394,174.65962242852387,0.4403222044182452,0
1596167693.0116394,176.46116566430268,0.4403222044182452,0
1596167693.0216393,178.260820624935,0.4403222044182452,0
1596167693.0316393,180.05863022576509,0.4403222044182452,0
1596167693.0416393,181.86038803826509,0.4403222044182452,0
1596167693.0516393,183.65862679253755,0.4403222044182452,0
1596167693.0616393,185.46072792779145,0.4403222044182452,0
1596167693.0716393,187.26128411065278,0.4403222044182452,0
1596167693.0816393,189.05922245751557,0.4403222044182452,0
1596167693.0916393,190.85844826470552,0.4403222044182452,0
1596167693.1016393,192.65857529412446,0.4403222044182452,0
1596167693.1116393,194.45895981560884,0.4403222044182452,0
1596167693.1216393,196.25960182915864,0.4403222044182452,0
1596167693.1316392,198.06015801201997,0.4403222044182452,0
1596167693.1416392,199.85788178216157,0.4403222044182452,0
1596167693.1516392,201.658094642269,0.4403222044182452,0
1596167693.1616392,203.4592945552939,0.4403222044182452,0
1596167693.1716392,205.26079487572846,0.4403222044182452,0
1596167693.1816392,207.05808949242768,0.4403222044182452,0
1596167693.1916392,208.858645675289,0.4403222044182452,0
1596167693.2016392,210.66104721795259,0.4403222044182452,0
1596167693.2116392,212.4586851574057,0.4403222044182452,0
1596167693.2216392,214.26074337731538,0.4403222044182452,0
1596167693.2316391,216.06099915276704,0.4403222044182452,0
1596167693.2416391,217.8612549282187,0.4403222044182452,0
1596167693.2516391,219.65799164544282,0.4403222044182452,0
1596167693.261639,221.46082234154878,0.4403222044182452,0
1596167693.271639,223.26086354027925,0.4403222044182452,0
1596167693.281639,225.0587589717978,0.4403222044182452,0
1596167693.291639,226.8603022075766,0.4403222044182452,0
1596167693.301639,228.66128754388032,0.4403222044182452,0
1596167693.311639,230.45918297539887,0.4403222044182452,0
1596167693.321639,232.25892376671968,0.4403222044182452,0
1596167693.331639,234.0611536480063,0.4403222044182452,0
1596167693.341639,235.8606798626059,0.4403222044182452,0
1596167693.351639,237.66033482323823,0.4403222044182452,0
1596167693.361639,239.46101975213227,0.4403222044182452,0
1596167693.371639,241.25822853814302,0.4403222044182452,0
1596167693.381639,243.06123089562593,0.4403222044182452,0
1596167693.391639,244.86011338006196,0.4403222044182452,0
1596167693.401639,246.65891003380952,0.4403222044182452,0
1596167693.411639,248.45916580926118,0.4403222044182452,0
1596167693.421639,250.26096653710542,0.4403222044182452,0
1596167693.431639,252.05886196862397,0.4403222044182452,0
1596167693.441639,253.85993313561616,0.4403222044182452,0
1596167693.451639,255.65868687401948,0.4403222044182452,0
1596167693.461639,257.4609596706503,0.4403222044182452,0
1596167693.471639,259.2586405254477,0.4403222044182452,0
1596167693.481639,261.0610849834555,0.4403222044182452,0
1596167693.491639,262.85945248376066,0.4403222044182452,0
1596167693.501639,264.65781998406584,0.4403222044182452,0
1596167693.5116389,266.4584190822714,0.4403222044182452,0
1596167693.5216389,268.26000523339445,0.4403222044182452,0
1596167693.524516,268.7757189251059,0.4403222044182452,0
1596167693.524516,268.7757189251059,0.4403222044182452,0
1596167693.5316389,270.05850147973234,0.4403222044182452,0
1596167693.5416389,271.8582851863974,0.4403222044182452,0
1596167693.5516388,273.6604292369955,0.4403222044182452,0
1596167693.5616388,275.46008419762785,0.4403222044182452,0
1596167693.5716388,277.2578937984579,0.4403222044182452,0
1596167693.5816388,279.0580637432211,0.4403222044182452,0
1596167693.5916388,280.85784744988615,0.4403222044182452,0
1596167693.6016388,282.6596481777304,0.4403222044182452,0
1596167693.6116388,284.45844483147795,0.4403222044182452,0
1596167693.6216388,286.258228538143,0.4403222044182452,0
1596167693.6316388,288.06041550408537,0.4403222044182452,0
1596167693.6416388,289.859941718685,0.4403222044182452,0
1596167693.6516387,291.658824203121,0.4403222044182452,0
1596167693.6616387,293.4594662166708,0.4403222044182452,0
1596167693.6716387,295.25869202386076,0.4403222044182452,0
1596167693.6816387,297.0580465770834,0.4403222044182452,0
1596167693.6916387,298.85795902978117,0.4403222044182452,0
1596167693.7016387,300.658429381954,0.4403222044182452,0
1596167693.7116387,302.4607450939291,0.4403222044182452,0
1596167693.7216387,304.2608292080038,0.4403222044182452,0
1596167693.7316387,306.0583813167685,0.4403222044182452,0
1596167693.7416387,307.8605253673666,0.4403222044182452,0
1596167693.7516387,309.6606953121298,0.4403222044182452,0
1596167693.7616386,311.45781826745207,0.4403222044182452,0
1596167693.7716386,313.2590610958212,0.4403222044182452,0
1596167693.7816386,315.0591452098959,0.4403222044182452,0
1596167693.7916386,316.8584139324301,0.4403222044182452,0
1596167693.8016386,318.6580688930624,0.4403222044182452,0
1596167693.8116386,320.4583675838583,0.4403222044182452,0
1596167693.8216386,322.25879502068693,0.4403222044182452,0
1596167693.8316386,324.06059574853117,0.4403222044182452,0
1596167693.8416386,325.8598215557211,0.4403222044182452,0
1596167693.8516386,327.6578886486166,0.4403222044182452,0
1596167693.8616385,329.45823025475676,0.4403222044182452,0
1596167693.8716385,331.2602455593222,0.4403222044182452,0
1596167693.8816385,333.0591280437582,0.4403222044182452,0
1596167693.8916385,334.86058544884855,0.4403222044182452,0
1596167693.9016385,336.65809464226896,0.4403222044182452,0
1596167693.9116385,338.4603674388998,0.4403222044182452,0
1596167693.9216385,340.26002239953215,0.4403222044182452,0
1596167693.9316385,342.05873322259123,0.4403222044182452,0
1596167693.9416385,343.8609201885336,0.4403222044182452,0
1596167693.9516385,345.6592018581503,0.4403222044182452,0
1596167693.9616385,347.45911431084807,0.4403222044182452,0
1596167693.9716384,349.26074337731535,0.4403222044182452,0
1596167693.9816384,351.0611278987997,0.4403222044182452,0
1596167693.9916384,352.8585083461874,0.4403222044182452,0
1596167694.0016384,354.6646435237997,0.4403222044182452,0
1596167694.0116384,356.45781826745207,0.4403222044182452,0
1596167694.0216384,358.25979065667326,0.4403222044182452,0
1596167694.0313294,360,0.4403222044182452,1
1596167694.0313294,0,0,0
1596167694.0413294,1.8005990982055664,0,0
1596167694.0513294,3.6013269424438477,0,0
1596167694.0613294,5.400938987731934,0,0
1596167694.0713294,7.202568054199219,0,0
1596167694.0813293,9.00205135345459,0,0
1596167694.0913293,10.802907943725586,0,0
1596167694.1013293,12.601318359375,0,0
1596167694.1113293,14.401187896728516,0,0
1596167694.1213293,16.203417778015137,0,0
1596167694.1313293,18.000154495239258,0,0
1596167694.1413293,19.80307102203369,0,0
1596167694.1513293,21.600451469421387,0,0
1596167694.1613293,23.40336799621582,0,0
1596167694.1713293,25.201435089111328,0,0
1596167694.1813293,27.001261711120605,0,0
1596167694.1913292,28.80087375640869,0,0
1596167694.2013292,30.603232383728027,0,0
1596167694.2113292,32.401041984558105,0,0
1596167694.2213292,34.201083183288574,0,0
1596167694.2313292,36.002197265625,0,0
1596167694.2413292,37.80125141143799,0,0
1596167694.2513292,39.602365493774414,0,0
1596167694.2613292,41.40099048614502,0,0
1596167694.2713292,43.20296287536621,0,0
1596167694.2813292,45.00193119049072,0,0
1596167694.2913291,46.80330276489258,0,0
1596167694.3013291,48.602356910705566,0,0
1596167694.3113291,50.40256977081299,0,0
1596167694.321329,52.20076560974121,0,0
1596167694.331329,54.000205993652344,0,0
1596167694.341329,55.80097675323486,0,0
1596167694.351329,57.60226249694824,0,0
1596167694.361329,59.40153121948242,0,0
1596167694.371329,61.2019157409668,0,0
1596167694.381329,63.003201484680176,0,0
1596167694.391329,64.8004961013794,0,0
1596167694.401329,66.60049438476562,0,0
1596167694.411329,68.40203762054443,0,0
1596167694.421329,70.20285129547119,0,0
1596167694.431329,72.0000171661377,0,0
1596167694.441329,73.80095958709717,0,0
1596167694.451329,75.59997081756592,0,0
1596167694.461329,77.40091323852539,0,0
1596167694.471329,79.2021131515503,0,0
1596167694.481329,81.00030899047852,0,0
1596167694.491329,82.80073642730713,0,0
1596167694.501329,84.60009098052979,0,0
1596167694.511329,86.40317916870117,0,0
1596167694.521329,88.20047378540039,0,0
1596167694.531329,90.00004291534424,0,0
1596167694.541329,91.80317401885986,0,0
1596167694.551329,93.60175609588623,0,0
1596167694.561329,95.40085315704346,0,0
1596167694.5713289,97.19999313354492,0,0
1596167694.5813289,99.00132179260254,0,0
1596167694.5913289,100.80200672149658,0,0
1596167694.6013288,102.60239124298096,0,0
1596167694.6113288,104.40080165863037,0,0
1596167694.6213288,106.20260238647461,0,0
1596167694.6313288,108.00041198730469,0,0
1596167694.6413288,109.80302810668945,0,0
1596167694.6513288,111.60040855407715,0,0
1596167694.6613288,113.40190887451172,0,0
1596167694.6713288,115.20070552825928,0,0
1596167694.6813288,117.00087547302246,0,0
1596167694.6913288,118.80224704742432,0,0
1596167694.7013288,120.6020736694336,0,0
1596167694.7113287,122.40018367767334,0,0
1596167694.7213287,124.20314311981201,0,0
1596167694.7313287,126.00305557250977,0,0
1596167694.7413287,127.80236721038818,0,0
1596167694.7433553,128.16465854644775,0,0
1596167694.7433553,360.0,1.2879741191864014,0
1596167694.7434866,360,1.2879741191864014,1
1596167694.7434866,0,0,0
1596167694.7534866,1.8030881881713867,0,0
1596167694.7634866,3.601069450378418,0,0
1596167694.7734866,5.402054786682129,0,0
1596167694.7834866,7.200250625610352,0,0
1596167694.7934866,9.002223014831543,0,0
1596167694.8034866,10.800204277038574,0,0
1596167694.8134866,12.603421211242676,0,0
1596167694.8234866,14.402990341186523,0,0
1596167694.8334866,16.201400756835938,0,0
1596167694.8434865,18.000755310058594,0,0
1596167694.8534865,19.800453186035156,0,0
1596167694.8634865,21.599979400634766,0,0
1596167694.8734865,23.400535583496094,0,0
1596167694.8834865,25.202035903930664,0,0
1596167694.8934865,27.000446319580078,0,0
1596167694.9034865,28.80263328552246,0,0
1596167694.9134865,30.603060722351074,0,0
1596167694.9234865,32.4027156829834,0,0
1596167694.9334865,34.20198440551758,0,0
1596167694.9434865,36.00112438201904,0,0
1596167694.9534864,37.80146598815918,0,0
1596167694.9634864,39.60197925567627,0,0
1596167694.9734864,41.40244960784912,0,0
1596167694.9834864,43.200345039367676,0,0
1596167694.9934864,45.00004291534424,0,0
1596167695.0034864,46.80051326751709,0,0
1596167695.0134864,48.60325813293457,0,0
1596167695.0234864,50.40231227874756,0,0
1596167695.0334864,52.202439308166504,0,0
1596167695.0434864,54.00136470794678,0,0
1596167695.0534863,55.799946784973145,0,0
1596167695.0634863,57.60286331176758,0,0
1596167695.0734863,59.40165996551514,0,0
1596167695.0834863,61.20290279388428,0,0
1596167695.0934863,63.00139904022217,0,0
1596167695.1034863,64.80148315429688,0,0
1596167695.1134863,66.600022315979,0,0
1596167695.1234863,68.40014934539795,0,0
1596167695.1334863,70.20289421081543,0,0
1596167695.1434863,71.99993133544922,0,0
1596167695.1534863,73.80005836486816,0,0
1596167695.1634862,75.60284614562988,0,0
1596167695.1734862,77.40142822265625,0,0
1596167695.1834862,79.20116901397705,0,0
1596167695.1934862,81.00189685821533,0,0
1596167695.2034862,82.80215263366699,0,0
1596167695.2134862,84.60129261016846,0,0
1596167695.2234862,86.40150547027588,0,0
1596167695.2334862,88.20201873779297,0,0
1596167695.2434862,90.0016736984253,0,0
1596167695.2534862,91.79999828338623,0,0
1596167695.2634861,93.60179901123047,0,0
1596167695.2734861,95.40239810943604,0,0
1596167695.2834861,97.2004222869873,0,0
1596167695.293486,99.00024890899658,0,0
1596167695.303486,100.80273628234863,0,0
1596167695.313486,102.60226249694824,0,0
1596167695.323486,104.40170288085938,0,0
1596167695.333486,106.20324611663818,0,0
1596167695.343486,108.00088405609131,0,0
1596167695.353486,109.80281352996826,0,0
1596167695.363486,111.60062313079834,0,0
1596167695.373486,113.40190887451172,0,0
1596167695.383486,115.20066261291504,0,0
1596167695.393486,117.00186252593994,0,0
1596167695.403486,118.80173206329346,0,0
1596167695.413486,120.60082912445068,0,0
1596167695.423486,122.40228652954102,0,0
1596167695.433486,124.20249938964844,0,0
1596167695.443486,126.00095272064209,0,0
1596167695.453486,127.80279636383057,0,0
1596167695.463486,129.60215091705322,0,0
1596167695.473486,131.4027500152588,0,0
1596167695.483486,133.20051670074463,0,0
1596167695.493486,135.00287532806396,0,0
1596167695.503486,136.8021011352539,0,0
1596167695.513486,138.600811958313,0,0
1596167695.523486,140.40209770202637,0,0
1596167695.533486,142.20226764678955,0,0
1596167695.5434859,144.00166511535645,0,0
1596167695.5534859,145.8003330230713,0,0
1596167695.5634859,147.60046005249023,0,0
1596167695.5734859,149.40032958984375,0,0
1596167695.5834858,151.2024736404419,0,0
1596167695.5934858,153.00260066986084,0,0
1596167695.6034858,154.80066776275635,0,0
1596167695.6134858,156.6013526916504,0,0
1596167695.6234858,158.40126514434814,0,0
1596167695.6334858,160.20272254943848,0,0
1596167695.6434858,162.0012617111206,0,0
1596167695.6534858,163.80113124847412,0,0
1596167695.6634858,165.60301780700684,0,0
1596167695.6734858,167.40151405334473,0,0
1596167695.6834857,169.203143119812,0,0
1596167695.6934857,171.00262641906738,0,0
1596167695.7034857,172.80004978179932,0,0
1596167695.7134857,174.6024513244629,0,0
1596167695.7234857,176.40223503112793,0,0
1596167695.7334857,178.20219039916992,0,0
1596167695.7434857,180.00244617462158,0,0
1596167695.7534857,181.80034160614014,0,0
1596167695.7634857,183.6021852493286,0,0
1596167695.7734857,185.40059566497803,0,0
1596167695.7834857,187.19982147216797,0,0
1596167695.7934856,189.00256633758545,0,0
1596167695.8034856,190.80054759979248,0,0
1596167695.8134856,192.600417137146,0,0
1596167695.8234856,194.40032958984375,0,0
1596167695.8334856,196.20122909545898,0,0
1596167695.8434856,198.00260066986084,0,0
1596167695.8534856,199.80199813842773,0,0
1596167695.8634856,201.6024684906006,0,0
1596167695.8734856,203.4015655517578,0,0
1596167695.8834856,205.20122051239014,0,0
1596167695.8934855,206.99988842010498,0,0
1596167695.9034855,208.8023328781128,0,0
1596167695.9134855,210.6031894683838,0,0
1596167695.9234855,212.400484085083,0,0
1596167695.9334855,214.20305728912354,0,0
1596167695.9434855,216.000394821167,0,0
1596167695.9534855,217.80150890350342,0,0
1596167695.9634855,219.60163593292236,0,0
1596167695.9734855,221.40270709991455,0,0
1596167695.9834855,223.20176124572754,0,0
1596167695.9934855,225.0006866455078,0,0
1596167696.0034854,226.8009853363037,0,0
1596167696.0134854,228.59995365142822,0,0
1596167696.0234854,230.4030418395996,0,0
1596167696.0334854,232.20196723937988,0,0
1596167696.0434854,234.00243759155273,0,0
1596167696.0534854,235.8023500442505,0,0
1596167696.0634854,237.60251998901367,0,0
1596167696.0734854,239.40303325653076,0,0
1596167696.0834854,241.19985580444336,0,0
1596167696.0934854,243.00285816192627,0,0
1596167696.1034853,244.800066947937,0,0
1596167696.1134853,246.6005802154541,0,0
1596167696.1234853,248.40152263641357,0,0
1596167696.1334853,250.19976139068604,0,0
1596167696.1434853,252.00173377990723,0,0
1596167696.1534853,253.80061626434326,0,0
1596167696.1634853,255.60237407684326,0,0
1596167696.1734853,257.40095615386963,0,0
1596167696.1834853,259.20172691345215,0,0
1596167696.1934853,261.00249767303467,0,0
1596167696.2034853,262.8006935119629,0,0
1596167696.2134852,264.5997476577759,0,0
1596167696.2234852,266.39991760253906,0,0
1596167696.2334852,268.20266246795654,0,0
1596167696.2434852,269.99974250793457,0,0
1596167696.2534852,271.80115699768066,0,0
1596167696.2634852,273.6012840270996,0,0
1596167696.2734852,275.4028272628784,0,0
1596167696.2834852,277.2020959854126,0,0
1596167696.2934852,279.00299549102783,0,0
1596167696.3034852,280.8021354675293,0,0
1596167696.3134851,282.5998592376709,0,0
1596167696.3234851,284.4009304046631,0,0
1596167696.3334851,286.1997699737549,0,0
1596167696.343485,288.00169944763184,0,0
1596167696.353485,289.7999382019043,0,0
1596167696.363485,291.6012239456177,0,0
1596167696.373485,293.4031105041504,0,0
1596167696.383485,295.20079135894775,0,0
1596167696.393485,297.0011329650879,0,0
1596167696.403485,298.80061626434326,0,0
1596167696.413485,300.60301780700684,0,0
1596167696.423485,302.40052700042725,0,0
1596167696.433485,304.2000961303711,0,0
1596167696.443485,306.00069522857666,0,0
1596167696.453485,307.80232429504395,0,0
1596167696.463485,309.59996223449707,0,0
1596167696.473485,311.4021921157837,0,0
1596167696.483485,313.202919960022,0,0
1596167696.493485,315.00227451324463,0,0
1596167696.503485,316.80047035217285,0,0
1596167696.513485,318.6027431488037,0,0
1596167696.523485,320.40205478668213,0,0
1596167696.533485,322.19982147216797,0,0
1596167696.543485,324.00153636932373,0,0
1596167696.553485,325.80132007598877,0,0
1596167696.563485,327.6006317138672,0,0
1596167696.573485,329.4017457962036,0,0
1596167696.583485,331.20131492614746,0,0
1596167696.5934849,333.0024719238281,0,0
1596167696.6034849,334.80281352996826,0,0
1596167696.6134849,336.60276889801025,0,0
1596167696.6234848,338.4018659591675,0,0
1596167696.6334848,340.2020788192749,0,0
1596167696.6434848,342.0015621185303,0,0
1596167696.6534848,343.8003158569336,0,0
1596167696.6634848,345.6008291244507,0,0
1596167696.6734848,347.3997116088867,0,0
1596167696.6834848,349.20069694519043,0,0
1596167696.6934848,351.00146770477295,0,0
1596167696.7034848,352.80219554901123,0,0
1596167696.7134848,354.60193634033203,0,0
1596167696.7234848,356.4015483856201,0,0
1596167696.7334847,358.20146083831787,0,0
1596167696.7435026,360,0,1
1596167696.7435026,0,0,0
1596167696.7535026,1.803131103515625,0,0
1596167696.7635026,3.6002540588378906,0,0
1596167696.7735026,5.401067733764648,0,0
1596167696.7835026,7.202353477478027,0,0
1596167696.7935026,9.001879692077637,0,0
1596167696.8035026,10.802264213562012,0,0
1596167696.8135026,12.602734565734863,0,0
1596167696.8235025,14.403376579284668,0,0
1596167696.8335025,16.200413703918457,0,0
1596167696.8435025,18.000411987304688,0,0
1596167696.8535025,19.80259895324707,0,0
1596167696.8635025,21.602168083190918,0,0
1596167696.8735025,23.40336799621582,0,0
1596167696.8835025,25.201950073242188,0,0
1596167696.8935025,27.000789642333984,0,0
1596167696.9035025,28.801817893981934,0,0
1596167696.9135025,30.602803230285645,0,0
1596167696.9235024,32.40190029144287,0,0
1596167696.9335024,34.20340061187744,0,0
1596167696.9435024,36.003055572509766,0,0
1596167696.9535024,37.80262470245361,0,0
1596167696.9635024,39.60026264190674,0,0
1596167696.9735024,41.40167713165283,0,0
1596167696.9835024,43.201589584350586,0,0
1596167696.9935024,45.00330448150635,0,0
1596167697.0035024,46.80295944213867,0,0
1596167697.0135024,48.601112365722656,0,0
1596167697.0235023,50.40222644805908,0,0
1596167697.0335023,52.20055103302002,0,0
1596167697.0435023,54.0003776550293,0,0
1596167697.0535023,55.80325126647949,0,0
1596167697.0635023,57.60157585144043,0,0
1596167697.0735023,59.40187454223633,0,0
1596167697.0835023,61.2022590637207,0,0
1596167697.0935023,63.00242900848389,0,0
1596167697.1035023,64.80156898498535,0,0
1596167697.1135023,66.60027980804443,0,0
1596167697.1235023,68.40263843536377,0,0
1596167697.1335022,70.20233631134033,0,0
1596167697.1435022,72.00246334075928,0,0
1596167697.1535022,73.80181789398193,0,0
1596167697.1635022,75.60336112976074,0,0
1596167697.1735022,77.40082740783691,0,0
1596167697.1835022,79.20284271240234,0,0
1596167697.1935022,81.00228309631348,0,0
1596167697.2035022,82.80077934265137,0,0
1596167697.2135022,84.60009098052979,0,0
1596167697.2235022,86.40189170837402,0,0
1596167697.2335021,88.20236206054688,0,0
1596167697.2435021,90.00210285186768,0,0
1596167697.2535021,91.80145740509033,0,0
1596167697.2635021,93.60162734985352,0,0
1596167697.273502,95.40106773376465,0,0
1596167697.283502,97.2009801864624,0,0
1596167697.293502,99.0021800994873,0,0
1596167697.303502,100.80187797546387,0,0
1596167697.313502,102.60136127471924,0,0
1596167697.323502,104.4005012512207,0,0
1596167697.333502,106.20075702667236,0,0
1596167697.343502,108.00225734710693,0,0
1596167697.353502,109.8008394241333,0,0
1596167697.363502,111.60276889801025,0,0
1596167697.373502,113.40272426605225,0,0
1596167697.383502,115.19997596740723,0,0
1596167697.393502,117.0000171661377,0,0
1596167697.403502,118.80104541778564,0,0
1596167697.413502,120.60070037841797,0,0
1596167697.423502,122.40254402160645,0,0
1596167697.433502,124.20241355895996,0,0
1596167697.443502,126.00035190582275,0,0
1596167697.453502,127.8008222579956,0,0
1596167697.463502,129.60073471069336,0,0
1596167697.473502,131.40249252319336,0,0
1596167697.483502,133.2011604309082,0,0
1596167697.493502,134.99991416931152,0,0
1596167697.503502,136.8032169342041,0,0
1596167697.513502,138.60111236572266,0,0
1596167697.5235019,140.40132522583008,0,0
1596167697.5335019,142.2020959854126,0,0
1596167697.5435019,144.00265216827393,0,0
1596167697.5535018,145.80020427703857,0,0
1596167697.5635018,147.6007604598999,0,0
1596167697.5735018,149.40324783325195,0,0
1596167697.5835018,151.20105743408203,0,0
1596167697.5935018,153.00015449523926,0,0
1596167697.6035018,154.8010540008545,0,0
1596167697.6135018,156.60161018371582,0,0
1596167697.6235018,158.4028959274292,0,0
1596167697.6335018,160.20328044891357,0,0
1596167697.6435018,162.00229167938232,0,0
1596167697.6535017,163.80228996276855,0,0
1596167697.6635017,165.60301780700684,0,0
1596167697.6735017,167.40267276763916,0,0
1596167697.6835017,169.20164108276367,0,0
1596167697.6935017,171.00099563598633,0,0
1596167697.7035017,172.80133724212646,0,0
1596167697.7135017,174.6009063720703,0,0
1596167697.7235017,176.40210628509521,0,0
1596167697.7335017,178.20068836212158,0,0
1596167697.7435017,180.00064373016357,0,0
1596167697.7535017,181.80072784423828,0,0
1596167697.7635016,183.60201358795166,0,0
1596167697.7735016,185.40278434753418,0,0
1596167697.7835016,187.2000789642334,0,0
1596167697.7935016,189.00132179260254,0,0
1596167697.8035016,190.80127716064453,0,0
1596167697.8135016,192.60144710540771,0,0
1596167697.8235016,194.4018316268921,0,0
1596167697.8335016,196.20195865631104,0,0
1596167697.8435016,198.00084114074707,0,0
1596167697.8535016,199.80109691619873,0,0
1596167697.8635015,201.6007947921753,0,0
1596167697.8735015,203.4015655517578,0,0
1596167697.8835015,205.20310878753662,0,0
1596167697.8935015,207.00186252593994,0,0
1596167697.9035015,208.80001544952393,0,0
1596167697.9135015,210.60160160064697,0,0
1596167697.9235015,212.4023723602295,0,0
1596167697.9335015,214.2011260986328,0,0
1596167697.9435015,216.0009527206421,0,0
1596167697.9535015,217.80133724212646,0,0
1596167697.9635015,219.60017681121826,0,0
1596167697.9735014,221.4023208618164,0,0
1596167697.9835014,223.20167541503906,0,0
1596167697.9935014,225.0029182434082,0,0
1596167698.0035014,226.80218696594238,0,0
1596167698.0135014,228.6012840270996,0,0
1596167698.0235014,230.4014539718628,0,0
1596167698.0335014,232.20149517059326,0,0
1596167698.0435014,234.00110721588135,0,0
1596167698.0535014,235.80307960510254,0,0
1596167698.0635014,237.60024547576904,0,0
1596167698.0735013,239.40067291259766,0,0
1596167698.0835013,241.20088577270508,0,0
1596167698.0935013,243.0022144317627,0,0
1596167698.1035013,244.80101108551025,0,0
1596167698.1135013,246.60027980804443,0,0
1596167698.1235013,248.40057849884033,0,0
1596167698.1335013,250.20250797271729,0,0
1596167698.1435013,252.00190544128418,0,0
1596167698.1535013,253.80250453948975,0,0
1596167698.1635013,255.6024169921875,0,0
1596167698.1735013,257.40018367767334,0,0
1596167698.1835012,259.20151233673096,0,0
1596167698.1935012,260.9998369216919,0,0
1596167698.2035012,262.8031396865845,0,0
1596167698.2135012,264.59983348846436,0,0
1596167698.2235012,266.40270709991455,0,0
1596167698.2335012,268.20223331451416,0,0
1596167698.2435012,270.0000858306885,0,0
1596167698.2535012,271.8019723892212,0,0
1596167698.2635012,273.60201358795166,0,0
1596167698.2735012,275.4015827178955,0,0
1596167698.2835011,277.20037937164307,0,0
1596167698.2935011,279.0014934539795,0,0
1596167698.3035011,280.8026933670044,0,0
1596167698.3135011,282.60015964508057,0,0
1596167698.323501,284.400372505188,0,0
1596167698.333501,286.20028495788574,0,0
1596167698.343501,288.001184463501,0,0
1596167698.353501,289.8019552230835,0,0
1596167698.363501,291.59985065460205,0,0
1596167698.373501,293.4007930755615,0,0
1596167698.383501,295.20259380340576,0,0
1596167698.393501,297.00040340423584,0,0
1596167698.403501,298.8004446029663,0,0
1596167698.413501,300.6030607223511,0,0
1596167698.423501,302.4029731750488,0,0
1596167698.433501,304.20048236846924,0,0
1596167698.443501,305.99992275238037,0,0
1596167698.453501,307.80219554901123,0,0
1596167698.463501,309.6021509170532,0,0
1596167698.473501,311.400089263916,0,0
1596167698.483501,313.20064544677734,0,0
1596167698.493501,315.00296115875244,0,0
1596167698.503501,316.80270195007324,0,0
1596167698.513501,318.60055446624756,0,0
1596167698.523501,320.4017972946167,0,0
1596167698.533501,322.201452255249,0,0
1596167698.543501,324.0010643005371,0,0
1596167698.553501,325.80106258392334,0,0
1596167698.563501,327.6008892059326,0,0
1596167698.5735009,329.40157413482666,0,0
1596167698.5835009,331.20105743408203,0,0
1596167698.5935009,333.001012802124,0,0
1596167698.6035008,334.8003673553467,0,0
1596167698.6135008,336.6019535064697,0,0
1596167698.6235008,338.40173721313477,0,0
1596167698.6335008,340.20134925842285,0,0
1596167698.6435008,342.0024633407593,0,0
1596167698.6535008,343.79992961883545,0,0
1596167698.6635008,345.60142993927,0,0
1596167698.6735008,347.4012565612793,0,0
1596167698.6835008,349.2016410827637,0,0
1596167698.6935008,351.0009527206421,0,0
1596167698.7035007,352.80198097229004,0,0
1596167698.7135007,354.6023225784302,0,0
1596167698.7235007,356.40236377716064,0,0
1596167698.7335007,358.19965839385986,0,0
1596167698.743519,360,0,1
1596167698.743519,0,0,0
1596167698.753519,1.8017148971557617,0,0
1596167698.763519,3.600640296936035,0,0
1596167698.773519,5.400552749633789,0,0
1596167698.783519,7.2011518478393555,0,0
1596167698.793519,9.000506401062012,0,0
1596167698.803519,10.803337097167969,0,0
1596167698.813519,12.60307788848877,0,0
1596167698.823519,14.40084457397461,0,0
1596167698.833519,16.201701164245605,0,0
1596167698.843519,18.001914024353027,0,0
1596167698.853519,19.801955223083496,0,0
1596167698.863519,21.601567268371582,0,0
1596167698.873519,23.40040683746338,0,0
1596167698.883519,25.20139217376709,0,0
1596167698.893519,27.000575065612793,0,0
1596167698.903519,28.803105354309082,0,0
1596167698.913519,30.60091495513916,0,0
1596167698.923519,32.40061283111572,0,0
1596167698.933519,34.202284812927246,0,0
1596167698.9435189,36.00146770477295,0,0
1596167698.9535189,37.80262470245361,0,0
1596167698.9635189,39.60197925567627,0,0
1596167698.9735188,41.4025354385376,0,0
1596167698.9835188,43.20141792297363,0,0
1596167698.9935188,45.00175952911377,0,0
1596167699.0035188,46.80008411407471,0,0
1596167699.0135188,48.601927757263184,0,0
1596167699.0235188,50.401883125305176,0,0
1596167699.0335188,52.202696800231934,0,0
1596167699.0435188,54.00003433227539,0,0
1596167699.0535188,55.80325126647949,0,0
1596167699.0635188,57.602691650390625,0,0
1596167699.0735188,59.40238952636719,0,0
1596167699.0835187,61.199984550476074,0,0
1596167699.0935187,63.00015449523926,0,0
1596167699.1035187,64.80105400085449,0,0
1596167699.1135187,66.60191059112549,0,0
1596167699.1235187,68.4023380279541,0,0
1596167699.1335187,70.20289421081543,0,0
1596167699.1435187,72.00242042541504,0,0
1596167699.1535187,73.80005836486816,0,0
1596167699.1635187,75.60181617736816,0,0
1596167699.1735187,77.4021577835083,0,0
1596167699.1835186,79.20202732086182,0,0
1596167699.1935186,81.00271224975586,0,0
1596167699.2035186,82.80099391937256,0,0
1596167699.2135186,84.60163593292236,0,0
1596167699.2235186,86.40240669250488,0,0
1596167699.2335186,88.20334911346436,0,0
1596167699.2435186,90.00163078308105,0,0
1596167699.2535186,91.80184364318848,0,0
1596167699.2635186,93.60197067260742,0,0
1596167699.2735186,95.40072441101074,0,0
1596167699.2835186,97.20037937164307,0,0
1596167699.2935185,99.00205135345459,0,0
1596167699.3035185,100.80260753631592,0,0
1596167699.3135185,102.60033130645752,0,0
1596167699.3235185,104.4010591506958,0,0
1596167699.3335185,106.20182991027832,0,0
1596167699.3435185,108.00238609313965,0,0
1596167699.3535185,109.80208396911621,0,0
1596167699.3635185,111.60216808319092,0,0
1596167699.3735185,113.40036392211914,0,0
1596167699.3835185,115.20336627960205,0,0
1596167699.3935184,117.0014762878418,0,0
1596167699.4035184,118.80241870880127,0,0
1596167699.4135184,120.60314655303955,0,0
1596167699.4235184,122.40142822265625,0,0
1596167699.4335184,124.20275688171387,0,0
1596167699.4435184,126.00168228149414,0,0
1596167699.4535184,127.80210971832275,0,0
1596167699.4635184,129.6002197265625,0,0
1596167699.4735184,131.39987468719482,0,0
1596167699.4835184,133.20034503936768,0,0
1596167699.4935184,135.00038623809814,0,0
1596167699.5035183,136.80132865905762,0,0
1596167699.5135183,138.60222816467285,0,0
1596167699.5235183,140.39986610412598,0,0
1596167699.5335183,142.2026538848877,0,0
1596167699.5435183,144.00209426879883,0,0
1596167699.5535183,145.8015775680542,0,0
1596167699.5635183,147.6025629043579,0,0
1596167699.5735183,149.4010591506958,0,0
1596167699.5835183,151.20174407958984,0,0
1596167699.5935183,153.00195693969727,0,0
1596167699.6035182,154.8022985458374,0,0
1596167699.6135182,156.60289764404297,0,0
1596167699.6235182,158.40096473693848,0,0
1596167699.6335182,160.2000617980957,0,0
1596167699.6435182,162.00246334075928,0,0
1596167699.6535182,163.80117416381836,0,0
1596167699.6635182,165.60142993927002,0,0
1596167699.6735182,167.40078449249268,0,0
1596167699.6835182,169.200439453125,0,0
1596167699.6935182,171.00292682647705,0,0
1596167699.7035182,172.8027105331421,0,0
1596167699.7135181,174.60159301757812,0,0
1596167699.7235181,176.40021800994873,0,0
1596167699.7335181,178.20021629333496,0,0
1596167699.743518,180.00141620635986,0,0
1596167699.753518,181.80248737335205,0,0
1596167699.763518,183.60124111175537,0,0
1596167699.773518,185.4015827178955,0,0
1596167699.783518,187.20308303833008,0,0
1596167699.793518,189.00029182434082,0,0
1596167699.803518,190.8006763458252,0,0
1596167699.813518,192.6029920578003,0,0
1596167699.823518,194.40101623535156,0,0
1596167699.833518,196.20019912719727,0,0
1596167699.843518,198.00238609313965,0,0
1596167699.853518,199.80045318603516,0,0
1596167699.863518,201.60186767578125,0,0
1596167699.873518,203.40027809143066,0,0
1596167699.883518,205.20092010498047,0,0
1596167699.893518,207.00177669525146,0,0
1596167699.903518,208.80091667175293,0,0
1596167699.913518,210.60258865356445,0,0
1596167699.923518,212.401385307312,0,0
1596167699.933518,214.20031070709229,0,0
1596167699.943518,216.00048065185547,0,0
1596167699.953518,217.8006935119629,0,0
1596167699.963518,219.60004806518555,0,0
1596167699.973518,221.4028787612915,0,0
1596167699.983518,223.20098876953125,0,0
1596167699.9935179,225.00012874603271,0,0
1596167700.0035179,226.80094242095947,0,0
1596167700.0135179,228.60252857208252,0,0
1596167700.0235178,230.40239810943604,0,0
1596167700.0335178,232.20145225524902,0,0
1596167700.0435178,233.99990558624268,0,0
1596167700.0535178,235.80050468444824,0,0
1596167700.0635178,237.60149002075195,0,0
1596167700.0735178,239.4014024734497,0,0
1596167700.0835178,241.202130317688,0,0
1596167700.0935178,243.00225734710693,0,0
1596167700.1035178,244.80096817016602,0,0
1596167700.1135178,246.60302639007568,0,0
1596167700.1235178,248.4016513824463,0,0
1596167700.1335177,250.20177841186523,0,0
1596167700.1435177,252.00061798095703,0,0
1596167700.1535177,253.80027294158936,0,0
1596167700.1635177,255.6029748916626,0,0
1596167700.1735177,257.40318775177,0,0
1596167700.1835177,259.1999673843384,0,0
1596167700.1935177,261.00000858306885,0,0
1596167700.2035177,262.80077934265137,0,0
1596167700.2135177,264.60073471069336,0,0
1596167700.2235177,266.39991760253906,0,0
1596167700.2335176,268.2021474838257,0,0
1596167700.2435176,270.00150203704834,0,0
1596167700.2535176,271.8030023574829,0,0
1596167700.2635176,273.6021852493286,0,0
1596167700.2735176,275.40029525756836,0,0
1596167700.2835176,277.20059394836426,0,0
1596167700.2935176,279.00076389312744,0,0
1596167700.3035176,280.801362991333,0,0
1596167700.3135176,282.60239124298096,0,0
1596167700.3235176,284.400372505188,0,0
1596167700.3335176,286.20075702667236,0,0
1596167700.3435175,288.0024719238281,0,0
1596167700.3535175,289.802942276001,0,0
1596167700.3635175,291.6025972366333,0,0
1596167700.3735175,293.40216636657715,0,0
1596167700.3835175,295.2002763748169,0,0
1596167700.3935175,297.0025062561035,0,0
1596167700.4035175,298.8017749786377,0,0
1596167700.4135175,300.60237407684326,0,0
1596167700.4235175,302.40129947662354,0,0
1596167700.4335175,304.20005321502686,0,0
1596167700.4435174,306.00249767303467,0,0
1596167700.4535174,307.80245304107666,0,0
1596167700.4635174,309.60116386413574,0,0
1596167700.4735174,311.40069007873535,0,0
1596167700.4835174,313.2021903991699,0,0
1596167700.4935174,315.0030040740967,0,0
1596167700.5035174,316.80089950561523,0,0
1596167700.5135174,318.6006832122803,0,0
1596167700.5235174,320.4002094268799,0,0
1596167700.5335174,322.201452255249,0,0
1596167700.5435174,324.0007209777832,0,0
1596167700.5535173,325.8003330230713,0,0
1596167700.5635173,327.6005458831787,0,0
1596167700.5735173,329.40281867980957,0,0
1596167700.5835173,331.20208740234375,0,0
1596167700.5935173,333.0001974105835,0,0
1596167700.6035173,334.8016119003296,0,0
1596167700.6135173,336.6019535064697,0,0
1596167700.6235173,338.4002351760864,0,0
1596167700.6335173,340.20087718963623,0,0
1596167700.6435173,342.0027208328247,0,0
1596167700.6535172,343.800745010376,0,0
1596167700.6635172,345.6016445159912,0,0
1596167700.6735172,347.40267276763916,0,0
1596167700.6835172,349.20305728912354,0,0
1596167700.6935172,351.00043773651123,0,0
1596167700.7035172,352.80086517333984,0,0
1596167700.7135172,354.5998764038086,0,0
1596167700.7235172,356.40103340148926,0,0
1596167700.7335172,358.2003879547119,0,0
1596167700.7435312,360,0,1
1596167700.7435312,0,0,0
1596167700.7535312,1.8004274368286133,0,0
1596167700.7635312,3.6023569107055664,0,0
1596167700.7735312,5.401325225830078,0,0
1596167700.7835312,7.200336456298828,0,0
1596167700.7935312,9.00230884552002,0,0
1596167700.8035312,10.8015775680542,0,0
1596167700.8135312,12.602434158325195,0,0
1596167700.8235312,14.401531219482422,0,0
1596167700.8335311,16.202688217163086,0,0
1596167700.8435311,18.00084114074707,0,0
1596167700.8535311,19.801783561706543,0,0
1596167700.863531,21.6031551361084,0,0
1596167700.873531,23.40311050415039,0,0
1596167700.883531,25.202808380126953,0,0
1596167700.893531,27.00164794921875,0,0
1596167700.903531,28.800358772277832,0,0
1596167700.913531,30.60168743133545,0,0
1596167700.923531,32.40001201629639,0,0
1596167700.933531,34.20112609863281,0,0
1596167700.943531,36.00327014923096,0,0
1596167700.953531,37.803053855895996,0,0
1596167700.963531,39.600563049316406,0,0
1596167700.973531,41.400346755981445,0,0
1596167700.983531,43.20043087005615,0,0
1596167700.993531,45.00218868255615,0,0
1596167701.003531,46.801371574401855,0,0
1596167701.013531,48.60231399536133,0,0
1596167701.023531,50.400681495666504,0,0
1596167701.033531,52.20196723937988,0,0
1596167701.043531,54.0027379989624,0,0
1596167701.053531,55.80076217651367,0,0
1596167701.063531,57.60028839111328,0,0
1596167701.073531,59.40299034118652,0,0
1596167701.083531,61.2028169631958,0,0
1596167701.093531,63.00333023071289,0,0
1596167701.103531,64.8017406463623,0,0
1596167701.1135309,66.60010814666748,0,0
1596167701.1235309,68.40169429779053,0,0
1596167701.1335309,70.19997596740723,0,0
1596167701.1435308,72.00006008148193,0,0
1596167701.1535308,73.80228996276855,0,0
1596167701.1635308,75.60117244720459,0,0
1596167701.1735308,77.40232944488525,0,0
1596167701.1835308,79.2027997970581,0,0
1596167701.1935308,81.00146770477295,0,0
1596167701.2035308,82.80009269714355,0,0
1596167701.2135308,84.60318088531494,0,0
1596167701.2235308,86.40047550201416,0,0
1596167701.2335308,88.20184707641602,0,0
1596167701.2435308,90.0011157989502,0,0
1596167701.2535307,91.8000841140747,0,0
1596167701.2635307,93.59995365142822,0,0
1596167701.2735307,95.40312767028809,0,0
1596167701.2835307,97.20282554626465,0,0
1596167701.2935307,99.00209426879883,0,0
1596167701.3035307,100.80041885375977,0,0
1596167701.3135307,102.60011672973633,0,0
1596167701.3235307,104.40028667449951,0,0
1596167701.3335307,106.20298862457275,0,0
1596167701.3435307,108.00169944763184,0,0
1596167701.3535306,109.80328559875488,0,0
1596167701.3635306,111.60045146942139,0,0
1596167701.3735306,113.40100765228271,0,0
1596167701.3835306,115.20001888275146,0,0
1596167701.3935306,117.00160503387451,0,0
1596167701.4035306,118.80083084106445,0,0
1596167701.4135306,120.6015157699585,0,0
1596167701.4235306,122.40138530731201,0,0
1596167701.4335306,124.20262813568115,0,0
1596167701.4435306,126.00172519683838,0,0
1596167701.4535306,127.79987812042236,0,0
1596167701.4635305,129.6000051498413,0,0
1596167701.4735305,131.40193462371826,0,0
1596167701.4835305,133.2004737854004,0,0
1596167701.4935305,135.00163078308105,0,0
1596167701.5035305,136.80059909820557,0,0
1596167701.5135305,138.6029577255249,0,0
1596167701.5235305,140.40226936340332,0,0
1596167701.5335305,142.20110893249512,0,0
1596167701.5435305,144.00046348571777,0,0
1596167701.5535305,145.80110549926758,0,0
1596167701.5635304,147.60088920593262,0,0
1596167701.5735304,149.4005012512207,0,0
1596167701.5835304,151.20328903198242,0,0
1596167701.5935304,153.00122737884521,0,0
1596167701.6035304,154.80096817016602,0,0
1596167701.6135304,156.6029405593872,0,0
1596167701.6235304,158.40087890625,0,0
1596167701.6335304,160.20023345947266,0,0
1596167701.6435304,162.00027465820312,0,0
1596167701.6535304,163.80203247070312,0,0
1596167701.6635303,165.59997081756592,0,0
1596167701.6735303,167.40026950836182,0,0
1596167701.6835303,169.20026779174805,0,0
1596167701.6935303,171.00155353546143,0,0
1596167701.7035303,172.80245304107666,0,0
1596167701.7135303,174.6007776260376,0,0
1596167701.7235303,176.40021800994873,0,0
1596167701.7335303,178.20231914520264,0,0
1596167701.7435303,180.00012874603271,0,0
1596167701.7535303,181.80004119873047,0,0
1596167701.7635303,183.60021114349365,0,0
1596167701.7735302,185.40287017822266,0,0
1596167701.7835302,187.20003604888916,0,0
1596167701.7935302,189.00076389312744,0,0
1596167701.8035302,190.8002471923828,0,0
1596167701.8135302,192.60144710540771,0,0
1596167701.8235302,194.4007158279419,0,0
1596167701.8335302,196.20118618011475,0,0
1596167701.8435302,198.00152778625488,0,0
1596167701.8535302,199.80156898498535,0,0
1596167701.8635302,201.60088062286377,0,0
1596167701.8735301,203.39989185333252,0,0
1596167701.8835301,205.2013921737671,0,0
1596167701.8935301,207.00229167938232,0,0
1596167701.9035301,208.79992961883545,0,0
1596167701.91353,210.60215950012207,0,0
1596167701.92353,212.40074157714844,0,0
1596167701.93353,214.2012119293213,0,0
1596167701.94353,215.99987983703613,0,0
1596167701.95353,217.80052185058594,0,0
1596167701.96353,219.60266590118408,0,0
1596167701.97353,221.3998317718506,0,0
1596167701.98353,223.2006025314331,0,0
1596167701.99353,225.0031328201294,0,0
1596167702.00353,226.799955368042,0,0
1596167702.01353,228.6001682281494,0,0
1596167702.02353,230.4003381729126,0,0
1596167702.03353,232.20256805419922,0,0
1596167702.04353,234.00033473968506,0,0
1596167702.05353,235.80114841461182,0,0
1596167702.06353,237.6029920578003,0,0
1596167702.07353,239.40088748931885,0,0
1596167702.08353,241.20234489440918,0,0
1596167702.09353,243.0029010772705,0,0
1596167702.10353,244.80199813842773,0,0
1596167702.11353,246.6005802154541,0,0
1596167702.12353,248.4019947052002,0,0
1596167702.13353,250.20066261291504,0,0
1596167702.14353,252.0010471343994,0,0
1596167702.15353,253.8012170791626,0,0
1596167702.1635299,255.60250282287598,0,0
1596167702.1735299,257.4016857147217,0,0
1596167702.1835299,259.2027997970581,0,0
1596167702.1935298,261.00271224975586,0,0
1596167702.2035298,262.79974937438965,0,0
1596167702.2135298,264.59996223449707,0,0
1596167702.2235298,266.40137672424316,0,0
1596167702.2335298,268.20197582244873,0,0
1596167702.2435298,270.0024890899658,0,0
1596167702.2535298,271.8028736114502,0,0
1596167702.2635298,273.60029697418213,0,0
1596167702.2735298,275.4013252258301,0,0
1596167702.2835298,277.1998643875122,0,0
1596167702.2935297,279.00076389312744,0,0
1596167702.3035297,280.8012342453003,0,0
1596167702.3135297,282.6016616821289,0,0
1596167702.3235297,284.4010591506958,0,0
1596167702.3335297,286.20084285736084,0,0
1596167702.3435297,288.0030298233032,0,0
1596167702.3535297,289.80113983154297,0,0
1596167702.3635297,291.6025114059448,0,0
1596167702.3735297,293.40113639831543,0,0
1596167702.3835297,295.2022075653076,0,0
1596167702.3935297,297.00233459472656,0,0
1596167702.4035296,298.80151748657227,0,0
1596167702.4135296,300.60147285461426,0,0
1596167702.4235296,302.40241527557373,0,0
1596167702.4335296,304.20207023620605,0,0
1596167702.4435296,306.0003089904785,0,0
1596167702.4535296,307.8006935119629,0,0
1596167702.4635296,309.60296630859375,0,0
1596167702.4735296,311.4010763168335,0,0
1596167702.4835296,313.202919960022,0,0
1596167702.4935296,315.0005578994751,0,0
1596167702.5035295,316.80201530456543,0,0
1596167702.5135295,318.600811958313,0,0
1596167702.5235295,320.40029525756836,0,0
1596167702.5335295,322.2028684616089,0,0
1596167702.5435295,324.0018367767334,0,0
1596167702.5535295,325.80063343048096,0,0
1596167702.5635295,327.60015964508057,0,0
1596167702.5735295,329.40123081207275,0,0
1596167702.5835295,331.2029457092285,0,0
1596167702.5935295,333.00225734710693,0,0
1596167702.6035295,334.802942276001,0,0
1596167702.6135294,336.6016960144043,0,0
1596167702.6235294,338.4014368057251,0,0
1596167702.6335294,340.20010471343994,0,0
1596167702.6435294,342.0019054412842,0,0
1596167702.6535294,343.8016891479492,0,0
1596167702.6635294,345.6001853942871,0,0
1596167702.6735294,347.4028015136719,0,0
1596167702.6835294,349.19983863830566,0,0
1596167702.6935294,351.0008239746094,0,0
1596167702.7035294,352.80288219451904,0,0
1596167702.7135293,354.6023654937744,0,0
1596167702.7235293,356.4028787612915,0,0
1596167702.7335293,358.2023620605469,0,0
1596167702.7435446,360,0,1
1596167702.7435446,0,0,0
1596167702.7535446,1.8027019500732422,0,0
1596167702.7635446,3.602614402770996,0,0
1596167702.7735445,5.40128231048584,0,0
1596167702.7835445,7.202181816101074,0,0
1596167702.7935445,9.00179386138916,0,0
1596167702.8035445,10.800461769104004,0,0
1596167702.8135445,12.600932121276855,0,0
1596167702.8235445,14.401874542236328,0,0
1596167702.8335445,16.20333194732666,0,0
1596167702.8435445,18.002729415893555,0,0
1596167702.8535445,19.800453186035156,0,0
1596167702.8635445,21.601009368896484,0,0
1596167702.8735445,23.401436805725098,0,0
1596167702.8835444,25.200533866882324,0,0
1596167702.8935444,27.00061798095703,0,0
1596167702.9035444,28.801517486572266,0,0
1596167702.9135444,30.603275299072266,0,0
1596167702.9235444,32.401041984558105,0,0
1596167702.9335444,34.20211315155029,0,0
1596167702.9435444,36.00013732910156,0,0
1596167702.9535444,37.80275344848633,0,0
1596167702.9635444,39.60017681121826,0,0
1596167702.9735444,41.401634216308594,0,0
1596167702.9835443,43.20326328277588,0,0
1596167702.9935443,45.000600814819336,0,0
