Type = Mirollor Strogatz (-ish),Function = Peskin,Refract =0.05,Epsilon =0.3,Gamma =3,Start_phase =31
Timestamp,Phase,Offset,Ping?
1596167638,31,0,0
1596167638.01,32.79549217224121,0.17222222222222222,0
1596167638.02,34.594675064086914,0.17222222222222222,0
1596167638.03,36.394930839538574,0.17222222222222222,0
1596167638.04,38.19574451446533,0.17222222222222222,0
1596167638.05,39.996644020080566,0.17222222222222222,0
1596167638.06,41.79531192779541,0.17222222222222222,0
1596167638.07,43.59513854980469,0.17222222222222222,0
1596167638.08,45.39715385437012,0.17222222222222222,0
1596167638.09,47.19565010070801,0.17222222222222222,0
1596167638.1,48.99667835235596,0.17222222222222222,0
1596167638.11,50.79491710662842,0.17222222222222222,0
1596167638.12,52.59543037414551,0.17222222222222222,0
1596167638.1299999,54.39542865753174,0.17222222222222222,0
1596167638.1399999,56.1951265335083,0.17222222222222222,0
1596167638.1499999,57.99435234069824,0.17222222222222222,0
1596167638.1599998,59.794565200805664,0.17222222222222222,0
1596167638.1699998,61.594563484191895,0.17222222222222222,0
1596167638.1799998,63.3972225189209,0.17222222222222222,0
1596167638.1899998,65.19486045837402,0.17222222222222222,0
1596167638.1999998,66.99597454071045,0.17222222222222222,0
1596167638.2099998,68.79511451721191,0.17222222222222222,0
1596167638.2199998,70.59712982177734,0.17222222222222222,0
1596167638.2299998,72.39665603637695,0.17222222222222222,0
1596167638.2399998,74.1947660446167,0.17222222222222222,0
1596167638.2499998,75.99725341796875,0.17222222222222222,0
1596167638.2599998,77.79489135742188,0.17222222222222222,0
1596167638.2699997,79.5960054397583,0.17222222222222222,0
1596167638.2799997,81.39669036865234,0.17222222222222222,0
1596167638.2899997,83.19544410705566,0.17222222222222222,0
1596167638.2999997,84.9943265914917,0.17222222222222222,0
1596167638.3099997,86.79445362091064,0.17222222222222222,0
1596167638.3199997,88.59642601013184,0.17222222222222222,0
1596167638.3299997,90.39685344696046,0.17222222222222222,0
1596167638.3399997,92.19659423828126,0.17222222222222222,0
1596167638.3499997,93.99680709838869,0.17222222222222222,0
1596167638.3599997,95.79654788970949,0.17222222222222222,0
1596167638.3699996,97.59581661224367,0.17222222222222222,0
1596167638.3799996,99.39714527130128,0.17222222222222222,0
1596167638.3899996,101.19538402557374,0.17222222222222222,0
1596167638.3999996,102.99465274810792,0.17222222222222222,0
1596167638.4099996,104.79508018493654,0.17222222222222222,0
1596167638.4199996,106.59700965881349,0.17222222222222222,0
1596167638.4299996,108.39748001098634,0.17222222222222222,0
1596167638.4399996,110.19507503509523,0.17222222222222222,0
1596167638.4499996,111.99644660949708,0.17222222222222222,0
1596167638.4599996,113.79700279235841,0.17222222222222222,0
1596167638.4699996,115.59597110748292,0.17222222222222222,0
1596167638.4799995,117.39472484588624,0.17222222222222222,0
1596167638.4899995,119.19712638854982,0.17222222222222222,0
1596167638.4999995,120.99596595764162,0.17222222222222222,0
1596167638.5099995,122.79626464843751,0.17222222222222222,0
1596167638.5199995,124.59724998474123,0.17222222222222222,0
1596167638.5299995,126.39677619934083,0.17222222222222222,0
1596167638.5399995,128.1975040435791,0.17222222222222222,0
1596167638.5499995,129.99561405181885,0.17222222222222222,0
1596167638.5599995,131.79423904418945,0.17222222222222222,0
1596167638.5699995,133.5967264175415,0.17222222222222222,0
1596167638.5799994,135.3963384628296,0.17222222222222222,0
1596167638.5899994,137.19487762451172,0.17222222222222222,0
1596167638.5999994,138.99590587615967,0.17222222222222222,0
1596167638.6099994,140.79440212249756,0.17222222222222222,0
1596167638.6199994,142.59465789794922,0.17222222222222222,0
1596167638.6299994,144.39439868927002,0.17222222222222222,0
1596167638.6399994,146.19628524780273,0.17222222222222222,0
1596167638.6499994,147.9947385787964,0.17222222222222222,0
1596167638.6599994,149.7964105606079,0.17222222222222222,0
1596167638.6699994,151.59649467468262,0.17222222222222222,0
1596167638.6799994,153.39748001098633,0.17222222222222222,0
1596167638.6899993,155.19692039489746,0.17222222222222222,0
1596167638.6999993,156.99442958831787,0.17222222222222222,0
1596167638.7099993,158.794771194458,0.17222222222222222,0
1596167638.7199993,160.5967435836792,0.17222222222222222,0
1596167638.7299993,162.39451026916504,0.17222222222222222,0
1596167638.7399993,164.1944227218628,0.17222222222222222,0
1596167638.7499993,165.99600887298584,0.17222222222222222,0
1596167638.7599993,167.79540634155273,0.17222222222222222,0
1596167638.7699993,169.59742164611816,0.17222222222222222,0
1596167638.7799993,171.396089553833,0.17222222222222222,0
1596167638.7899992,173.19711780548096,0.17222222222222222,0
1596167638.7999992,174.99497032165527,0.17222222222222222,0
1596167638.8099992,176.79488277435303,0.17222222222222222,0
1596167638.8199992,178.59556770324707,0.17222222222222222,0
1596167638.8299992,180.39453601837158,0.17222222222222222,0
1596167638.8399992,182.19560718536377,0.17222222222222222,0
1596167638.8499992,183.99453258514404,0.17222222222222222,0
1596167638.8599992,185.79470252990723,0.17222222222222222,0
1596167638.8699992,187.59624576568604,0.17222222222222222,0
1596167638.8799992,189.39735984802246,0.17222222222222222,0
1596167638.8899992,191.1958131790161,0.17222222222222222,0
1596167638.8999991,192.9967555999756,0.17222222222222222,0
1596167638.9099991,194.7959384918213,0.17222222222222222,0
1596167638.9199991,196.59662342071533,0.17222222222222222,0
1596167638.929999,198.39516258239746,0.17222222222222222,0
1596167638.939999,200.19623374938965,0.17222222222222222,0
1596167638.949999,201.99661827087402,0.17222222222222222,0
1596167638.959999,203.7964448928833,0.17222222222222222,0
1596167638.969999,205.59712982177734,0.17222222222222222,0
1596167638.979999,207.39609813690186,0.17222222222222222,0
1596167638.989999,209.19459438323975,0.17222222222222222,0
1596167638.999999,210.9958372116089,0.17222222222222222,0
1596167639.009999,212.79725170135498,0.17222222222222222,0
1596167639.019999,214.59729290008545,0.17222222222222222,0
1596167639.029999,216.39617538452148,0.17222222222222222,0
1596167639.039999,218.1949291229248,0.17222222222222222,0
1596167639.049999,219.99449825286865,0.17222222222222222,0
1596167639.059999,221.79492568969727,0.17222222222222222,0
1596167639.069999,223.59462356567383,0.17222222222222222,0
1596167639.079999,225.39582347869873,0.17222222222222222,0
1596167639.089999,227.19560718536377,0.17222222222222222,0
1596167639.099999,228.99715042114258,0.17222222222222222,0
1596167639.109999,230.7962474822998,0.17222222222222222,0
1596167639.119999,232.59573078155518,0.17222222222222222,0
1596167639.129999,234.3974027633667,0.17222222222222222,0
1596167639.139999,236.19409656524658,0.17222222222222222,0
1596167639.149999,237.9959831237793,0.17222222222222222,0
1596167639.159999,239.7964105606079,0.17222222222222222,0
1596167639.169999,241.59589385986328,0.17222222222222222,0
1596167639.1799989,243.39696502685547,0.17222222222222222,0
1596167639.1899989,245.19597625732422,0.17222222222222222,0
1596167639.1999989,246.99618911743164,0.17222222222222222,0
1596167639.2099988,248.79640197753906,0.17222222222222222,0
1596167639.2125545,249.25400829315186,0.17222222222222222,0
1596167639.2125545,249.25400829315186,0.17222222222222222,0
1596167639.2199988,250.59554195404053,0.17222222222222222,0
1596167639.2299988,252.39562606811523,0.17222222222222222,0
1596167639.2399988,254.19437980651855,0.17222222222222222,0
1596167639.2499988,255.9957513809204,0.17222222222222222,0
1596167639.2599988,257.7947196960449,0.17222222222222222,0
1596167639.2699988,259.5960054397583,0.17222222222222222,0
1596167639.2799988,261.3963899612427,0.17222222222222222,0
1596167639.2899988,263.19497203826904,0.17222222222222222,0
1596167639.2999988,264.99458408355713,0.17222222222222222,0
1596167639.3099988,266.79604148864746,0.17222222222222222,0
1596167639.3199987,268.5953531265259,0.17222222222222222,0
1596167639.3299987,270.39728260040283,0.17222222222222222,0
1596167639.3399987,272.1962938308716,0.17222222222222222,0
1596167639.3499987,273.9971504211426,0.17222222222222222,0
1596167639.3599987,275.79560375213623,0.17222222222222222,0
1596167639.3699987,277.59525871276855,0.17222222222222222,0
1596167639.3799987,279.3946990966797,0.17222222222222222,0
1596167639.3899987,281.19615650177,0.17222222222222222,0
1596167639.3999987,282.99491024017334,0.17222222222222222,0
1596167639.4099987,284.79576683044434,0.17222222222222222,0
1596167639.4199986,286.5964517593384,0.17222222222222222,0
1596167639.4299986,288.3954200744629,0.17222222222222222,0
1596167639.4399986,290.19408798217773,0.17222222222222222,0
1596167639.4499986,291.9970474243164,0.17222222222222222,0
1596167639.4551787,292.9263792037964,0.17222222222222222,0
1596167639.4551787,292.9263792037964,0.17222222222222222,0
1596167639.4599986,293.79412746429443,0.17222222222222222,0
1596167639.4699986,295.5957565307617,0.17222222222222222,0
1596167639.4799986,297.39506816864014,0.17222222222222222,0
1596167639.4899986,299.1969976425171,0.17222222222222222,0
1596167639.4999986,300.99467849731445,0.17222222222222222,0
1596167639.5099986,302.7949342727661,0.17222222222222222,0
1596167639.5199986,304.5953617095947,0.17222222222222222,0
1596167639.5299985,306.39523124694824,0.17222222222222222,0
1596167639.5399985,308.1968173980713,0.17222222222222222,0
1596167639.5499985,309.9953565597534,0.17222222222222222,0
1596167639.5599985,311.79445362091064,0.17222222222222222,0
1596167639.5699985,313.5943660736084,0.17222222222222222,0
1596167639.5799985,315.39427852630615,0.17222222222222222,0
1596167639.5899985,317.1966371536255,0.17222222222222222,0
1596167639.5999985,318.99620628356934,0.17222222222222222,0
1596167639.6099985,320.7945308685303,0.17222222222222222,0
1596167639.6199985,322.59594535827637,0.17222222222222222,0
1596167639.6299984,324.397274017334,0.17222222222222222,0
1596167639.6399984,326.194354057312,0.17222222222222222,0
1596167639.6499984,327.99568271636963,0.17222222222222222,0
1596167639.6599984,329.7961959838867,0.17222222222222222,0
1596167639.6699984,331.59520721435547,0.17222222222222222,0
1596167639.6799984,333.3961067199707,0.17222222222222222,0
1596167639.6899984,335.1956329345703,0.17222222222222222,0
1596167639.6999984,336.99563121795654,0.17222222222222222,0
1596167639.7099984,338.7949857711792,0.17222222222222222,0
1596167639.7199984,340.59700107574463,0.17222222222222222,0
1596167639.7299984,342.3963985443115,0.17222222222222222,0
1596167639.7399983,344.1967830657959,0.17222222222222222,0
1596167639.7499983,345.99467849731445,0.17222222222222222,0
1596167639.7599983,347.7955780029297,0.17222222222222222,0
1596167639.7699983,349.5955333709717,0.17222222222222222,0
1596167639.7799983,351.3948450088501,0.17222222222222222,0
1596167639.7899983,353.195143699646,0.17222222222222222,0
1596167639.7999983,354.9968156814575,0.17222222222222222,0
1596167639.8099983,356.7956552505493,0.17222222222222222,0
1596167639.8199983,358.59440898895264,0.17222222222222222,0
1596167639.8278155,360,0.17222222222222222,1
1596167639.8278155,0,0,0
1596167639.8378155,1.8027877807617188,0,0
1596167639.8478155,3.6005544662475586,0,0
1596167639.8578155,5.402827262878418,0,0
1596167639.8678155,7.2032976150512695,0,0
1596167639.8778155,9.002695083618164,0,0
1596167639.8878155,10.800118446350098,0,0
1596167639.8978155,12.600245475769043,0,0
1596167639.9078155,14.403419494628906,0,0
1596167639.9178154,16.20058536529541,0,0
1596167639.9278154,18.000712394714355,0,0
1596167639.9378154,19.800496101379395,0,0
1596167639.9478154,21.601438522338867,0,0
1596167639.9578154,23.40160846710205,0,0
1596167639.9678154,25.20315170288086,0,0
1596167639.9778154,27.00066089630127,0,0
1596167639.9878154,28.802289962768555,0,0
1596167639.9978154,30.601558685302734,0,0
1596167640.0078154,32.40065574645996,0,0
1596167640.0178154,34.200096130371094,0,0
1596167640.0278153,36.002798080444336,0,0
1596167640.0378153,37.8019380569458,0,0
1596167640.0478153,39.602065086364746,0,0
1596167640.0578153,41.40116214752197,0,0
1596167640.0678153,43.20274829864502,0,0
1596167640.0778153,45.001587867736816,0,0
1596167640.0878153,46.800642013549805,0,0
1596167640.0978153,48.600640296936035,0,0
1596167640.1078153,50.400638580322266,0,0
1596167640.1178153,52.202439308166504,0,0
1596167640.1278152,54.003424644470215,0,0
1596167640.1378152,55.80054759979248,0,0
1596167640.1478152,57.60282039642334,0,0
1596167640.1578152,59.402217864990234,0,0
1596167640.1678152,61.20204448699951,0,0
1596167640.1778152,63.00264358520508,0,0
1596167640.1878152,64.80191230773926,0,0
1596167640.1978152,66.60221099853516,0,0
1596167640.2078152,68.40281009674072,0,0
1596167640.2178152,70.20083427429199,0,0
1596167640.2278152,72.00242042541504,0,0
1596167640.2378151,73.80014419555664,0,0
1596167640.2478151,75.60198783874512,0,0
1596167640.2578151,77.40245819091797,0,0
1596167640.267815,79.20048236846924,0,0
1596167640.277815,81.00043773651123,0,0
1596167640.287815,82.8001356124878,0,0
1596167640.297815,84.6007776260376,0,0
1596167640.307815,86.40103340148926,0,0
1596167640.317815,88.20193290710449,0,0
1596167640.327815,90.00261783599854,0,0
1596167640.337815,91.80128574371338,0,0
1596167640.347815,93.60081195831299,0,0
1596167640.357815,95.40055274963379,0,0
1596167640.367815,97.20089435577393,0,0
1596167640.377815,99.00132179260254,0,0
1596167640.387815,100.80097675323486,0,0
1596167640.397815,102.60101795196533,0,0
1596167640.407815,104.40277576446533,0,0
1596167640.417815,106.20007038116455,0,0
1596167640.427815,108.00320148468018,0,0
1596167640.437815,109.80302810668945,0,0
1596167640.447815,111.60242557525635,0,0
1596167640.457815,113.40276718139648,0,0
1596167640.467815,115.2006196975708,0,0
1596167640.477815,117.0020341873169,0,0
1596167640.487815,118.80216121673584,0,0
1596167640.497815,120.60125827789307,0,0
1596167640.507815,122.4027156829834,0,0
1596167640.5178149,124.20310020446777,0,0
1596167640.5278149,126.00224018096924,0,0
1596167640.5378149,127.80326843261719,0,0
1596167640.5478148,129.60107803344727,0,0
1596167640.5578148,131.40184879302979,0,0
1596167640.5678148,133.2020616531372,0,0
1596167640.5778148,135.00047206878662,0,0
1596167640.5878148,136.80094242095947,0,0
1596167640.5978148,138.60201358795166,0,0
1596167640.6078148,140.40059566497803,0,0
1596167640.6178148,142.20218181610107,0,0
1596167640.6278148,144.00157928466797,0,0
1596167640.6378148,145.80265045166016,0,0
1596167640.6478148,147.60303497314453,0,0
1596167640.6578147,149.4005012512207,0,0
1596167640.6678147,151.2002420425415,0,0
1596167640.6778147,153.0003261566162,0,0
1596167640.6878147,154.80126857757568,0,0
1596167640.6978147,156.59993648529053,0,0
1596167640.7078147,158.4028959274292,0,0
1596167640.7178147,160.200834274292,0,0
1596167640.7278147,162.0014762878418,0,0
1596167640.7378147,163.80216121673584,0,0
1596167640.7478147,165.60254573822021,0,0
1596167640.7578146,167.4021577835083,0,0
1596167640.7678146,169.20142650604248,0,0
1596167640.7778146,171.00314140319824,0,0
1596167640.7878146,172.80077934265137,0,0
1596167640.7978146,174.60193634033203,0,0
1596167640.8040361,175.7197093963623,0,0
1596167640.8040361,175.7197093963623,0.0,0
1596167640.8078146,176.40133380889893,0.0,0
1596167640.8178146,178.2019329071045,0.0,0
1596167640.8278146,180.00081539154053,0.0,0
1596167640.8378146,181.80089950561523,0.0,0
1596167640.8478146,183.60248565673828,0.0,0
1596167640.8578146,185.40042400360107,0.0,0
1596167640.8678145,187.20261096954346,0.0,0
1596167640.8778145,189.000506401062,0.0,0
1596167640.8878145,190.80162048339844,0.0,0
1596167640.8978145,192.60028839111328,0.0,0
1596167640.9004247,193.06965351104736,0.0,0
1596167640.9004247,193.06965351104736,0.0,0
1596167640.9078145,194.40144538879395,0.0,0
1596167640.9178145,196.20234489440918,0.0,0
1596167640.9278145,198.0001974105835,0.0,0
1596167640.9378145,199.8007106781006,0.0,0
1596167640.9478145,201.60010814666748,0.0,0
1596167640.9578145,203.40216636657715,0.0,0
1596167640.9678144,205.20074844360352,0.0,0
1596167640.9778144,206.99984550476074,0.0,0
1596167640.9878144,208.8024616241455,0.0,0
1596167640.9978144,210.60177326202393,0.0,0
1596167641.0078144,212.40009784698486,0.0,0
1596167641.0178144,214.20151233673096,0.0,0
1596167641.0278144,216.00065231323242,0.0,0
1596167641.0378144,217.80168056488037,0.0,0
1596167641.0478144,219.60034847259521,0.0,0
1596167641.0578144,221.40099048614502,0.0,0
1596167641.0678144,223.2022762298584,0.0,0
1596167641.0778143,225.00081539154053,0.0,0
1596167641.0878143,226.80059909820557,0.0,0
1596167641.0978143,228.59991073608398,0.0,0
1596167641.1078143,230.40287017822266,0.0,0
1596167641.1178143,232.20110893249512,0.0,0
1596167641.1278143,234.0005922317505,0.0,0
1596167641.1378143,235.80196380615234,0.0,0
1596167641.1478143,237.60024547576904,0.0,0
1596167641.1578143,239.40118789672852,0.0,0
1596167641.1678143,241.20174407958984,0.0,0
1596167641.1778142,243.00049781799316,0.0,0
1596167641.1878142,244.80289936065674,0.0,0
1596167641.1978142,246.6016960144043,0.0,0
1596167641.2078142,248.40306758880615,0.0,0
1596167641.2178142,250.20190715789795,0.0,0
1596167641.2278142,252.0012617111206,0.0,0
1596167641.2378142,253.8012170791626,0.0,0
1596167641.2478142,255.60215950012207,0.0,0
1596167641.2578142,257.402286529541,0.0,0
1596167641.2678142,259.2015552520752,0.0,0
1596167641.2778141,261.0008239746094,0.0,0
1596167641.2878141,262.8009080886841,0.0,0
1596167641.2978141,264.601035118103,0.0,0
1596167641.3078141,266.4012908935547,0.0,0
1596167641.317814,268.20197582244873,0.0,0
1596167641.327814,270.0018882751465,0.0,0
1596167641.337814,271.8002986907959,0.0,0
1596167641.347814,273.6006832122803,0.0,0
1596167641.357814,275.4023551940918,0.0,0
1596167641.367814,277.20282554626465,0.0,0
1596167641.377814,279.0023946762085,0.0,0
1596167641.387814,280.79973220825195,0.0,0
1596167641.397814,282.6029920578003,0.0,0
1596167641.407814,284.4023895263672,0.0,0
1596167641.417814,286.20161533355713,0.0,0
1596167641.427814,288.0010986328125,0.0,0
1596167641.437814,289.80010986328125,0.0,0
1596167641.447814,291.6030263900757,0.0,0
1596167641.457814,293.4029817581177,0.0,0
1596167641.467814,295.2006196975708,0.0,0
1596167641.477814,297.00121879577637,0.0,0
1596167641.487814,298.80048751831055,0.0,0
1596167641.497814,300.600528717041,0.0,0
1596167641.507814,302.40155696868896,0.0,0
1596167641.517814,304.1999673843384,0.0,0
1596167641.527814,306.0010814666748,0.0,0
1596167641.537814,307.8012943267822,0.0,0
1596167641.547814,309.6009922027588,0.0,0
1596167641.557814,311.400089263916,0.0,0
1596167641.5678139,313.1997013092041,0.0,0
1596167641.5778139,315.0025749206543,0.0,0
1596167641.5878139,316.80047035217285,0.0,0
1596167641.5978138,318.59978199005127,0.0,0
1596167641.6078138,320.4005527496338,0.0,0
1596167641.6178138,322.2009801864624,0.0,0
1596167641.6278138,324.00157928466797,0.0,0
1596167641.6378138,325.7999038696289,0.0,0
1596167641.6478138,327.6003313064575,0.0,0
1596167641.6578138,329.39998626708984,0.0,0
1596167641.6678138,331.2000274658203,0.0,0
1596167641.6778138,333.00139904022217,0.0,0
1596167641.6878138,334.8004961013794,0.0,0
1596167641.6978137,336.60233974456787,0.0,0
1596167641.7078137,338.4000635147095,0.0,0
1596167641.7178137,340.20001888275146,0.0,0
1596167641.7278137,342.00066089630127,0.0,0
1596167641.7378137,343.8016891479492,0.0,0
1596167641.7478137,345.6004858016968,0.0,0
1596167641.7578137,347.40099906921387,0.0,0
1596167641.7678137,349.20219898223877,0.0,0
1596167641.7778137,350.9998369216919,0.0,0
1596167641.7878137,352.801251411438,0.0,0
1596167641.7978137,354.6028804779053,0.0,0
1596167641.8078136,356.40090465545654,0.0,0
1596167641.8178136,358.20098876953125,0.0,0
1596167641.8278182,360,0.0,1
1596167641.8278182,0,0,0
1596167641.8378181,1.8001699447631836,0,0
1596167641.8478181,3.6005544662475586,0,0
1596167641.8578181,5.402398109436035,0,0
1596167641.867818,7.2005510330200195,0,0
1596167641.877818,9.00106430053711,0,0
1596167641.887818,10.80329418182373,0,0
1596167641.897818,12.600502967834473,0,0
1596167641.907818,14.40007209777832,0,0
1596167641.917818,16.200284957885742,0,0
1596167641.927818,18.001270294189453,0,0
1596167641.937818,19.801440238952637,0,0
1596167641.947818,21.600322723388672,0,0
1596167641.957818,23.40139389038086,0,0
1596167641.967818,25.20267963409424,0,0
1596167641.977818,27.00014591217041,0,0
1596167641.987818,28.802719116210938,0,0
1596167641.997818,30.60318946838379,0,0
1596167642.007818,32.4006986618042,0,0
1596167642.017818,34.20035362243652,0,0
1596167642.027818,36.00026607513428,0,0
1596167642.037818,37.80296802520752,0,0
1596167642.047818,39.601335525512695,0,0
1596167642.057818,41.403136253356934,0,0
1596167642.067818,43.20098876953125,0,0
1596167642.077818,45.00107288360596,0,0
1596167642.087818,46.800899505615234,0,0
1596167642.097818,48.60008239746094,0,0
1596167642.107818,50.40098190307617,0,0
1596167642.1178179,52.20231056213379,0,0
1596167642.1278179,54.00080680847168,0,0
1596167642.1378179,55.80029010772705,0,0
1596167642.1478179,57.60003089904785,0,0
1596167642.1578178,59.40011501312256,0,0
1596167642.1678178,61.20075702667236,0,0
1596167642.1778178,63.003201484680176,0,0
1596167642.1878178,64.80148315429688,0,0
1596167642.1978178,66.60156726837158,0,0
1596167642.2078178,68.40092182159424,0,0
1596167642.2178178,70.20289421081543,0,0
1596167642.2278178,72.00130462646484,0,0
1596167642.2378178,73.80048751831055,0,0
1596167642.2478178,75.60082912445068,0,0
1596167642.2578177,77.40211486816406,0,0
1596167642.2678177,79.20202732086182,0,0
1596167642.2778177,81.00082397460938,0,0
1596167642.2878177,82.80163764953613,0,0
1596167642.2978177,84.60155010223389,0,0
1596167642.3078177,86.4030933380127,0,0
1596167642.3178177,88.20150375366211,0,0
1596167642.3278177,90.00115871429443,0,0
1596167642.3378177,91.80012702941895,0,0
1596167642.3478177,93.60287189483643,0,0
1596167642.3578176,95.40111064910889,0,0
1596167642.3678176,97.20140933990479,0,0
1596167642.3778176,99.00145053863525,0,0
1596167642.3878176,100.80149173736572,0,0
1596167642.3978176,102.600417137146,0,0
1596167642.4078176,104.40281867980957,0,0
1596167642.4178176,106.20298862457275,0,0
1596167642.4278176,108.00285816192627,0,0
1596167642.4378176,109.80324268341064,0,0
1596167642.4478176,111.60049438476562,0,0
1596167642.4578176,113.40075016021729,0,0
1596167642.4678175,115.20263671875,0,0
1596167642.4778175,117.0020341873169,0,0
1596167642.4878175,118.80070209503174,0,0
1596167642.4967668,120.41075706481934,0,0
1596167642.4967668,357.33849525827424,1.3162652121858605,0
1596167642.4978175,357.5282669104959,1.3162652121858605,0
1596167642.5078175,359.32895183938996,1.3162652121858605,0
1596167642.5115569,360,1.3162652121858605,1
1596167642.5115569,0,0,0
1596167642.5215569,1.8028736114501953,0,0
1596167642.5315568,3.6002111434936523,0,0
1596167642.5415568,5.400595664978027,0,0
1596167642.5515568,7.202267646789551,0,0
1596167642.5615568,9.00205135345459,0,0
1596167642.5715568,10.801920890808105,0,0
1596167642.5815568,12.602348327636719,0,0
1596167642.5915568,14.40084457397461,0,0
1596167642.6015568,16.201915740966797,0,0
1596167642.6115568,17.999982833862305,0,0
1596167642.6215568,19.801054000854492,0,0
1596167642.6315567,21.60208225250244,0,0
1596167642.6415567,23.40066432952881,0,0
1596167642.6515567,25.20164966583252,0,0
1596167642.6615567,27.000703811645508,0,0
1596167642.6715567,28.80336284637451,0,0
1596167642.6815567,30.60293197631836,0,0
1596167642.6915567,32.402586936950684,0,0
1596167642.7015567,34.20061111450195,0,0
1596167642.7115567,36.003098487854004,0,0
1596167642.7215567,37.80266761779785,0,0
1596167642.7315567,39.602065086364746,0,0
1596167642.7415566,41.40094757080078,0,0
1596167642.7515566,43.203349113464355,0,0
1596167642.7615566,45.00042915344238,0,0
1596167642.7715566,46.802616119384766,0,0
1596167642.7815566,48.60304355621338,0,0
1596167642.7915566,50.40196895599365,0,0
1596167642.8015566,52.20235347747803,0,0
1596167642.8115566,54.00187969207764,0,0
1596167642.8215566,55.8010196685791,0,0
1596167642.8315566,57.601962089538574,0,0
1596167642.8415565,59.40114498138428,0,0
1596167642.8515565,61.201186180114746,0,0
1596167642.8615565,63.00178527832031,0,0
1596167642.8715565,64.80208396911621,0,0
1596167642.8815565,66.60152435302734,0,0
1596167642.8915565,68.4005355834961,0,0
1596167642.9006333,70.03376483917236,0,0
1596167642.9006333,170.17906996652738,0.5563628062630834,0
1596167642.9015565,170.34755560800687,0.5563628062630834,0
1596167642.9115565,172.14566561624662,0.5563628062630834,0
1596167642.9215565,173.9452776615347,0.5563628062630834,0
1596167642.9315565,175.74810835764066,0.5563628062630834,0
1596167642.9415565,177.5455317203726,0.5563628062630834,0
1596167642.9515564,179.34690329477445,0.5563628062630834,0
1596167642.9615564,181.14767405435697,0.5563628062630834,0
1596167642.9715564,182.94792982980863,0.5563628062630834,0
1596167642.9815564,184.74814268991605,0.5563628062630834,0
1596167642.9915564,186.54741141245023,0.5563628062630834,0
1596167643.0015564,188.34826800272123,0.5563628062630834,0
1596167643.0115564,190.14672133371488,0.5563628062630834,0
1596167643.0215564,191.94736334726468,0.5563628062630834,0
1596167643.0315564,193.7465462391104,0.5563628062630834,0
1596167643.0415564,195.54727408334867,0.5563628062630834,0
1596167643.0515563,197.34825941965238,0.5563628062630834,0
1596167643.0615563,199.14851519510404,0.5563628062630834,0
1596167643.0715563,200.94628188058988,0.5563628062630834,0
1596167643.0815563,202.74653765604154,0.5563628062630834,0
1596167643.0915563,204.54773756906644,0.5563628062630834,0
1596167643.1015563,206.34795042917386,0.5563628062630834,0
1596167643.1115563,208.14816328928129,0.5563628062630834,0
1596167643.1215563,209.9458870594229,0.5563628062630834,0
1596167643.1315563,211.7466578190054,0.5563628062630834,0
1596167643.1415563,213.54854437753812,0.5563628062630834,0
1596167643.1515563,215.34596774027005,0.5563628062630834,0
1596167643.1615562,217.14523646280423,0.5563628062630834,0
1596167643.1715562,218.9485392276968,0.5563628062630834,0
1596167643.1815562,220.74729296610013,0.5563628062630834,0
1596167643.1915562,222.54630419656888,0.5563628062630834,0
1596167643.2015562,224.34789034769193,0.5563628062630834,0
1596167643.2115562,226.14767405435697,0.5563628062630834,0
1596167643.2215562,227.94754359171048,0.5563628062630834,0
1596167643.2315562,229.74535319254056,0.5563628062630834,0
1596167643.2415562,231.54762598917142,0.5563628062630834,0
1596167643.2515562,233.34831091806547,0.5563628062630834,0
1596167643.2615561,235.14732214853422,0.5563628062630834,0
1596167643.2715561,236.94852206155912,0.5563628062630834,0
1596167643.2815561,238.7459883396353,0.5563628062630834,0
1596167643.2915561,240.54757449075834,0.5563628062630834,0
1596167643.301556,242.34564158365384,0.5563628062630834,0
1596167643.311556,244.1463265125479,0.5563628062630834,0
1596167643.321556,245.94859930917875,0.5563628062630834,0
1596167643.331556,247.74722430154935,0.5563628062630834,0
1596167643.341556,249.5473513309683,0.5563628062630834,0
1596167643.351556,251.34739252969877,0.5563628062630834,0
1596167643.361556,253.14554545328275,0.5563628062630834,0
1596167643.371556,254.9469170276846,0.5563628062630834,0
1596167643.381556,256.74850317880765,0.5563628062630834,0
1596167643.391556,258.54545447275297,0.5563628062630834,0
1596167643.401556,260.34583899423734,0.5563628062630834,0
1596167643.411556,262.146995991918,0.5563628062630834,0
1596167643.421556,263.9451918308462,0.5563628062630834,0
1596167643.431556,265.7477221195425,0.5563628062630834,0
1596167643.441556,267.54784914896146,0.5563628062630834,0
1596167643.451556,269.3484053318228,0.5563628062630834,0
1596167643.461556,271.14844653055326,0.5563628062630834,0
1596167643.471556,272.9484877292837,0.5563628062630834,0
1596167643.481556,274.7485289280142,0.5563628062630834,0
1596167643.491556,276.5475830738272,0.5563628062630834,0
1596167643.501556,278.3485684101309,0.5563628062630834,0
1596167643.511556,280.14513346597806,0.5563628062630834,0
1596167643.521556,281.94667670175687,0.5563628062630834,0
1596167643.531556,283.7462458317007,0.5563628062630834,0
1596167643.541556,285.54735991403714,0.5563628062630834,0
1596167643.5515559,287.3460707370962,0.5563628062630834,0
1596167643.5615559,289.1466698353018,0.5563628062630834,0
1596167643.5715559,290.94692561075345,0.5563628062630834,0
1596167643.5815558,292.748425931188,0.5563628062630834,0
1596167643.5915558,294.54705092355863,0.5563628062630834,0
1596167643.6015558,296.34559008524076,0.5563628062630834,0
1596167643.6115558,298.14824911996976,0.5563628062630834,0
1596167643.6215558,299.9465737049307,0.5563628062630834,0
1596167643.6315558,301.7468723957266,0.5563628062630834,0
1596167643.6415558,303.54768607065336,0.5563628062630834,0
1596167643.6515558,305.34785601541654,0.5563628062630834,0
1596167643.6615558,307.1472963993277,0.5563628062630834,0
1596167643.6715558,308.9468226139273,0.5563628062630834,0
1596167643.6815557,310.7460484211172,0.5563628062630834,0
1596167643.6915557,312.54561755106107,0.5563628062630834,0
1596167643.7015557,314.34711787149564,0.5563628062630834,0
1596167643.7115557,316.14750239298,0.5563628062630834,0
1596167643.7215557,317.94771525308744,0.5563628062630834,0
1596167643.7315557,319.7457394306387,0.5563628062630834,0
1596167643.7415557,321.54530856058255,0.5563628062630834,0
1596167643.7515557,323.345349759313,0.5563628062630834,0
1596167643.7615557,325.1467642490591,0.5563628062630834,0
1596167643.7715557,326.9453463260855,0.5563628062630834,0
1596167643.7815557,328.7463316623892,0.5563628062630834,0
1596167643.7915556,330.54813239023343,0.5563628062630834,0
1596167643.8015556,332.34619948312894,0.5563628062630834,0
1596167643.8115556,334.1467985813345,0.5563628062630834,0
1596167643.8215556,335.94623896524564,0.5563628062630834,0
1596167643.8315556,337.74791094705716,0.5563628062630834,0
1596167643.8415556,339.5463213627066,0.5563628062630834,0
1596167643.8515556,341.34837958261625,0.5563628062630834,0
1596167643.8615556,343.148292035314,0.5563628062630834,0
1596167643.8715556,344.94695994302884,0.5563628062630834,0
1596167643.8815556,346.7470011417593,0.5563628062630834,0
1596167643.8915555,348.54845854684964,0.5563628062630834,0
1596167643.9015555,350.34575316354886,0.5563628062630834,0
1596167643.9115555,352.1476397220816,0.5563628062630834,0
1596167643.913269,352.4534973804678,0.5563628062630834,0
1596167643.913269,352.4534973804678,0.5563628062630834,0
1596167643.9215555,353.9456209842886,0.5563628062630834,0
1596167643.9315555,355.7455763523306,0.5563628062630834,0
1596167643.9415555,357.54716250345365,0.5563628062630834,0
1596167643.9515555,359.3472037021841,0.5563628062630834,0
1596167643.9552035,360,0.5563628062630834,1
1596167643.9552035,0,0,0
1596167643.9652035,1.7999982833862305,0,0
1596167643.9752035,3.6011123657226562,0,0
1596167643.9852035,5.403127670288086,0,0
1596167643.9952035,7.202911376953125,0,0
1596167644.0052035,9.000678062438965,0,0
1596167644.0152035,10.800590515136719,0,0
1596167644.0252035,12.599987983703613,0,0
1596167644.0352035,14.402389526367188,0,0
1596167644.0452034,16.200156211853027,0,0
1596167644.0552034,18.001270294189453,0,0
1596167644.0652034,19.800968170166016,0,0
1596167644.0752034,21.601009368896484,0,0
1596167644.0852034,23.401565551757812,0,0
1596167644.0952034,25.202035903930664,0,0
1596167644.1052034,27.001476287841797,0,0
1596167644.1152034,28.800573348999023,0,0
1596167644.1252034,30.60091495513916,0,0
1596167644.1352034,32.40318775177002,0,0
1596167644.1452034,34.20091152191162,0,0
1596167644.1552033,36.00086688995361,0,0
1596167644.1652033,37.800822257995605,0,0
1596167644.1752033,39.603352546691895,0,0
1596167644.1852033,41.403350830078125,0,0
1596167644.1952033,43.20193290710449,0,0
1596167644.2052033,45.00197410583496,0,0
1596167644.2152033,46.80094242095947,0,0
1596167644.2252033,48.60274314880371,0,0
1596167644.2352033,50.40321350097656,0,0
1596167644.2452033,52.20055103302002,0,0
1596167644.2552032,54.00286674499512,0,0
1596167644.2652032,55.80273628234863,0,0
1596167644.2752032,57.60088920593262,0,0
1596167644.2852032,59.40165996551514,0,0
1596167644.2952032,61.20333194732666,0,0
1596167644.3052032,63.00328731536865,0,0
1596167644.3152032,64.80281352996826,0,0
1596167644.3252032,66.60221099853516,0,0
1596167644.3352032,68.401780128479,0,0
1596167644.3452032,70.20066261291504,0,0
1596167644.3552032,72.0023775100708,0,0
1596167644.3652031,73.80250453948975,0,0
1596167644.3752031,75.60198783874512,0,0
1596167644.3852031,77.40001201629639,0,0
1596167644.395203,79.20232772827148,0,0
1596167644.405203,81.00292682647705,0,0
1596167644.415203,82.80056476593018,0,0
1596167644.425203,84.60026264190674,0,0
1596167644.435203,86.40330791473389,0,0
1596167644.445203,88.20017337799072,0,0
1596167644.455203,90.00068664550781,0,0
1596167644.465203,91.80089950561523,0,0
1596167644.475203,93.60257148742676,0,0
1596167644.485203,95.40046691894531,0,0
1596167644.495203,97.20025062561035,0,0
1596167644.505203,99.00132179260254,0,0
1596167644.515203,100.80089092254639,0,0
1596167644.525203,102.59994506835938,0,0
1596167644.535203,104.40290451049805,0,0
1596167644.545203,106.20234489440918,0,0
1596167644.555203,108.00096988677979,0,0
1596167644.565203,109.80156898498535,0,0
1596167644.575203,111.60195350646973,0,0
1596167644.585203,113.4005355834961,0,0
1596167644.595203,115.20237922668457,0,0
1596167644.605203,117.0018196105957,0,0
1596167644.615203,118.80297660827637,0,0
1596167644.625203,120.6013011932373,0,0
1596167644.635203,122.40005493164062,0,0
1596167644.6452029,124.2027997970581,0,0
1596167644.6552029,126.00056648254395,0,0
1596167644.6652029,127.80125141143799,0,0
1596167644.6752028,129.6016788482666,0,0
1596167644.6852028,131.40038967132568,0,0
1596167644.6952028,133.2024049758911,0,0
1596167644.7052028,135.00210285186768,0,0
1596167644.7152028,136.80162906646729,0,0
1596167644.7252028,138.6022710800171,0,0
1596167644.7352028,140.40278434753418,0,0
1596167644.7452028,142.20201015472412,0,0
1596167644.7552028,144.00170803070068,0,0
1596167644.7652028,145.80239295959473,0,0
1596167644.7752028,147.5999879837036,0,0
1596167644.7852027,149.40299034118652,0,0
1596167644.7952027,151.20277404785156,0,0
1596167644.8052027,153.00135612487793,0,0
1596167644.8152027,154.8026418685913,0,0
1596167644.8252027,156.59993648529053,0,0
1596167644.8352027,158.40002059936523,0,0
1596167644.8452027,160.20220756530762,0,0
1596167644.8552027,162.00263500213623,0,0
1596167644.8652027,163.80053043365479,0,0
1596167644.8752027,165.60237407684326,0,0
1596167644.8852026,167.40151405334473,0,0
1596167644.8952026,169.200439453125,0,0
1596167644.900891,170.22375583648682,0,0
1596167644.900891,170.22375583648682,0.0,0
1596167644.9052026,171.0001802444458,0.0,0
1596167644.9152026,172.80129432678223,0.0,0
1596167644.9252026,174.60185050964355,0.0,0
1596167644.9352026,176.40154838562012,0.0,0
1596167644.9452026,178.20279121398926,0.0,0
1596167644.9552026,180.00231742858887,0.0,0
1596167644.9652026,181.80274486541748,0.0,0
1596167644.9752026,183.60167026519775,0.0,0
1596167644.9852026,185.39990901947021,0.0,0
1596167644.9952025,187.20235347747803,0.0,0
1596167645.0052025,189.0012788772583,0.0,0
1596167645.0152025,190.8008050918579,0.0,0
1596167645.0252025,192.60273456573486,0.0,0
1596167645.0352025,194.40320491790771,0.0,0
1596167645.0452025,196.20195865631104,0.0,0
1596167645.0552025,198.00161361694336,0.0,0
1596167645.0652025,199.80268478393555,0.0,0
1596167645.0752025,201.59985065460205,0.0,0
1596167645.0852025,203.40276718139648,0.0,0
1596167645.0952024,205.20220756530762,0.0,0
1596167645.1052024,207.00061798095703,0.0,0
1596167645.1152024,208.8001012802124,0.0,0
1596167645.1252024,210.6003999710083,0.0,0
1596167645.1352024,212.40185737609863,0.0,0
1596167645.1452024,214.1998815536499,0.0,0
1596167645.1552024,216.00121021270752,0.0,0
1596167645.1652024,217.80035018920898,0.0,0
1596167645.1752024,219.60262298583984,0.0,0
1596167645.1852024,221.4008617401123,0.0,0
1596167645.1952024,223.19995880126953,0.0,0
1596167645.2052023,225.00094413757324,0.0,0
1596167645.2152023,226.80192947387695,0.0,0
1596167645.2252023,228.60029697418213,0.0,0
1596167645.2352023,230.4011106491089,0.0,0
1596167645.2452023,232.20012187957764,0.0,0
1596167645.2552023,234.0009355545044,0.0,0
1596167645.2652023,235.80041885375977,0.0,0
1596167645.2752023,237.60015964508057,0.0,0
1596167645.2852023,239.4023036956787,0.0,0
1596167645.2952023,241.20015621185303,0.0,0
1596167645.3052022,243.00066947937012,0.0,0
1596167645.3152022,244.8030710220337,0.0,0
1596167645.3252022,246.60100936889648,0.0,0
1596167645.3352022,248.4023380279541,0.0,0
1596167645.3452022,250.2011775970459,0.0,0
1596167645.3552022,252.0012617111206,0.0,0
1596167645.3652022,253.80276203155518,0.0,0
1596167645.3752022,255.60194492340088,0.0,0
1596167645.3852022,257.4005699157715,0.0,0
1596167645.3952022,259.2020273208618,0.0,0
1596167645.4052022,261.00133895874023,0.0,0
1596167645.4152021,262.80052185058594,0.0,0
1596167645.4252021,264.602108001709,0.0,0
1596167645.4352021,266.40103340148926,0.0,0
1596167645.445202,268.2007312774658,0.0,0
1596167645.455202,270.0013732910156,0.0,0
1596167645.465202,271.8025302886963,0.0,0
1596167645.475202,273.602614402771,0.0,0
1596167645.485202,275.4022693634033,0.0,0
1596167645.495202,277.2029972076416,0.0,0
1596167645.505202,279.0027379989624,0.0,0
1596167645.515202,280.8009338378906,0.0,0
1596167645.525202,282.6014471054077,0.0,0
1596167645.535202,284.4016170501709,0.0,0
1596167645.545202,286.2023448944092,0.0,0
1596167645.555202,288.0015707015991,0.0,0
1596167645.565202,289.7998523712158,0.0,0
1596167645.575202,291.601824760437,0.0,0
1596167645.585202,293.4009647369385,0.0,0
1596167645.595202,295.20010471343994,0.0,0
1596167645.605202,297.0030641555786,0.0,0
1596167645.615202,298.80035877227783,0.0,0
1596167645.625202,300.60301780700684,0.0,0
1596167645.6322596,301.8700933456421,0.0,0
1596167645.6322596,301.8700933456421,0.0,0
1596167645.635202,302.4023723602295,0.0,0
1596167645.6398723,303.2403802871704,0.0,0
1596167645.6398723,303.2403802871704,0.0,0
1596167645.645202,304.20013904571533,0.0,0
1596167645.655202,306.0000944137573,0.0,0
1596167645.665202,307.80086517333984,0.0,0
1596167645.675202,309.59970474243164,0.0,0
1596167645.685202,311.4017629623413,0.0,0
1596167645.6952019,313.2012891769409,0.0,0
1596167645.7052019,315.00128746032715,0.0,0
1596167645.7152019,316.800856590271,0.0,0
1596167645.7252018,318.60111236572266,0.0,0
1596167645.7352018,320.4022264480591,0.0,0
1596167645.7452018,322.2020959854126,0.0,0
1596167645.7552018,324.0016222000122,0.0,0
1596167645.7652018,325.79981803894043,0.0,0
1596167645.7752018,327.6012325286865,0.0,0
1596167645.7852018,329.4018316268921,0.0,0
1596167645.7952018,331.2026023864746,0.0,0
1596167645.8052018,332.9999828338623,0.0,0
1596167645.8152018,334.7998094558716,0.0,0
1596167645.8252017,336.60152435302734,0.0,0
1596167645.8352017,338.402681350708,0.0,0
1596167645.8452017,340.2030658721924,0.0,0
1596167645.8552017,342.00074672698975,0.0,0
1596167645.8652017,343.80216121673584,0.0,0
1596167645.8752017,345.6008720397949,0.0,0
1596167645.8852017,347.40185737609863,0.0,0
1596167645.8952017,349.2018985748291,0.0,0
1596167645.9052017,351.0022830963135,0.0,0
1596167645.9152017,352.8027105331421,0.0,0
1596167645.9252017,354.60039138793945,0.0,0
1596167645.9352016,356.39966011047363,0.0,0
1596167645.9452016,358.19965839385986,0.0,0
1596167645.9552078,360,0.0,1
1596167645.9552078,0,0,0
1596167645.9652078,1.8002986907958984,0,0
1596167645.9752078,3.6005544662475586,0,0
1596167645.9852078,5.403299331665039,0,0
1596167645.9952078,7.200636863708496,0,0
1596167646.0052078,9.002008438110352,0,0
1596167646.0152078,10.802907943725586,0,0
1596167646.0252078,12.600417137145996,0,0
1596167646.0352077,14.401402473449707,0,0
1596167646.0452077,16.203160285949707,0,0
1596167646.0552077,18.00182819366455,0,0
1596167646.0652077,19.803156852722168,0,0
1596167646.0752077,21.60336971282959,0,0
1596167646.0852077,23.40263843536377,0,0
1596167646.0952077,25.200233459472656,0,0
1596167646.1052077,27.000060081481934,0,0
1596167646.1152077,28.800358772277832,0,0
1596167646.1252077,30.60318946838379,0,0
1596167646.1352077,32.400569915771484,0,0
1596167646.1452076,34.2009973526001,0,0
1596167646.1552076,36.00151062011719,0,0
1596167646.1652076,37.80112266540527,0,0
1596167646.1752076,39.60189342498779,0,0
1596167646.1852076,41.40167713165283,0,0
1596167646.1952076,43.20000171661377,0,0
1596167646.2052076,45.00227451324463,0,0
1596167646.2152076,46.79995536804199,0,0
1596167646.2252076,48.60119819641113,0,0
1596167646.2352076,50.402870178222656,0,0
1596167646.2452075,52.20110893249512,0,0
1596167646.2552075,54.000678062438965,0,0
1596167646.2652075,55.803165435791016,0,0
1596167646.2752075,57.600417137145996,0,0
1596167646.2852075,59.400458335876465,0,0
1596167646.2952075,61.20127201080322,0,0
1596167646.3052075,63.001999855041504,0,0
1596167646.3152075,64.80131149291992,0,0
1596167646.3252075,66.60096645355225,0,0
1596167646.3352075,68.40216636657715,0,0
1596167646.3452075,70.20195007324219,0,0
1596167646.3552074,72.00267791748047,0,0
1596167646.3652074,73.80314826965332,0,0
1596167646.3752074,75.60009956359863,0,0
1596167646.3852074,77.40138530731201,0,0
1596167646.3952074,79.20095443725586,0,0
1596167646.4052074,81.00078105926514,0,0
1596167646.4152074,82.8004789352417,0,0
1596167646.4252074,84.60064888000488,0,0
1596167646.4352074,86.40013217926025,0,0
1596167646.4452074,88.2022762298584,0,0
1596167646.4552073,90.00042915344238,0,0
1596167646.4652073,91.79999828338623,0,0
1596167646.4752073,93.60227108001709,0,0
1596167646.4852073,95.40042400360107,0,0
1596167646.4952073,97.20123767852783,0,0
1596167646.5052073,99.00012016296387,0,0
1596167646.5152073,100.80140590667725,0,0
1596167646.5252073,102.60028839111328,0,0
1596167646.5352073,104.40062999725342,0,0
1596167646.5452073,106.20002746582031,0,0
1596167646.5552073,108.0001974105835,0,0
1596167646.5652072,109.80328559875488,0,0
1596167646.5752072,111.60212516784668,0,0
1596167646.5852072,113.40246677398682,0,0
1596167646.5952072,115.20164966583252,0,0
1596167646.6052072,117.00280666351318,0,0
1596167646.6152072,118.80168914794922,0,0
1596167646.6252072,120.60138702392578,0,0
1596167646.6352072,122.40314483642578,0,0
1596167646.6452072,124.2024564743042,0,0
1596167646.6552072,126.00086688995361,0,0
1596167646.6652071,127.79987812042236,0,0
1596167646.6752071,129.60270881652832,0,0
1596167646.6852071,131.4027500152588,0,0
1596167646.695207,133.2010316848755,0,0
1596167646.705207,135.00163078308105,0,0
1596167646.715207,136.79991245269775,0,0
1596167646.725207,138.59986782073975,0,0
1596167646.735207,140.40261268615723,0,0
1596167646.745207,142.20046520233154,0,0
1596167646.755207,144.0005922317505,0,0
1596167646.765207,145.80059051513672,0,0
1596167646.775207,147.60071754455566,0,0
1596167646.785207,149.40020084381104,0,0
1596167646.795207,151.20007038116455,0,0
1596167646.805207,153.0024290084839,0,0
1596167646.815207,154.8007106781006,0,0
1596167646.825207,156.60105228424072,0,0
1596167646.835207,158.40036392211914,0,0
1596167646.845207,160.20160675048828,0,0
1596167646.855207,162.00100421905518,0,0
1596167646.865207,163.80297660827637,0,0
1596167646.875207,165.60009956359863,0,0
1596167646.885207,167.4006986618042,0,0
1596167646.895207,169.2030143737793,0,0
1596167646.905207,171.0027551651001,0,0
1596167646.915207,172.80301094055176,0,0
1596167646.925207,174.60193634033203,0,0
1596167646.935207,176.40249252319336,0,0
1596167646.9452069,178.19995880126953,0,0
1596167646.9552069,180.00038623809814,0,0
1596167646.9652069,181.80145740509033,0,0
1596167646.9752069,183.6013698577881,0,0
1596167646.9852068,185.4031276702881,0,0
1596167646.9952068,187.20016479492188,0,0
1596167647.0052068,189.00136470794678,0,0
1596167647.0152068,190.80307960510254,0,0
1596167647.0252068,192.60136127471924,0,0
1596167647.0352068,194.3998146057129,0,0
1596167647.0452068,196.2006711959839,0,0
1596167647.0552068,198.00191402435303,0,0
1596167647.0652068,199.8013973236084,0,0
1596167647.0752068,201.60208225250244,0,0
1596167647.0852067,203.40057849884033,0,0
1596167647.0952067,205.19997596740723,0,0
1596167647.1052067,207.0012617111206,0,0
1596167647.1152067,208.80138874053955,0,0
1596167647.1252067,210.60087203979492,0,0
1596167647.1352067,212.40301609039307,0,0
1596167647.1399744,213.2579755783081,0,0
1596167647.1399744,213.2579755783081,0.0,0
1596167647.1452067,214.2012119293213,0.0,0
1596167647.1551032,215.98116874694824,0.0,0
1596167647.1551032,215.98116874694824,0.0,0
1596167647.1552067,216.0120677947998,0.0,0
1596167647.1652067,217.80223846435547,0.0,0
1596167647.1752067,219.60163593292236,0.0,0
1596167647.1852067,221.40244960784912,0.0,0
1596167647.1952066,223.20287704467773,0.0,0
1596167647.2052066,225.0025749206543,0.0,0
1596167647.2152066,226.80012702941895,0.0,0
1596167647.2252066,228.6031723022461,0.0,0
1596167647.2352066,230.40239810943604,0.0,0
1596167647.2452066,232.20110893249512,0.0,0
1596167647.2552066,234.00290966033936,0.0,0
1596167647.2652066,235.80196380615234,0.0,0
1596167647.2752066,237.60282039642334,0.0,0
1596167647.2852066,239.40268993377686,0.0,0
1596167647.2952065,241.2007999420166,0.0,0
1596167647.3052065,243.00092697143555,0.0,0
1596167647.3152065,244.8017406463623,0.0,0
1596167647.3252065,246.60311222076416,0.0,0
1596167647.3352065,248.40105056762695,0.0,0
1596167647.3452065,250.2031946182251,0.0,0
1596167647.3552065,252.00143337249756,0.0,0
1596167647.3652065,253.8010025024414,0.0,0
1596167647.3752065,255.60280323028564,0.0,0
1596167647.3852065,257.4019432067871,0.0,0
1596167647.3952065,259.20159816741943,0.0,0
1596167647.4052064,261.0002660751343,0.0,0
1596167647.4152064,262.8011226654053,0.0,0
1596167647.4252064,264.600133895874,0.0,0
1596167647.4352064,266.3997459411621,0.0,0
1596167647.4452064,268.2020616531372,0.0,0
1596167647.4552064,270.0018882751465,0.0,0
1596167647.4652064,271.80145740509033,0.0,0
1596167647.4752064,273.6019706726074,0.0,0
1596167647.4852064,275.400767326355,0.0,0
1596167647.4952064,277.20226764678955,0.0,0
1596167647.5052063,279.00007724761963,0.0,0
1596167647.5152063,280.80106258392334,0.0,0
1596167647.5252063,282.60071754455566,0.0,0
1596167647.5352063,284.4017457962036,0.0,0
1596167647.5452063,286.2014865875244,0.0,0
1596167647.5552063,288.00169944763184,0.0,0
1596167647.5652063,289.8024272918701,0.0,0
1596167647.5752063,291.60109519958496,0.0,0
1596167647.5852063,293.40036392211914,0.0,0
1596167647.5952063,295.20203590393066,0.0,0
1596167647.6052063,297.00109004974365,0.0,0
1596167647.6152062,298.8010883331299,0.0,0
1596167647.6252062,300.6017732620239,0.0,0
1596167647.6352062,302.4023723602295,0.0,0
1596167647.6452062,304.2012548446655,0.0,0
1596167647.6552062,306.0024118423462,0.0,0
1596167647.6652062,307.8029251098633,0.0,0
1596167647.6752062,309.59970474243164,0.0,0
1596167647.6852062,311.40296459198,0.0,0
1596167647.6952062,313.20086002349854,0.0,0
1596167647.7052062,315.00085830688477,0.0,0
1596167647.7152061,316.80124282836914,0.0,0
1596167647.7252061,318.6002540588379,0.0,0
1596167647.7352061,320.4009819030762,0.0,0
1596167647.745206,322.20170974731445,0.0,0
1596167647.755206,324.00042057037354,0.0,0
1596167647.765206,325.7996892929077,0.0,0
1596167647.775206,327.60114669799805,0.0,0
1596167647.785206,329.4000720977783,0.0,0
1596167647.795206,331.1997699737549,0.0,0
1596167647.805206,333.00272941589355,0.0,0
1596167647.815206,334.80058193206787,0.0,0
1596167647.825206,336.6016960144043,0.0,0
1596167647.835206,338.40195178985596,0.0,0
1596167647.845206,340.20259380340576,0.0,0
1596167647.855206,341.9998025894165,0.0,0
1596167647.865206,343.801646232605,0.0,0
1596167647.875206,345.60091495513916,0.0,0
1596167647.885206,347.4027156829834,0.0,0
1596167647.895206,349.200439453125,0.0,0
1596167647.905206,351.00159645080566,0.0,0
1596167647.915206,352.80065059661865,0.0,0
1596167647.925206,354.5997476577759,0.0,0
1596167647.935206,356.40202045440674,0.0,0
1596167647.945206,358.2019329071045,0.0,0
1596167647.9552138,360,0.0,1
1596167647.9552138,0,0,0
1596167647.9652138,1.8029165267944336,0,0
1596167647.9752138,3.601369857788086,0,0
1596167647.9852138,5.403342247009277,0,0
1596167647.9952137,7.202310562133789,0,0
1596167648.0052137,9.003252983093262,0,0
1596167648.0152137,10.802092552185059,0,0
1596167648.0252137,12.600030899047852,0,0
1596167648.0352137,14.403119087219238,0,0
1596167648.0452137,16.20234489440918,0,0
1596167648.0552137,18.001270294189453,0,0
1596167648.0652137,19.80113983154297,0,0
1596167648.0752137,21.60332679748535,0,0
1596167648.0852137,23.402981758117676,0,0
1596167648.0952137,25.20092010498047,0,0
1596167648.1052136,27.00018882751465,0,0
1596167648.1152136,28.80014419555664,0,0
1596167648.1252136,30.60245990753174,0,0
1596167648.1352136,32.40074157714844,0,0
1596167648.1452136,34.202027320861816,0,0
1596167648.1552136,36.00013732910156,0,0
1596167648.1652136,37.80022144317627,0,0
1596167648.1752136,39.60017681121826,0,0
1596167648.1852136,41.40305042266846,0,0
1596167648.1952136,43.20047378540039,0,0
1596167648.2052135,45.00004291534424,0,0
1596167648.2152135,46.800384521484375,0,0
1596167648.2252135,48.60321521759033,0,0
1596167648.2352135,50.401153564453125,0,0
1596167648.2452135,52.20256805419922,0,0
1596167648.2552135,54.000892639160156,0,0
1596167648.2652135,55.802950859069824,0,0
1596167648.2752135,57.60011672973633,0,0
1596167648.2852135,59.40002918243408,0,0
1596167648.2952135,61.20058536529541,0,0
1596167648.3052135,63.00127029418945,0,0
1596167648.3152134,64.80062484741211,0,0
1596167648.3252134,66.60053730010986,0,0
1596167648.3352134,68.40190887451172,0,0
1596167648.3452134,70.20182132720947,0,0
1596167648.3552134,72.00100421905518,0,0
1596167648.3652134,73.80336284637451,0,0
1596167648.3752134,75.60314655303955,0,0
1596167648.3852134,77.40198612213135,0,0
1596167648.3952134,79.20082569122314,0,0
1596167648.4052134,80.99992275238037,0,0
1596167648.4152133,82.80129432678223,0,0
1596167648.4252133,84.60090637207031,0,0
1596167648.4352133,86.40129089355469,0,0
1596167648.4452133,88.20124626159668,0,0
1596167648.4552133,90.00308990478516,0,0
1596167648.4652133,91.80068492889404,0,0
1596167648.4752133,93.60218524932861,0,0
1596167648.4852133,95.40312767028809,0,0
1596167648.4952133,97.20192432403564,0,0
1596167648.5052133,99.0023946762085,0,0
1596167648.5152133,100.8015775680542,0,0
1596167648.5252132,102.60127544403076,0,0
1596167648.5352132,104.40226078033447,0,0
1596167648.5452132,106.2017011642456,0,0
1596167648.5552132,108.00139904022217,0,0
1596167648.5652132,109.80191230773926,0,0
1596167648.5752132,111.60186767578125,0,0
1596167648.5852132,113.40126514434814,0,0
1596167648.5952132,115.20220756530762,0,0
1596167648.6052132,117.00061798095703,0,0
1596167648.6152132,118.80319118499756,0,0
1596167648.6252131,120.60271739959717,0,0
1596167648.6352131,122.40147113800049,0,0
1596167648.6452131,124.20039653778076,0,0
1596167648.655213,126.0007381439209,0,0
1596167648.665213,127.80288219451904,0,0
1596167648.675213,129.60039138793945,0,0
1596167648.685213,131.40038967132568,0,0
1596167648.695213,133.20073127746582,0,0
1596167648.705213,135.00244617462158,0,0
1596167648.715213,136.80055618286133,0,0
1596167648.725213,138.60209941864014,0,0
1596167648.735213,140.4014539718628,0,0
1596167648.745213,142.20273971557617,0,0
1596167648.755213,144.00084972381592,0,0
1596167648.765213,145.80020427703857,0,0
1596167648.775213,147.60033130645752,0,0
1596167648.785213,149.40041542053223,0,0
1596167648.795213,151.20307445526123,0,0
1596167648.805213,153.00084114074707,0,0
1596167648.815213,154.8026418685913,0,0
1596167648.825213,156.60208225250244,0,0
1596167648.835213,158.40040683746338,0,0
1596167648.845213,160.20036220550537,0,0
1596167648.855213,162.00006008148193,0,0
1596167648.865213,163.8015604019165,0,0
1596167648.875213,165.59997081756592,0,0
1596167648.885213,167.40254402160645,0,0
1596167648.895213,169.19992446899414,0,0
1596167648.9052129,171.00228309631348,0,0
1596167648.9152129,172.80223846435547,0,0
1596167648.9252129,174.6000051498413,0,0
1596167648.9352129,176.4021921157837,0,0
1596167648.9452128,178.20090293884277,0,0
1596167648.9552128,180.00158786773682,0,0
1596167648.9652128,181.80150032043457,0,0
1596167648.9752128,183.60167026519775,0,0
1596167648.9852128,185.40261268615723,0,0
1596167648.9952128,187.20080852508545,0,0
1596167649.0052128,189.00029182434082,0,0
1596167649.0152128,190.80153465270996,0,0
1596167649.0252128,192.59981632232666,0,0
1596167649.0352128,194.39985752105713,0,0
1596167649.0452127,196.20251655578613,0,0
1596167649.0552127,198.00204277038574,0,0
1596167649.0652127,199.80165481567383,0,0
1596167649.0752127,201.60161018371582,0,0
1596167649.0852127,203.4030246734619,0,0
1596167649.0952127,205.20092010498047,0,0
1596167649.1052127,207.002592086792,0,0
1596167649.1152127,208.8024616241455,0,0
1596167649.1252127,210.60052871704102,0,0
1596167649.1352127,212.40018367767334,0,0
1596167649.1402073,213.29883098602295,0,0
1596167649.1402073,213.29883098602295,0.0,0
1596167649.1452127,214.200439453125,0.0,0
1596167649.1552126,216.00176811218262,0.0,0
1596167649.1553235,216.01974964141846,0.0,0
1596167649.1553235,216.01974964141846,0.0,0
1596167649.1652126,217.80112266540527,0.0,0
1596167649.1752126,219.60305213928223,0.0,0
1596167649.1852126,221.39987468719482,0.0,0
1596167649.1952126,223.20167541503906,0.0,0
1596167649.2052126,225.00163078308105,0.0,0
1596167649.2152126,226.80016994476318,0.0,0
1596167649.2252126,228.59991073608398,0.0,0
1596167649.2352126,230.40020942687988,0.0,0
1596167649.2452126,232.20055103302002,0.0,0
1596167649.2552125,234.00033473968506,0.0,0
1596167649.2652125,235.8001184463501,0.0,0
1596167649.2752125,237.6005458831787,0.0,0
1596167649.2852125,239.4010591506958,0.0,0
1596167649.2952125,241.2010145187378,0.0,0
1596167649.3052125,243.0025577545166,0.0,0
1596167649.3152125,244.80289936065674,0.0,0
1596167649.3252125,246.60221099853516,0.0,0
1596167649.3352125,248.4003210067749,0.0,0
1596167649.3452125,250.20126342773438,0.0,0
1596167649.3552125,252.00061798095703,0.0,0
1596167649.3652124,253.80001544952393,0.0,0
1596167649.3752124,255.6013011932373,0.0,0
1596167649.3852124,257.4029302597046,0.0,0
1596167649.3952124,259.201340675354,0.0,0
1596167649.4052124,261.00069522857666,0.0,0
1596167649.4152124,262.80017852783203,0.0,0
1596167649.4252124,264.6013355255127,0.0,0
1596167649.4352124,266.40103340148926,0.0,0
1596167649.4452124,268.2027053833008,0.0,0
1596167649.4552124,270.00128746032715,0.0,0
1596167649.4652123,271.8006420135498,0.0,0
1596167649.4752123,273.60257148742676,0.0,0
1596167649.4852123,275.4024410247803,0.0,0
1596167649.4952123,277.2001647949219,0.0,0
1596167649.5052123,279.0011930465698,0.0,0
1596167649.5152123,280.8028221130371,0.0,0
1596167649.5252123,282.60114669799805,0.0,0
1596167649.5352123,284.400372505188,0.0,0
1596167649.5452123,286.2007999420166,0.0,0
1596167649.5552123,288.00139904022217,0.0,0
1596167649.5652122,289.80281352996826,0.0,0
1596167649.5752122,291.6010093688965,0.0,0
1596167649.5852122,293.40087890625,0.0,0
1596167649.5952122,295.2019500732422,0.0,0
1596167649.6052122,296.999716758728,0.0,0
1596167649.6152122,298.802547454834,0.0,0
1596167649.6252122,300.60293197631836,0.0,0
1596167649.6352122,302.40018367767334,0.0,0
1596167649.6452122,304.20271396636963,0.0,0
1596167649.6552122,306.00224018096924,0.0,0
1596167649.6652122,307.80052185058594,0.0,0
1596167649.6752121,309.60004806518555,0.0,0
1596167649.6852121,311.40081882476807,0.0,0
1596167649.6952121,313.1999158859253,0.0,0
1596167649.705212,315.0018882751465,0.0,0
1596167649.715212,316.802659034729,0.0,0
1596167649.725212,318.6020565032959,0.0,0
1596167649.735212,320.40299892425537,0.0,0
1596167649.745212,322.20115184783936,0.0,0
1596167649.755212,324.00303840637207,0.0,0
1596167649.765212,325.8023929595947,0.0,0
1596167649.775212,327.59981632232666,0.0,0
1596167649.785212,329.4008445739746,0.0,0
1596167649.795212,331.2023448944092,0.0,0
1596167649.805212,333.0026435852051,0.0,0
1596167649.815212,334.80010986328125,0.0,0
1596167649.825212,336.6025114059448,0.0,0
1596167649.835212,338.39980602264404,0.0,0
1596167649.845212,340.2000617980957,0.0,0
1596167649.855212,341.999716758728,0.0,0
1596167649.865212,343.8024616241455,0.0,0
1596167649.875212,345.60211658477783,0.0,0
1596167649.885212,347.40108489990234,0.0,0
1596167649.895212,349.19970989227295,0.0,0
1596167649.905212,351.00215435028076,0.0,0
1596167649.915212,352.8001356124878,0.0,0
1596167649.925212,354.6021509170532,0.0,0
1596167649.935212,356.40056133270264,0.0,0
1596167649.945212,358.202919960022,0.0,0
1596167649.9552228,360,0.0,1
1596167649.9552228,0,0,0
1596167649.9652228,1.8027448654174805,0,0
1596167649.9752228,3.6012840270996094,0,0
1596167649.9852228,5.401582717895508,0,0
1596167649.9952228,7.20179557800293,0,0
1596167650.0052228,9.002909660339355,0,0
1596167650.0152228,10.803251266479492,0,0
1596167650.0252228,12.601318359375,0,0
1596167650.0352228,14.40131664276123,0,0
1596167650.0452228,16.20011329650879,0,0
1596167650.0552227,18.00105571746826,0,0
1596167650.0652227,19.80281352996826,0,0
1596167650.0752227,21.602253913879395,0,0
1596167650.0852227,23.40165138244629,0,0
1596167650.0952227,25.200576782226562,0,0
1596167650.1052227,27.000317573547363,0,0
1596167650.1152227,28.801217079162598,0,0
1596167650.1252227,30.60138702392578,0,0
1596167650.1352227,32.40297317504883,0,0
1596167650.1452227,34.2009973526001,0,0
1596167650.1552227,36.003313064575195,0,0
1596167650.1652226,37.802581787109375,0,0
1596167650.1752226,39.60193634033203,0,0
1596167650.1852226,41.3999605178833,0,0
1596167650.1952226,43.20094585418701,0,0
1596167650.2052226,45.00248908996582,0,0
1596167650.2152226,46.803345680236816,0,0
1596167650.2252226,48.60175609588623,0,0
1596167650.2352226,50.40020942687988,0,0
1596167650.2452226,52.20282554626465,0,0
1596167650.2552226,54.001708030700684,0,0
1596167650.2652225,55.80089092254639,0,0
1596167650.2752225,57.600417137145996,0,0
1596167650.2852225,59.40226078033447,0,0
1596167650.2952225,61.201701164245605,0,0
1596167650.3052225,63.00182819366455,0,0
1596167650.3152225,64.80032444000244,0,0
1596167650.3252225,66.60070896148682,0,0
1596167650.3352225,68.40006351470947,0,0
1596167650.3452225,70.19993305206299,0,0
1596167650.3552225,72.00229167938232,0,0
1596167650.3652225,73.8021183013916,0,0
1596167650.3752224,75.60134410858154,0,0
1596167650.3852224,77.40112781524658,0,0
1596167650.3952224,79.20001029968262,0,0
1596167650.4052224,81.00228309631348,0,0
1596167650.4152224,82.80236721038818,0,0
1596167650.4252224,84.60039138793945,0,0
1596167650.4352224,86.40279293060303,0,0
1596167650.4452224,88.20163249969482,0,0
1596167650.4552224,90.00154495239258,0,0
1596167650.4652224,91.80313110351562,0,0
1596167650.4752223,93.60072612762451,0,0
1596167650.4852223,95.40003776550293,0,0
1596167650.4952223,97.20128059387207,0,0
1596167650.5052223,99.0007209777832,0,0
1596167650.5152223,100.80003261566162,0,0
1596167650.5252223,102.60071754455566,0,0
1596167650.5352223,104.40256118774414,0,0
1596167650.5452223,106.20062828063965,0,0
1596167650.5552223,108.00049781799316,0,0
1596167650.5652223,109.80268478393555,0,0
1596167650.5752223,111.6014814376831,0,0
1596167650.5852222,113.40173721313477,0,0
1596167650.5952222,115.20160675048828,0,0
1596167650.6052222,117.0009183883667,0,0
1596167650.6152222,118.80228996276855,0,0
1596167650.6252222,120.60254573822021,0,0
1596167650.6352222,122.4021577835083,0,0
1596167650.6452222,124.20146942138672,0,0
1596167650.6552222,126.0007381439209,0,0
1596167650.6652222,127.80163764953613,0,0
1596167650.6752222,129.6015501022339,0,0
1596167650.6852221,131.40257835388184,0,0
1596167650.6952221,133.20167541503906,0,0
1596167650.7052221,135.0003433227539,0,0
1596167650.7152221,136.799955368042,0,0
1596167650.725222,138.60222816467285,0,0
1596167650.735222,140.4032564163208,0,0
1596167650.745222,142.20136642456055,0,0
1596167650.755222,144.00054931640625,0,0
1596167650.765222,145.80320835113525,0,0
1596167650.775222,147.6020050048828,0,0
1596167650.785222,149.402174949646,0,0
1596167650.795222,151.20195865631104,0,0
1596167650.805222,153.00028324127197,0,0
1596167650.815222,154.80199813842773,0,0
1596167650.825222,156.60186767578125,0,0
1596167650.835222,158.40130805969238,0,0
1596167650.845222,160.19989013671875,0,0
1596167650.855222,162.0010471343994,0,0
1596167650.865222,163.8028049468994,0,0
1596167650.875222,165.60198783874512,0,0
1596167650.885222,167.40009784698486,0,0
1596167650.895222,169.20327186584473,0,0
1596167650.905222,171.00125312805176,0,0
1596167650.915222,172.8010368347168,0,0
1596167650.925222,174.59991931915283,0,0
1596167650.935222,176.40262126922607,0,0
1596167650.945222,178.20184707641602,0,0
1596167650.955222,180.0,0,0
1596167650.965222,181.80115699768066,0,0
1596167650.9752219,183.60278606414795,0,0
1596167650.9852219,185.39990901947021,0,0
1596167650.9952219,187.20102310180664,0,0
1596167651.0052218,188.9998197555542,0,0
1596167651.0152218,190.8024787902832,0,0
1596167651.0252218,192.60067462921143,0,0
1596167651.0352218,194.401273727417,0,0
1596167651.0452218,196.20234489440918,0,0
1596167651.0552218,198.0010986328125,0,0
1596167651.0652218,199.80247020721436,0,0
1596167651.0752218,201.6029405593872,0,0
1596167651.0852218,203.40203762054443,0,0
1596167651.0952218,205.20310878753662,0,0
1596167651.1052217,207.00117588043213,0,0
1596167651.1152217,208.80263328552246,0,0
1596167651.1252217,210.60301780700684,0,0
1596167651.1352217,212.40112781524658,0,0
1596167651.1391728,213.110990524292,0,0
1596167651.1391728,213.110990524292,0.0,0
1596167651.1452217,214.20069694519043,0.0,0
1596167651.1552217,216.0027551651001,0.0,0
1596167651.155547,216.05833053588867,0.0,0
1596167651.155547,216.05833053588867,0.0,0
1596167651.1652217,217.80301094055176,0.0,0
1596167651.1752217,219.6009922027588,0.0,0
1596167651.1852217,221.40056133270264,0.0,0
1596167651.1952217,223.20043087005615,0.0,0
1596167651.2052217,225.00085830688477,0.0,0
1596167651.2152216,226.8032169342041,0.0,0
1596167651.2252216,228.60244274139404,0.0,0
1596167651.2352216,230.4030418395996,0.0,0
1596167651.2452216,232.20235347747803,0.0,0
1596167651.2552216,234.00119304656982,0.0,0
1596167651.2652216,235.80252170562744,0.0,0
1596167651.2752216,237.6020908355713,0.0,0
1596167651.2852216,239.39998626708984,0.0,0
1596167651.2952216,241.20243072509766,0.0,0
1596167651.3052216,243.00298690795898,0.0,0
1596167651.3152215,244.80186939239502,0.0,0
1596167651.3252215,246.60130977630615,0.0,0
1596167651.3352215,248.40105056762695,0.0,0
1596167651.3452215,250.20199298858643,0.0,0
1596167651.3552215,252.0020341873169,0.0,0
1596167651.3652215,253.8021183013916,0.0,0
1596167651.3752215,255.5998420715332,0.0,0
1596167651.3852215,257.4007844924927,0.0,0
1596167651.3952215,259.2015552520752,0.0,0
1596167651.4052215,261.00202560424805,0.0,0
1596167651.4152215,262.8028392791748,0.0,0
1596167651.4252214,264.60060596466064,0.0,0
1596167651.4352214,266.40223503112793,0.0,0
1596167651.4452214,268.20055961608887,0.0,0
1596167651.4552214,270.0016736984253,0.0,0
1596167651.4652214,271.80034160614014,0.0,0
1596167651.4752214,273.60175609588623,0.0,0
1596167651.4852214,275.4024410247803,0.0,0
1596167651.4952214,277.1998643875122,0.0,0
1596167651.5052214,279.0022659301758,0.0,0
1596167651.5152214,280.8003759384155,0.0,0
1596167651.5252213,282.60080337524414,0.0,0
1596167651.5352213,284.4004154205322,0.0,0
1596167651.5452213,286.2014436721802,0.0,0
1596167651.5552213,288.00002574920654,0.0,0
1596167651.5652213,289.800066947937,0.0,0
1596167651.5752213,291.60096645355225,0.0,0
1596167651.5852213,293.401780128479,0.0,0
1596167651.5952213,295.20177841186523,0.0,0
1596167651.6052213,297.00117588043213,0.0,0
1596167651.6152213,298.8001012802124,0.0,0
1596167651.6252213,300.60267448425293,0.0,0
1596167651.6352212,302.40031242370605,0.0,0
1596167651.6452212,304.2023277282715,0.0,0
1596167651.6552212,306.00258350372314,0.0,0
1596167651.6652212,307.80198097229004,0.0,0
1596167651.6752212,309.6011209487915,0.0,0
1596167651.6852212,311.4028787612915,0.0,0
1596167651.6952212,313.2001733779907,0.0,0
1596167651.7052212,315.0013732910156,0.0,0
1596167651.7152212,316.8029594421387,0.0,0
1596167651.7252212,318.6012840270996,0.0,0
1596167651.7352211,320.4023551940918,0.0,0
1596167651.7452211,322.20037937164307,0.0,0
1596167651.7552211,324.0022659301758,0.0,0
1596167651.765221,325.80119132995605,0.0,0
1596167651.775221,327.6025629043579,0.0,0
1596167651.785221,329.4011449813843,0.0,0
1596167651.795221,331.2004566192627,0.0,0
1596167651.805221,333.0003261566162,0.0,0
1596167651.815221,334.8017406463623,0.0,0
1596167651.825221,336.6019535064697,0.0,0
1596167651.835221,338.4001064300537,0.0,0
1596167651.845221,340.20233631134033,0.0,0
1596167651.855221,342.0004463195801,0.0,0
1596167651.865221,343.800745010376,0.0,0
1596167651.875221,345.60009956359863,0.0,0
1596167651.885221,347.401385307312,0.0,0
1596167651.895221,349.1996669769287,0.0,0
1596167651.905221,351.0024118423462,0.0,0
1596167651.915221,352.80288219451904,0.0,0
1596167651.925221,354.60082054138184,0.0,0
1596167651.935221,356.4006042480469,0.0,0
1596167651.945221,358.19995880126953,0.0,0
1596167651.9552295,360,0.0,1
1596167651.9552295,0,0,0
1596167651.9652295,1.8005132675170898,0,0
1596167651.9752295,3.60076904296875,0,0
1596167651.9852295,5.403041839599609,0,0
1596167651.9952295,7.201709747314453,0,0
1596167652.0052295,9.001021385192871,0,0
1596167652.0152295,10.800762176513672,0,0
1596167652.0252295,12.60157585144043,0,0
1596167652.0352294,14.400286674499512,0,0
1596167652.0452294,16.200971603393555,0,0
1596167652.0552294,18.000497817993164,0,0
1596167652.0652294,19.802556037902832,0,0
1596167652.0752294,21.603198051452637,0,0
1596167652.0852294,23.40315341949463,0,0
1596167652.0952294,25.201478004455566,0,0
1596167652.1052294,27.003192901611328,0,0
1596167652.1152294,28.802247047424316,0,0
1596167652.1252294,30.600271224975586,0,0
1596167652.1352293,32.40001201629639,0,0
1596167652.1452293,34.201812744140625,0,0
1596167652.1552293,36.000823974609375,0,0
1596167652.1652293,37.80241012573242,0,0
1596167652.1752293,39.60197925567627,0,0
1596167652.1852293,41.402363777160645,0,0
1596167652.1952293,43.20103168487549,0,0
1596167652.2052293,45.00102996826172,0,0
1596167652.2152293,46.80051326751709,0,0
1596167652.2252293,48.6000394821167,0,0
1596167652.2352293,50.40175437927246,0,0
1596167652.2452292,52.203125953674316,0,0
1596167652.2552292,54.00157928466797,0,0
1596167652.2652292,55.80106258392334,0,0
1596167652.2752292,57.602906227111816,0,0
1596167652.2852292,59.40178871154785,0,0
1596167652.2952292,61.20054244995117,0,0
1596167652.3052292,63.00161361694336,0,0
1596167652.3152292,64.80006694793701,0,0
1596167652.3252292,66.60208225250244,0,0
1596167652.3352292,68.40152263641357,0,0
1596167652.3452291,70.20259380340576,0,0
1596167652.3552291,72.00134754180908,0,0
1596167652.3652291,73.80181789398193,0,0
1596167652.3752291,75.60091495513916,0,0
1596167652.385229,77.40031242370605,0,0
1596167652.395229,79.20121192932129,0,0
1596167652.405229,81.00335597991943,0,0
1596167652.415229,82.80086517333984,0,0
1596167652.425229,84.6007776260376,0,0
1596167652.435229,86.40313625335693,0,0
1596167652.445229,88.2011604309082,0,0
1596167652.455229,90.0029182434082,0,0
1596167652.465229,91.80137157440186,0,0
1596167652.475229,93.6031723022461,0,0
1596167652.485229,95.40287017822266,0,0
1596167652.495229,97.20312595367432,0,0
1596167652.505229,99.00153636932373,0,0
1596167652.515229,100.8015775680542,0,0
1596167652.525229,102.59998798370361,0,0
1596167652.535229,104.4007158279419,0,0
1596167652.545229,106.20071411132812,0,0
1596167652.555229,108.0014419555664,0,0
1596167652.565229,109.8017406463623,0,0
1596167652.575229,111.60130977630615,0,0
1596167652.585229,113.40062141418457,0,0
1596167652.595229,115.20057678222656,0,0
1596167652.605229,117.00096130371094,0,0
1596167652.615229,118.8026762008667,0,0
1596167652.625229,120.60254573822021,0,0
1596167652.6352289,122.40142822265625,0,0
1596167652.6452289,124.20267105102539,0,0
1596167652.6552289,126.00318431854248,0,0
1596167652.6652288,127.80004978179932,0,0
1596167652.6752288,129.60163593292236,0,0
1596167652.6852288,131.4001750946045,0,0
1596167652.6952288,133.20231914520264,0,0
1596167652.7052288,135.00085830688477,0,0
1596167652.7152288,136.80317401885986,0,0
1596167652.7252288,138.6023998260498,0,0
1596167652.7352288,140.4006814956665,0,0
1596167652.7452288,142.2028684616089,0,0
1596167652.7552288,144.00222301483154,0,0
1596167652.7652287,145.8017063140869,0,0
1596167652.7752287,147.6018762588501,0,0
1596167652.7852287,149.4032907485962,0,0
1596167652.7952287,151.20290279388428,0,0
1596167652.8052287,153.00101280212402,0,0
1596167652.8152287,154.8010540008545,0,0
1596167652.8252287,156.60272598266602,0,0
1596167652.8352287,158.40195178985596,0,0
1596167652.8452287,160.20276546478271,0,0
1596167652.8552287,162.0012617111206,0,0
1596167652.8652287,163.80108833312988,0,0
1596167652.8752286,165.59997081756592,0,0
1596167652.8852286,167.40318775177002,0,0
1596167652.8952286,169.2027997970581,0,0
1596167652.9052286,171.00318431854248,0,0
1596167652.9152286,172.8004789352417,0,0
1596167652.9252286,174.60064888000488,0,0
1596167652.9352286,176.4017629623413,0,0
1596167652.9452286,178.2022762298584,0,0
1596167652.9552286,180.00317573547363,0,0
1596167652.9652286,181.80218696594238,0,0
1596167652.9752285,183.6027431488037,0,0
1596167652.9852285,185.40196895599365,0,0
1596167652.9952285,187.2002935409546,0,0
